2557 4279
696 209 804 252 ET
888 207 1158 251 ACTA

5 314 51 336 nn.
65 301 106 333 D.
122 301 276 334 reillement
296 305 415 328 comme
436 294 551 327 Princes
572 296 604 327 δε
626 295 774 336 Seigneurs
795 296 962 335 Soveraigns
984 295 1032 326 des
1053 294 1126 325 Paiis
1139 294 1173 325 &

0 329 81 380 ⁸:604.
124 341 214 372 Estats
234 340 270 370 de
297 346 345 374 pai·
365 336 450 372 deca,
470 334 558 365 Nous
575 344 662 364 avons
685 343 787 365 trouve
810 336 950 365 convenir
979 334 1027 375 d’y
1049 341 1175 371 envoyer

4 382 63 420 Jac.
83 389 106 407 ι.
125 387 211 418 quant
226 379 259 409 &
272 376 290 394 *²
306 382 394 414 quant
408 382 470 403 noz
486 373 698 404 Ambaffadeurs
713 383 784 410 pour
801 374 1031 404 semblablement
1048 381 1177 404 entre-ie-

11 419 91 446 XVI.
125 420 169 449 nir
190 418 222 449 &
245 414 348 445 traitter
369 413 405 441 de
420 420 501 441 notre
515 411 580 442 Part
595 413 626 443 &
642 411 747 449 coste,
765 422 799 443 au
817 412 921 444 mesme
934 411 1019 443 effe&
1034 421 1050 441 a
1066 410 1106 441 fin
1120 419 1177 448 que

0 467 30 492 ⁹5
122 495 154 525 fit
168 495 200 525 ὅς
216 489 351 530 quietude
364 488 399 518 de
414 497 495 527 tous,

158 531 257 563 Savoir
277 528 386 566 faysons
401 537 470 564 que,
488 536 560 564 pour
575 526 599 557 la
613 527 712 558 bonne
725 527 909 566 cogniffance
925 527 1063 565 qu’avons
1075 526 1111 556 de
1123 534 1177 556 nos

121 569 270 601 Treschier
284 568 316 598 &
333 565 432 597 Feaulx
446 574 530 596 notre
542 565 583 596 dit
595 565 704 596 Coufin
723 565 748 594 le
760 569 855 595 Prince
869 570 954 595 conte
967 568 999 594 de
1014 565 1177 608 Arenberg,

121 607 271 639 Meffieurs
293 604 395 644 Johan
420 603 571 634 Richardot
590 603 733 634 Chivalier
751 607 877 640 seigneur
898 603 1038 647 de'Barly
1052 628 1069 648 ,ἡ
1089 602 1182 633 Chief
1204 639 1208 642 μ

121 646 265 677 President
288 645 323 675 de
346 653 428 674 noire
449 643 565 674 Conseil
579 642 677 679 Prive,
696 643 728 672 &
744 651 826 672 notre
842 642 1004 673 Conseillier
1019 641 1124 673 d'hstat
1141 643 1176 672 ὃ(

120 685 200 726 Loys
218 683 382 722 Verreyken
392 705 400 719 ,
416 681 483 712 aussi
499 681 642 717 Chivaliei·
653 688 736 710 notre
752 681 920 711 Audiencier
932 681 965 712 &
984 681 1110 712 Premier
1124 679 1176 710 Se—

119 724 253 761 61613116,
279 730 369 752 avons
395 721 487 752 iceulx
502 719 639 750 Commis
663 720 696 750 ὅτ
716 718 832 758 Depute
849 718 1054 750 Commettons
1072 719 1176 755 Depu-

121 772 185 794 tons
197 785 205 800 ,
224 771 273 800 par
293 770 340 792 ces
358 759 514 795 Presentes,
531 767 603 797 pour
618 756 694 795 fayre
705 756 741 787 de
754 765 837 788 notre
851 766 910 796 part
923 766 987 789 tout
1003 767 1037 789 ce
1053 767 1108 796 que
1122 757 1175 787 Be-

121 802 204 841 soing
224 802 282 832 sera
306 809 377 838 pour
393 796 543 829 1’estroiete
563 794 749 827 observacion
762 797 795 828 &
808 803 1034 827 entretenement
1047 797 1101 826 dez
1116 797 1175 826 An*

122 842 200 872 ciens
219 836 348 870 Traittez
366 837 402 869 de
421 835 489 866 Paix
509 836 543 867 δε
561 833 752 873 EntrecourS,
770 835 891 864 mesmes
906 834 1053 879 sibesoing
1069 834 1124 865 fust
1138 845 1174 864 eri

123 878 271 919 Capituler
288 877 325 908 de
342 873 518 912 nouveaulx,
536 874 569 903 &
595 872 742 904 Accorder
763 883 832 905 avec
858 872 884 903 le
902 873 945 904 dit
968 873 1104 911 Seigneur
1125 875 1176 902 Roi

121 910 338 955 d'Ang-leterra,
354 921 393 945 ou
415 912 456 943 ses
476 911 620 949 Deputes‚
639 920 701 943 tout
723 921 757 942 ce
778 922 834 949 que
849 913 978 951 pourroit
994 912 1064 942 estre
1078 921 1176 956 neces-

121 958 189 987 {aire
207 965 277 994 pour
291 954 316 984 la
330 951 472 983 meilleure
482 949 658 989 intelligence
672 951 703 982 &
719 951 927 981 confirmacion
942 950 1176 982 d'iceuleraic-

124 1005 166 1027 tes
199 1002 263 1025 tout
285 991 352 1022 ainfi
369 991 402 1022 &
425 999 462 1019 en
483 988 508 1019 13
534 988 640 1019 mesine
655 988 751 1020 forme
765 991 798 1021 &
813 990 936 1021 muniere
951 999 1069 1020 comme
1086 989 1177 1020 Nous

124 1018 243 1064 mesmes
267 1030 334 1060 faire
358 1028 506 1066 pourrions
521 1037 558 1058 en
579 1026 722 1058 Personne
743 1027 762 1058 si
778 1027 912 1068 presensy
927 1028 1047 1067 estions,
1068 1037 1083 1058 a
1096 1036 1174 1067 quoy

124 1072 214 1103 Nous
236 1070 273 1099 les
291 1066 463 1098 authorisons
481 1074 527 1104 par
545 1075 591 1096 ces
607 1066 677 1097 dites
698 1065 853 1104 Presemes,
876 1068 961 1105 jacoit
975 1077 1030 1105 que
1044 1067 1063 1097 il
1078 1075 1096 1105 y
1114 1066 1176 1096 eust

124 1109 222 1141 Chose
235 1107 282 1145 qui
297 1105 403 1144 requist
413 1104 603 1135 Mandement
616 1104 676 1142 plus
683 1105 792 1141 speciali
807 1115 881 1143 quen
895 1115 941 1135 ces
956 1106 1091 1143 presentes
1104 1104 1175 1135 n'est

123 1147 268 1186 exprime;
306 1144 344 1174 Et
364 1152 426 1175 tout
446 1153 480 1173 ce
497 1144 530 1174 &
545 1143 683 1174 chascune
700 1142 796 1174 Chose
808 1152 887 1181 apart
900 1144 980 1183 qu'ils
992 1152 1094 1174 auront
1110 1143 1177 1174 ainsi

123 1187 173 1217 fait
194 1183 325 1221 Capitule
346 1183 378 1214 ὃ(
400 1181 533 1213 Α660κ16
552 1192 568 1212 3
589 1181 693 1211 I’effeet
714 1191 769 1219 que
785 1182 844 1212 diet
858 1182 917 1219 est,
942 1182 1031 1212 Nous
1044 1182 1178 1212 Promet-

123 1234 210 1260 tons,
237 1232 272 1253 en
300 1221 362 1260 Foy
387 1221 418 1251 &
446 1221 545 1250 Parole
570 1219 605 1250 de
631 1220 747 1250 Princes
766 1220 932 1251 Souverains
948 1223 980 1252 &
999 1221 1080 1251 soubs
1096 1230 1178 1263 notre

121 1263 268 1293 Honneur
291 1261 324 1292 &
351 1258 524 1298 Obligacion
545 1258 581 1288 de
599 1267 662 1288 tous
686 1259 719 1289 &
739 1259 877 1298 finguliers
896 1268 956 1289 noz
975 1258 1055 1289 Biens
1070 1262 1179 1302 preietns

123 1302 157 1333 &
174 1300 288 1331 advenit
303 1321 312 1336 ,
336 1297 373 1328 de
391 1299 461 1328 tenir
479 1298 512 1329 ὃ(
529 1297 608 1326 avoir
626 1306 697 1334 pour
716 1298 840 1336 agreable
859 1308 872 1327 a
890 1298 1050 1336 tousiours‚
1067 1299 1125 1328 1303
1138 1307 1179 1335 Ja-

125 1341 195 1370 mais
211 1348 227 1376 y
243 1337 309 1368 aller
328 1346 362 1366 au
380 1336 520 1366 contraire
534 1335 723 1366 directement
741 1346 778 1365 ou
799 1337 1032 1375 indirechei‘nent²
1058 1335 1179 1366 mesmes

121 1378 341 1408 desmaintenant
357 1384 427 1411 pour
442 1374 498 1404 lors
512 1383 566 1410 que
581 1373 618 1404 les
626 1373 736 1404 Choses
752 1374 842 1405 distes
854 1374 947 1405 seront
961 1375 1038 1405 faites
1053 1384 1124 1404 nous
1141 1375 1179 1405 les

120 1418 224 1448 louons
247 1423 408 1454 approvons
425 1413 459 1443 &
483 1411 607 1442 ratifions
627 1421 675 1449 par
698 1423 744 1443 ces
769 1413 840 1443 dites
857 1413 1016 1451 Presentes,
1033 1424 1068 1443 en
1082 1413 1108 1456 13
1121 1412 1181 1450 plus

122 1455 217 1494 ample
238 1455 271 1485 &
297 1451 422 1490 specialle
445 1452 541 1481 forme
562 1460 616 1489 que
629 1452 704 1490 fayre
720 1451 746 1480 se
759 1451 926 1489 peult,p0ur
943 1452 967 1482 la
981 1452 1036 1482 due
1050 1453 1182 1483 observa-

123 1496 191 1526 cion
212 1498 437 1523 entretenement
460 1490 494 1520 ὃς
519 1489 674 1519 execucion
690 1489 724 1520 de
740 1498 801 1520 tout
818 1500 852 1521 ce
866 1491 931 1530 qu’y
944 1491 998 1521 sera
1013 1491 1063 1522 fait
1075 1491 1182 1521 conclu

124 1535 157 1565 &
171 1531 271 1564 arreste
283 1539 318 1560 en
332 1536 414 1560 vertu
427 1527 463 1558 de
474 1536 568 1567 cettuy
578 1535 660 1557 notre
673 1525 813 1558 Pouvoir.

160 1608 207 1639 En
225 1605 390 1641 Tesmoing
411 1603 446 1633 de
469 1613 503 1634 ce
524 1602 613 1634 Nous
627 1613 713 1634 avons
735 1604 814 1641 figne
840 1615 888 1636 ces
908 1604 979 1636 dites
999 1604 1135 1643 presentes
1149 1603 1184 1635 de

124 1657 182 1679 noz
198 1646 296 1678 Noms
310 1644 343 1674 &
358 1652 376 1682 y
391 1641 458 1672 13161
476 1650 576 1672 mettre
592 1652 673 1673 notre
688 1642 759 1673 Seel.

158 1724 268 1755 Donne
284 1730 320 1752 en
339 1725 423 1750 notre
441 1717 516 1749 Ville
533 1717 567 1747 de
589 1717 751 1758 Bruxelles,
769 1717 797 1751 16
817 1728 864 1749 12.
883 1719 950 1758 jour
966 1718 1095 1758 d'Auril,
1114 1718 1182 1750 l'An

122 1763 158 1795 de
174 1762 270 1794 Grace
288 1758 378 1797 1604·

265 1832 538 1877 Ainfifhubfcripts‚

453 1910 484 1942 Y
521 1910 757 1942 Annua-r
792 1911 825 1944 Y
862 1910 1079 1943 islani-21„

165 1989 270 2032 Etficr
287 1989 313 2021 Ie
330 1987 432 2030 R'ep'Ky‘,

329 2064 487 2110 *Pan
522 2071 621 2102 hirs,
654 2064 1082 2106 ARCHEDUCQUE.

163 2144 312 2185 Etfigm'
731 2181 761 2213 A
798 2191 856 2214 DE
894 2191 958 2215 LA
999 2182 1115 2216 L00.·

159 2259 199 2293 Et
223 2259 286 2291 sont
309 2258 353 2289 les
365 2257 457 2290 diffites
475 2256 585 2289 Lettres
603 2256 711 2290 seellees
727 2259 767 2290 du
786 2259 888 2291 Grand
907 2259 971 2292 Seel
988 2261 1024 2292 de
1041 2261 1115 2293 leurs
1133 2261 1186 2294 Al-

128 2308 226 2334 tezzes
241 2298 279 2330 de
295 2297 376 2340 Cyre
395 2297 537 2330 vermeille
556 2297 677 2337 pendant
695 2307 711 2329 a
728 2298 835 2330 double
856 2299 970 2339 Queue.

159 2377 200 2409 Et
218 2377 255 2408 ita
270 2383 356 2413 prout
374 2374 452 2412 supra
475 2374 531 2406 fuit
548 2383 596 2412 per
621 2373 689 2405 Nos
725 2375 919 2414 supi-ascriptos
944 2377 977 2409 &
1001 2377 1205 2418 infrascriptos

125 2416 250 2457 Legatos
271 2414 474 2446 Procuratores
494 2414 528 2444 &
551 2412 770 2445 Commissarios
789 2415 960 2446 Traetatum
976 2414 1137 2448 Stabilitum
1155 2417 1189 2448 ὃς

123 2453 330 2492 Conclusam,
351 2453 456 2483 virtute
480 2451 621 2482 dictarum
642 2452 800 2483 nostrarum
823 2452 1087 2493 Commtffionum,
1106 2456 1139 2487 &
1158 2456 1188 2486 iii

123 2494 258 2525 omnium
275 2492 310 2525 &
324 2491 497 2531 singulorum
510 2489 612 2522 Fidem
628 2490 765 2523 Manibus
780 2491 882 2523 nostris
896 2493 1016 2532 propriis
1030 2492 1189 2533 subscripsi-

125 2542 209 2571 mus,

157 2607 295 2645 L'ondini,
315 2605 376 2638 Die
395 2606 512 2638 decimo
532 2605 638 2637 o&avo
665 2606 790 2645 Augusti
805 2606 880 2638 Stilo
894 2610 1006 2645 vetere,
1021 2608 1054 2640 &
1072 2607 1130 2639 Die
1145 2610 1190 2639 vi-

121 2649 230 2687 gesimo
245 2647 354 2677 octavo
368 2644 491 2682 ejusdem
509 2644 618 2676 Menfis
630 2645 704 2677 Stilo
719 2655 816 2684 nove,
834 2646 925 2679 Anno
947 2647 1073 2677 Domini
1088 2646 1188 2678 Mille-

122 2688 193 2719 fimo
209 2684 411 2730 sexcentesimo
426 2692 536 2722 quarro.

123 457 150 487 le
164 463 225 486 tout
239 453 266 483 se
279 450 367 491 puisse
383 451 447 481 faire
460 450 596 480 conclure
608 452 641 483 ἃ
657 450 766 482 establit
780 461 814 482 au
826 461 964 482 commun
979 459 1060 488 repos
1076 449 1177 488 prouf-
1217 486 1219 488 q

1199 2325 1201 2329 ’
1222 2327 1256 2351 to
1277 2320 1417 2361 Francifio
1436 2324 1527 2351 Bacon
1549 2321 1675 2352 Vadium
1699 2321 1732 2352 δε
1753 2320 1885 2354 Feodum

1242 206 1729 256 PUBLICA.

1211 291 1365 323 millesimo
1387 293 1590 326 sexcentesimo

2195 236 2264 263 121

1610 308 1725 335 quarto,
1741 300 1773 331 ὅ(
1786 300 1958 339 Regnorum
1973 304 2138 335 nostrorum
2157 306 2269 346 Anglia*
2294 301 2370 332 Assfl·
2388 299 2421 331 D

1212 330 1236 361 F
1238 332 1341 362 ranciae
1354 332 1388 363 &
1401 332 1548 364 Hibernia:
1560 335 1702 376 secundo,
1718 339 1752 368 &
1766 339 1875 372 Scotiae
1896 343 2038 373 tricesimo
2053 344 2173 376 ostavo.
2322 341 2413 412 ‘3504'-

1813 418 1868 446 Per
1885 417 1968 457 ipffim
1985 423 2090 458 Regem.
2295 388 2310 407 ι
2322 412 2331 417 ”
2346 389 2386 407 Μ.
2399 398 2407 406 ⁴

1957 494 1986 526 C
2005 505 2024 526 Α
2044 505 2066 527 R
2088 506 2107 528 r.
2126 506 2165 530 w.

1328 614 1376 646 De
1405 613 1576 658 Concaeffionc
1605 615 1650 649 ad
1670 617 1779 650 Vitam
1793 627 1849 665 pro
1868 621 2024 667 Francisco
2039 625 2146 658 Bacon„

1214 699 1271 755 R
1283 697 1351 768 E}
1367 700 1505 749 omnibus
1516 701 1550 732 ad
1566 710 1655 745 quos,
1678 704 1740 735 &c-
1755 702 1889 735 Salutem.
2296 706 2425 739 Anni).

1351 747 1429 770 ciatis
1453 740 1534 776 quod
1556 740 1641 779 Nos,
2320 747 2409 783 1604„

1247 775 1326 807 Tam
1347 778 1375 807 iri
1400 778 1624 810 confideratione
1643 780 1713 810 boui
1735 779 1821 811 fidelis
1836 781 1869 811 δι
1883 784 2062 820 acceptabilis
2076 784 2201 825 Semini,
2219 799 2268 826 per
2295 789 2353 813 Par.
2365 796 2391 811 2·

1210 810 1360 846 Dilectum
1378 816 1553 848 Servientem
1573 817 1704 848 nostrum
1718 818 1890 858 Francifium
1905 823 1998 851 Bacon
2018 821 2144 854 Militem
2158 829 2261 864 praesti-
2291 823 2356 860 JM-
2381 833 2404 851 ¹·

1210 852 1231 880 ti
1246 853 1279 883 &
1301 855 1437 894 impenfi,
1457 857 1543 893 quam
1558 866 1611 894 pro
1627 857 1740 888 diversis
1752 857 1810 888 aliis
1823 857 1919 889 Causis
1934 860 1967 890 &
1989 858 2268 896 Confiderationibus
2292 870 2316 898 P·
2342 871 2385 888 ¹2·

1209 890 1244 921 ad
1263 893 1320 924 1106
1332 893 1403 924 Νο3
1413 895 1565 932 specialiter
1579 897 1776 935 moventibus,
2295 909 2332 928 m·
2347 907 2379 935 ¹5
2382 919 2392 926 κ

1249 929 1299 961 De
1323 931 1421 962 Gratia
1446 931 1538 963 nostra
1562 934 1690 973 speciali,
1708 945 1741 966 ac
1758 944 1793 967 ex
1807 943 1881 966 certa
1894 935 2015 968 86160113
2037 937 2070 968 &
2086 947 2168 970 mero
2185 939 2272 972 Motu

1212 969 1312 999 nostris
1326 993 1336 1007 ‚
1364 970 1564 1001 constituimus
1587 973 1779 1009 ordinavimus
1803 975 1837 1006 δε
1861 976 2134 1015 3001106103111111113,
2156 988 2206 1016 36,
2226 990 2275 1016 per

1212 1006 1380 1046 Praesentes‚
1398 1019 1451 1048 pro
1473 1009 1572 1040 Nobis
1586 1010 1759 1044 Haeredibus
1781 1015 1813 1046 δε
1829 1013 2046 1045 Succefforibus
2065 1016 2183 1055 nostris,
2202 1028 2275 1048 con-

1213 1044 1354 1077 stituimus
1368 1048 1532 1079 ordinamus
1548 1051 1581 1081 &
1595 1051 1819 1088 appunctuamus
1836 1053 1984 1090 praefatum
2000 1054 2172 1093 Franczfium
2183 1058 2275 1087 Bacon

1212 1082 1412 1115 Confiliarium
1440 1086 1569 1117 nostrum
1594 1089 1628 1118 ad
1646 1088 1757 1129 Legem
1776 1091 1831 1121 sive
1852 1101 1944 1122 unum
1968 1091 2003 1122 de
2028 1092 2157 1124 Coniilio
2175 1096 2275 1126 nostro

1213 1122 1324 1153 erudito
1342 1125 1370 1154 in
1391 1124 1476 1163 Lege

1250 1160 1394 1192 Dedimus
1417 1165 1500 1193 etiam
1523 1163 1555 1193 &
1578 1166 1764 1197 cenceffimus
1783 1167 1835 1205 δε,
1850 1177 1902 1206 pro
1925 1167 2024 1199 Nobis
2048 1169 2219 1202 Haeredibus
2242 1173 2275 1204 ὃς

1214 1198 1428 1230 Successoribus
1444 1201 1558 1240 nostris,
1575 1203 1675 1234 damus
1690 1206 1722 1235 &
1736 1207 1942 1244 concedimus,
1955 1217 2004 1246 per
2021 1207 2189 1247 praesentes,
2204 1221 2276 1247 prae-

1215 1236 1274 1267 fato
1292 1238 1433 1278 Francisc'o
1451 1240 1566 1271 Locum
1586 1243 1619 1272 ὃς
1640 1242 1849 1275 praefidentiam
1869 1246 1898 1274 10
1918 1246 2010 1276 Curiis
2029 1248 2131 1277 nostris
2152 1249 2196 1279 vel
2211 1250 2278 1280 alibi

1216 1278 1249 1306 &
1269 1275 1513 1317 Praeaudientiam,
1533 1289 1646 1309 necnon
1664 1282 1762 1313 omnia
1780 1284 1812 1313 δε
1834 1284 1937 1320 singula
1956 1283 2085 1315 proficua
2107 1287 2281 1325 Advantagia

1216 1313 1420 1346 Emolumenta
1434 1316 1504 1355 Jura
1528 1316 1747 1350 Praeeminentia
1767 1321 1963 1352 Consideritias
1975 1346 1984 1359 ,
2009 1323 2052 1354 seu
2072 1324 2122 1355 alia
2141 1337 2279 1363 (10166110-

1194 1369 1196 1371 v
1216 1363 1273 1390 que
1299 1364 1364 1392 quae
1383 1355 1417 1384 ad
1434 1365 1523 1386 unum
1543 1355 1744 1388 Confiliarium
1764 1359 1894 1390 nostrum
1913 1361 1947 1391 ad
1970 1361 2097 1400 Legem,
2124 1374 2155 1395 ut
2174 1364 2280 1396 Consi-

1216 1391 1295 1421 liario
1322 1392 1506 1437 hujusmodi,
1530 1394 1564 1425 &
1590 1396 1711 1426 minime
1737 1399 1844 1428 ratione
1869 1400 1983 1435 alicuius
2012 1401 2133 1436 speculis
2158 1402 2280 1443 Officii,

1218 1431 1408 1500 gpecffantdasst
1425 1441 1576 1471 pertinent,
1594 1442 1639 1464 aut
1659 1436 1780 1472 speetare
1796 1447 1842 1467 aut
1861 1437 1997 1474 pertinere
2013 1439 2221 1473 consueverunt
2235 1452 2282 1473 aut

1240 1480 1255 1499 e
1271 1479 1327 1504 iure
1360 1480 1375 1500 e
1399 1480 1454 1501 eni.

1257 1507 1398 1539 Volumus
1415 1510 1500 1539 etiam
1516 1510 1548 1540 &
1569 1511 1767 1550 concedimus,
1786 1522 1840 1550 pro
1853 1512 1955 1543 Nobis
1972 1513 2143 1546 Haeredibus
2161 1518 2193 1548 ὃς
2209 1518 2283 1549 8116-

1220 1545 1501 1586 661Γο111>113Υο011113
1513 1571 1524 1586 ,
1551 1550 1629 1586 quod
1658 1551 1787 1587 praefatus
1810 1552 1967 1590 Franciscus
1992 1556 2087 1584 Bacon
2104 1554 2206 1586 habeat
2221 1558 2282 1594 ple-

1220 1594 1286 1613 nam
1314 1586 1346 1616 &
1365 1585 1552 1617 sufficientem
1573 1586 1746 1619 Potestatem
1764 1591 1798 1621 ὃ(
1819 1590 2028 1622 Auctoritatem
2042 1616 2052 1630 ,
2077 1593 2110 1622 ad
2127 1596 2228 1624 omnia
2246 1598 2280 1627 &

1221 1623 1325 1660 lingula
1340 1624 1492 1662 praestanda
1512 1627 1673 1663 exequenda
1692 1628 1724 1657 ὃς
1743 1629 1954 1666 perimplenda,
1973 1640 2038 1667 quae
2057 1632 2147 1669 quivis
2165 1633 2231 1663 alius
2246 1639 2282 1665 de

1221 1660 1351 1691 Consilio
1370 1662 1467 1692 nostro
1486 1664 1598 1694 erudito
1618 1666 1647 1695 in
1669 1664 1750 1702 Lege
1766 1675 1797 1697 ut
1815 1677 1885 1697 unus
1899 1668 1936 1698 de
1955 1667 2085 1699 Consilio
2099 1669 2197 1700 nostro
2211 1681 2285 1709 prae-

1222 1700 1372 1767 diEto,l&
1395 1702 1516 1732 minime
1532 1703 1640 1734 ratione
1654 1703 1776 1741 specialis
1790 1705 1907 1742 alicujus
1924 1705 2026 1737 Officii
2040 1707 2125 1746 possit
2137 1712 2234 1748 exequi
2249 1712 2283 1743 ὃς

1220 1747 1328 1775 perimp
1339 1749 1395 1769 ere.

1259 1775 1397 1807 Habenda
1419 1778 1452 1809 &
1466 1778 1587 1809 tenenda
1601 1779 1750 1816 gaudenda
1763 1780 1946 1819 percipienda
1959 1784 1993 1814 &
2007 1785 2181 1816 excercenda
2198 1785 2285 1818 Pote-

1222 1814 1322 1848 statcm
1337 1816 1549 1848 Authoritatem
1563 1818 1705 1858 Proficua,
1719 1829 1751 1850 ac
1767 1822 1866 1851 omnia
1879 1822 1912 1852 ὃς
1927 1822 2031 1861 singula
2045 1826 2236 1862 praeconcessa
2251 1827 2286 1857 si-

1224 1864 1259 1885 ve
1274 1855 1418 1893 expressa,
1435 1856 1553 1895 praefato
1565 1857 1706 1896 Francifio
1720 1858 1852 1896 quamdiu
1868 1860 1925 1897 ipse
1940 1860 1965 1890 se
1983 1861 2056 1890 bene
2072 1862 2181 1900 gesserit
2195 1866 2223 1894 in
2237 1875 2286 1896 ex-

1221 1894 1354 1924 ecutione
1378 1895 1411 1925 &
1431 1896 1566 1926 exercitio
1580 1895 1712 1926 Muneris
1726 1897 1914 1929 Authoritatis
1925 1899 1957 1929 &
1974 1898 2121 1931 potestatis
2158 1902 2288 1935 136111613-

1223 1942 1305 1969 rum,
1321 1932 1349 1962 in
1373 1941 1430 1963 tam
1452 1934 1552 1973 amplis
1568 1933 1660 1965 modo
1675 1937 1708 1966 &
1725 1935 1818 1966 forma
1833 1938 1921 1975 quam
1935 1937 2032 1976 aliquis
2047 1939 2113 1969 alius
2128 1911 2164 1971 d³e
2180 1941 2285 1973 Consi-

1223 1971 1264 2001 110
1277 1970 1377 2001 nostro
1388 1972 1502 2004 erudito
1517 1973 1547 2003 in
1562 1971 1660 2012 Lege,
1677 1973 1722 2006 vel
1735 1975 1790 2014 ipse
1805 1974 1978 2015 Francifius‚
1996 1977 2105 2011 ratione
2122 1977 2210 2010 Verbi
2224 1980 2286 2013 Re-

1223 2010 1261 2049 gii
1287 2009 1464 2042 Elizabethae
1492 2020 1582 2050 nuper
1601 2012 1792 2044 Antecessori's
1814 2014 1920 2054 nostri,
1939 2015 1985 2046 vel
2008 2017 2114 2047 ratione
2135 2017 2286 2050 warranti

1223 2047 1313 2080 nostri
1336 2048 1386 2080 sub
1411 2049 1554 2089 Signatura
1577 2050 1669 2082 nostra
1690 2051 1802 2092 Regia,
1820 2053 1918 2084 habuit
1940 2055 2030 2084 tenuit
2049 2054 2157 2091 gavisus
2178 2056 2221 2088 est
2240 2058 2288 2090 vel

1222 2096 1355 2119 executus
1379 2087 1438 2125 est,
1454 2089 1658 2120 nichilominus
1684 2092 1818 2126 nolumus
1840 2092 1921 2129 quod
1937 2093 2000 2123 haec
2016 2091 2174 2125 Conceffio
2190 2096 2285 2129 nostra

1222 2127 1339 2166 deroget
1358 2126 1440 2158 alicui
1463 2127 1577 2159 Officio
1590 2128 1730 2169 antehac,
1748 2139 1798 2169 per
1812 2129 1881 2162 Nos
1894 2138 1941 2163 aut
1961 2131 2160 2164 Antecessores
2173 2134 2289 2167 nostros

1197 2195 1199 2198 Α
1222 2164 1291 2196 dato
1304 2165 1352 2195 vel
1366 2166 1512 2198 concesso.

1262 2203 1302 2235 Et
1324 2204 1455 2244 ulteriu5‚
1471 2205 1508 2236 de
1532 2205 1658 2237 uberiori
1680 2203 1780 2236 Gratia
1804 2206 1917 2245 nostra,
1936 2217 1990 2245 pro
2013 2210 2149 2241 exercitio
2173 2209 2287 2242 Servitii

1224 2243 1371 2282 praediisti,
1386 2243 1517 2276 dedimus
1539 2246 1573 2277 &
1597 2243 1802 2282 concessimus,
1821 2255 1853 2276 ac
1868 2255 1918 2284 per
1933 2246 2101 2286 Praesenres,
2119 2257 2172 2287 pro
2187 2248 2289 2280 Nobis

1221 2281 1395 2313 Haeredibus
1410 2282 1444 2313 &
1459 2282 1676 2314 Succefforibus
1689 2282 1810 2322 nostris,
1827 2284 1926 2315 damus
1938 2285 1971 2316 &
1985 2288 2172 2317 concedimus
2186 2289 2289 2324 praefa-

1909 2323 2112 2362 Quadraginta
2133 2325 2284 2356 Librarum

1223 2359 1312 2390 bonae
1331 2359 1364 2390 δε
1383 2359 1476 2400 legalis
1494 2359 1627 2391 Monetae
1643 2360 1689 2391 An
1722 2360 1755 2390 iae
1773 2369 1822 2399 per
1842 2361 1978 2400 Annum,
1996 2363 2164 2394 solvendum
2178 2373 2284 2396 annua-

1222 2399 1275 2429 tim
1291 2398 1385 2429 eidem
1400 2398 1542 2439 Francisco
1554 2402 1646 2429 Bacon
1659 2408 1672 2428 a
1701 2398 1781 2430 Festa
1789 2399 1885 2430 830611
1894 2399 2044 2432 Michaelis
2054 2401 2229 2441 Archangeli
2245 2404 2280 2435 &

1223 2436 1337 2468 Paschae
1360 2446 1408 2475 per
1424 2438 1543 2477 aequaies
1557 2436 1722 2476 Portiones,
1737 2437 1774 2468 de
1789 2437 1939 2469 Thesauro
1955 2439 2057 2470 nosti-0
2073 2440 2232 2472 i-iaereaum
2251 2443 2285 2473 δε

1221 2474 1425 2507 Successorum
1450 2476 1632 2514 nostrorum,
1660 2485 1709 2513 per
1733 2475 1840 2507 Manus
1859 2477 2034 2508 Thesaurarii
2052 2479 2085 2509 &
2104 2478 2286 2511 (3310613110-

1219 2524 1285 2545 rum
1306 2514 1412 2545 ibidem
1434 2525 1486 2552 pro
1502 2523 1630 2551 tempore
1646 2514 1842 2553 existentium,
1861 2514 1954 2553 prima
1973 2516 2114 2547 solutione
2132 2518 2285 2549 101161061-

1220 2552 1324 2588 pienda
1343 2551 1379 2583 ad
1403 2552 1523 2583 Festum
1543 2551 1694 2584 Festorum
1715 2552 1919 2590 praedietorum
1941 2556 2076 2592 proximo
2097 2555 2160 2595 post
2176 2556 2285 2588 Datam

1221 2591 1406 2622 Praesentium

1258 2613 1434 2660 Habendun’ri
1453 2627 1486 2660 &
1509 2628 1666 2661 tenendum
1687 2627 1870 2668 gaudendum
1884 2629 1917 2660 &
1934 2630 2146 2669 percipiendum
2160 2631 2285 2663 Vadium

1223 2667 1258 2698 &
1280 2666 1410 2698 Feodum
1430 2667 1617 2707 praedictum,
1634 2668 1752 2700 durante
1773 2667 1843 2699 Vita
1863 2669 1980 2700 naturali
2004 2670 2129 2709 praediffi
2150 2671 2287 2711 Franciscs'

1171 2720 1175 2723 ¹
1224 2708 1326 2736 Baton.

1262 2744 1297 2775 In
1313 2744 1393 2783 cujus
1405 2746 1461 2783 rei,
1479 2745 1541 2776 &c-

279 2759 691 2793 THO.D'0R313·1'·.

278 2799 362 2869 1131'30
372 2808 404 2868 J
413 2807 435 2867 0¹
455 2808 480 2867 Ξ
500 2808 566 2868 ἓξ
576 2807 674 2869 ΙΑΚΜέ
1261 2818 1352 2852 Teste
1366 2821 1449 2861 Rege
1463 2820 1539 2860 apud
1554 2815 1705 2860 Hmfi‘ild,
1722 2821 1863 2852 vicesimo
1876 2821 1976 2860 quinto
1990 2821 2049 2853 Die
2063 2823 2192 2862 Augusti.

279 2872 322 2907 H·
360 2876 396 2907 N
416 2880 437 2906 ο
456 2884 481 2906 R
502 2884 525 2906 Τ
544 2886 567 2907 Η
587 2886 608 2907 Α
628 2885 656 2907 M
675 2863 694 2908 ἔ
712 2885 737 2908 Τ
755 2887 776 2908 0
796 2885 838 2918 Ν)
1706 2900 1761 2928 Per
1780 2901 1873 2928 Breve
1888 2898 1921 2928 de
1938 2900 2061 2929 Privato
2079 2897 2180 2937 sigillo.

283 2914 316 2946 R
336 2924 369 2945 0.
406 2913 435 2944 C
454 2923 472 2944 E
489 2924 507 2945 c
525 2924 545 2945 Y
566 2923 587 2946 ι.
607 2923 639 2945 1...

277 2990 422 3060 ’ὲῗ-,Ηέ
432 3000 540 3059 0231>
560 2991 589 3059 ἕ
605 3000 629 3060 ξ)
645 3000 669 3060 1E.
685 3002 737 3061 AVs
744 2992 951 3062 Ῑειοιῖοηὲκῗ
952 2993 1056 3063 {³13⁶}
1075 3042 1096 3063 Α
1114 3041 1137 3063 N
1155 3043 1189 3071 A,
1422 3022 1449 3050 ²¹ss
1473 3026 1529 3056 Pro
1554 3021 1655 3056 eodem
1674 3023 1828 3067 Francifto
1846 3025 1941 3056 Bacon
1958 3023 2081 3058 Milite.
2309 3037 2329 3057 ο
2342 3039 2423 3068 xvh

285 3067 996 3108 ALEXANDERROINDIUS,
1426 3109 1431 3114 ·
2307 3085 2372 3112 597·

285 3102 393 3149 Cim
411 3114 435 3135 R
452 3113 473 3136 L
495 3114 514 3135 E
534 3113 547 3135 s
571 3104 595 3134 P
614 3114 639 3136 R
655 3112 666 3134 i
689 3114 712 3136 N
731 3116 749 3136 c
767 3115 780 3136 1
799 3115 818 3136 P
837 3115 856 3138 i:
884 3107 952 3138 Co
971 3117 1001 3139 M
1021 3116 1046 3138 'r
1064 3118 1082 3140 E
1112 3109 1190 3140 DA·
1223 3108 1338 3168 REX
1351 3108 1503 3154 omnibus,
1520 3107 1555 3138 ad
1574 3118 1662 3147 quos,
1680 3108 1742 3139 &c.
1759 3107 1896 3139 Salutem.
2304 3114 2381 3144 Arin.
2398 3114 2437 3144 D.

319 3152 344 3175 R
364 3152 383 3173 Ε
405 3152 466 3173 NB
486 3152 505 3173 E
525 3151 550 3174 R
570 3152 611 3181 G,
629 3142 740 3174 Praeses.
1315 3149 1415 3179 Sciatis
1428 3147 1509 3185 quod
1526 3146 1612 3191 Nos,
1716 3185 1722 3191 ²
1807 3186 1812 3191 μ
2026 3187 2052 3192 ..
2159 3187 2166 3192 ·
2180 3186 2197 3193 ..
2327 3152 2414 3190 1604.

282 3181 314 3213 R
333 3191 347 3213 Ι
364 3191 382 3213 c
401 3191 421 3213 Α
441 3191 466 3213 R
486 3191 508 3212 n
527 3190 548 3212 o
569 3189 592 3211 Τ
611 3190 635 3211 u
654 3191 667 3212 s
710 3181 739 3214 V
759 3191 779 3213 Ε
800 3191 824 3214 R
844 3192 868 3215 R
891 3192 911 3215 Ε
932 3192 950 3214 Y
968 3192 991 3214 K
1011 3192 1035 3214 H
1055 3194 1074 3216 Ε
1097 3193 1133 3217 Ν.
1261 3186 1341 3218 Tam
1366 3188 1394 3215 in
1415 3185 1637 3216 consideratione
1651 3185 1723 3216 boni
1738 3184 1826 3216 fidelis
1839 3186 1873 3216 &
1886 3186 2068 3224 acceptabilis
2086 3185 2215 3224 Servitii,
2232 3195 2280 3224 per
2306 3194 2366 3218 Pat.
2384 3202 2410 3221 2.

158 3262 231 3294 Nos
253 3259 353 3290 omnia
369 3258 403 3289 &
419 3257 524 3298 singula
538 3257 605 3289 dicti
618 3258 772 3290 Traffltfis
786 3259 916 3298 Capitula
930 3261 1124 3300 suprascripta,
1140 3273 1189 3302 per

127 3301 241 3341 Nostros
258 3299 291 3330 δε
309 3297 456 3328 dictorum
474 3296 672 3336 Hispaniarum
693 3301 772 3335 Regis
795 3299 829 3330 &
844 3298 1032 3331 Archiducum
1046 3302 1190 3342 Austriae,

127 3344 234 3372 Ducum
263 3336 430 3374 Burgundtae
446 3357 456 3373 ‚
484 3335 613 3366 Fratrum
645 3338 677 3367 &
708 3336 993 3377 Consanguineorum
1023 3340 1189 3372 nostrorum

127 3376 348 3410 commissarios
395 3374 528 3404 1361116103
564 3383 707 3405 conventa
732 3377 907 3409 concordata
928 3379 962 3409 &
984 3379 1139 3419 conclusa,
1156 3381 1189 3412 &

127 3418 226 3451 omnia
247 3416 279 3447 &
294 3384 398 3453 singulti
413 3397 557 3451 luperincse
573 3414 601 3443 in
618 3414 724 3444 eiidem
739 3424 874 3447 contenta
893 3417 925 3448 &
941 3417 1114 3457 specificata,
1130 3427 1189 3450 rata

127 3456 210 3486 firma
226 3455 259 3487 ὅ(
277 3461 352 3491 graia
369 3452 521 3490 habentes,
537 3461 568 3483 ea
582 3453 680 3482 omnia
694 3453 727 3483 δε
741 3453 842 3492 singula
851 3478 862 3494 ,
879 3464 932 3492 pro
945 3455 1044 3487 Nobis
1056 3456 1190 3488 113616111-

128 3494 183 3525 bus
205 3495 238 3526 &
251 3489 584 3522 S==ccefforibus'n6stris
594 3513 604 3528 ‚
621 3499 756 3531 quatenus
770 3492 838 3523 Nos
851 3502 899 3524 aut
914 3493 1053 3526 Haeredes
1069 3495 1190 3528 Succes-

128 3533 203 3564 sores
223 3532 267 3561 vel
288 3530 424 3561 Subditos
446 3528 558 3559 nostros
578 3538 758 3564 concernunt
779 3540 825 3562 aut
846 3542 1020 3564 concernere
1035 3543 1190 3572 poterunt,

129 3577 308 3609 acceptamus
329 3567 518 3607 approbamus
539 3566 706 3598 ratificamus
717 3591 726 3606 ,
744 3578 777 3599 ac
790 3570 989 3602 inviolabiliter
1003 3571 1123 3604 firmiter
1139 3574 1188 3604 be-

131 3610 169 3640 ne
187 3611 220 3641 δε
241 3608 355 3639 fideliter
370 3607 527 3638 tenebimus
543 3605 755 3637 observabimus
769 3608 803 3638 δε
817 3607 1032 3648 adimplebimus
1042 3635 1052 3650 ‚
1068 3612 1101 3642 &
1118 3622 1189 3644 curn

131 3644 236 3679 efficia
257 3648 393 3678 faciemus
411 3655 439 3675 ut
453 3647 481 3675 in
497 3645 581 3675 (116113
594 3644 732 3683 Capitulis
747 3647 927 3684 continetur,
941 3649 975 3679 &
991 3658 1039 3687 per
1053 3650 1190 3682 Subditos

132 3686 242 3716 nostros
255 3695 288 3716 ac
304 3685 350 3715 Re
366 3688 478 3714 'norum
493 3684 654 3714 nostrorum
670 3683 780 3714 Incolas
796 3686 882 3715 teneri
896 3686 1038 3718 observari
1054 3690 1087 3720 &
1101 3689 1190 3719 adim-

24 3747 27 3758 1
135 3724 203 3762 pleri
225 3733 294 3754 cum
317 3734 332 3754 e
375 3725 421 3754 ctu
444 3723 595 3761 faciemus,
612 3732 664 3753 nec
681 3723 718 3752 eis
735 3722 842 3753 directe
860 3723 908 3753 vel*
920 3725 938 3743 *⁵
954 3735 1003 3762 per
1016 3726 1190 3759 indii-cetum

29 3744 121 3809 6XV1'
139 3771 186 3800 per
207 3771 258 3792 nos
277 3763 541 3799 contraveniemus,
559 3771 610 3791 nec
627 3771 675 3799 per
689 3761 824 3792 Subditos
839 3761 951 3806 nostros
966 3764 999 3795 &
1017 3764 1190 3804 Regnorum

47 3804 55 3812 '
137 3799 299 3830 nostrorum
314 3800 422 3831 incolas
434 3801 626 3831 contraveniri
639 3800 745 3830 (1116616
766 3799 810 3831 ν61
845 3810 872 3830 er
887 3800 1058 3833 indirectum
1072 3805 1193 3835 consen—

136 3840 256 3907 gemsus,
274 3839 306 3869 ὅτ.
329 3839 367 3869 ita
391 3839 468 3870 bona
490 3839 560 3870 Fide
582 3840 615 3870 &
638 3839 667 3868 in
694 3837 795 3869 Verbo
843 3839 911 3876 egio
932 3842 1126 3877 promittimus
1141 3853 1192 3882 per

158 3885 197 3905 rae
208 3884 291 3906 entes,

171 3913 203 3943 In
225 3922 343 3950 quorum
356 3916 490 3946 omnium
504 3916 538 3946 &
552 3915 726 3955 singulorum
740 3914 950 3955 praemifforum
965 3916 1065 3948 Fidem
1081 3920 1115 3950 &
1128 3919 1191 3949 Te-

135 3953 321 3989 stimonium,
335 3951 388 3982 hiis
406 3954 586 3991 praesentibus
604 3955 702 3985 Literis
719 3953 836 3989 nostris,
855 3953 947 3984 Manu
966 3955 1061 3987 nostra
1075 3957 1190 3996 propria

134 3990 306 4027 subscriptis,
327 3989 469 4029 Magnum
483 3992 613 4032 Sigillum
629 3993 757 4023 nostrum
775 3994 880 4031 apponi
895 3992 1025 4024 facimus.

175 4027 285 4058 Datum
303 4028 376 4064 apud
396 4030 666 4070 Westmonasterfflm,
684 4031 800 4062 decimo
825 4040 904 4060 nono
920 4030 979 4061 Die
996 4033 1132 4073 Augusti,
1151 4033 1194 4065 se-

136 4067 268 4097 cundum
294 4064 551 4105 Computatioriem
580 4069 716 4103 Ecclefiae
738 4068 903 4110 Anglicanae
918 4092 929 4109 ,
953 4069 1042 4102 Anno
1065 4071 1192 4104 Domini

164 4146 239 4176 Tem.
258 4144 331 4173 VH.
352 4144 432 4173 Part.
449 4145 493 4173 11.

1223 3234 1315 3263 nuper
1334 3224 1484 3255 Dilectum
1515 3223 1644 3255 nostrum
1676 3226 1835 3254 Antonium
1857 3227 1950 3255 Bacon
1976 3224 2060 3254 Armi
2079 3234 2159 3254 erum
2179 3225 2282 3255 defun—
2306 3229 2367 3266 Jac.
2391 3239 2414 3257 i.

1224 3264 1327 3301 610111,
1343 3263 1469 3294 Fratrem
1493 3271 1658 3300 germanum
1679 3262 1812 3302 Francisci
1831 3265 1923 3292 Bacon
1942 3261 2043 3293 Militis
2082 3265 2212 3293 ervientis
2228 3274 2280 3293 no-
2305 3274 2330 3303 p.
2356 3277 2398 3294 12.

1224 3302 1284 3340 stri,
1303 3312 1336 3333 ac
1353 3303 1438 3332 etiam
1453 3311 1502 3338 per
1515 3300 1663 3332 Dilectum
1680 3301 1859 3332 Servientem
1874 3300 2002 3331 nostruin
2019 3301 2185 3344 praediffstum
2193 3304 2281 3331 Fran·
2304 3314 2342 3333 m.
2361 3314 2404 3341 ¹5-

1223 3345 1245 3372 ci
1259 3352 1316 3371 cum
1336 3343 1432 3370 Bacon
1446 3339 1576 3370 Militem
1591 3338 1705 3378 praestiti
1722 3341 1755 3370 &
1771 3339 1888 3377 impensi
1899 3362 1908 3376 ‚
1926 3340 2014 3381 quam
2030 3348 2082 3378 pro
2097 3339 2208 3383 diver-sis
2226 3340 2285 3371 aliis

1224 3379 1320 3412 Lausis
1333 3380 1367 3410 &
1380 3378 1662 3410 Considerationibus
1676 3378 1709 3408 ad
1725 3378 1782 3408 hoc
1800 3377 1867 3407 Nos
1879 3377 2031 3421 specialiter
2049 3378 2248 3417 moventibus,

1262 3419 1310 3449 De
1333 3417 1436 3450 Gratia
1459 3417 1554 3449 nostra
1577 3417 1701 3456 speciali,
1718 3426 1750 3447 36
1768 3425 1802 3446 ex
1820 3424 1897 3447 certa
1911 3415 2032 3446 Scientia
2046 3417 2080 3446 δε
2096 3425 2176 3445 mero
2193 3415 2283 3448 Motu

1224 3457 1345 3494 nostris,
1367 3456 1498 3489 dedimus
1518 3457 1552 3488 &
1576 3455 1783 3492 concessimus,
1800 3464 1833 3485 ac
1853 3464 1902 3494 per
1922 3453 2105 3497 Praesenies„
2112 3463 2164 3490 pro
2181 3454 2280 3486 Nobis

1223 3496 1395 3527 Haeredibus
1415 3497 1448 3527 &
1464 3494 1676 3525 Successoribus
1690 3493 1809 3530 nostris,
1824 3492 1925 3523 damus
1936 3493 1968 3522 &
1984 3492 2169 3522 concedimus
2182 3494 2281 3530 praefa-

1223 3543 1256 3566 to
1278 3534 1420 3574 Franctfio
1443 3536 1537 3563 Bacon
1557 3532 1700 3570 quandam
1714 3532 1863 3562 annualem
1881 3531 2051 3561 Peniionem
2062 3533 2212 3567 Sexaginta
2226 3535 2280 3562 Li-

1224 3574 1336 3604 brarum
1361 3575 1447 3604 bonae
1466 3573 1499 3602 &
1516 3571 1607 3608 legalis
1628 3570 1759 3600 Monetae
1774 3570 1887 3608 Anglitie
1901 3578 1949 3606 per
1962 3568 2080 3612 Annum
2090 3591 2099 3605 ‚
2114 3568 2281 3612 ‚solvendam

1223 3613 1369 3643 annuatim
1386 3611 1477 3642 eidem
1492 3608 1633 3648 Franctfio
1640 3611 1733 3638 Bacon
1746 3608 1780 3638 ad
1792 3607 1871 3637 Festa
1879 3606 1973 3636 830611
1985 3605 2134 3637 Michaelis
2149 3608 2279 3640 Archan-

1223 3651 1279 3691 geli
1298 3651 1332 3682 &
1349 3650 1464 3681 Paschae
1485 3657 1534 3686 pet
1550 3648 1668 3685 aequales
1681 3646 1847 3682 Portiones,
1863 3644 1899 3674 de
1916 3644 2065 3675 Thesauro
2088 3644 2188 3690 nostro
2205 3647 2278 3678 Hae..

1225 3690 1324 3720 redum
1341 3690 1374 3721 ὃς
1390 3686 1587 3718 Successorum
1601 3685 1782 3721 nostrorum,
1801 3693 1849 3720 per
1865 3682 1970 3727 Manus
1981 3682 2158 3729 Thesaurarii
2171 3687 2204 3717 &
2220 3685 2278 3716 Ca-

1225 3728 1412 3758 merariorum
1425 3725 1531 3756 ibidem
1549 3733 1601 3761 pro
1614 3732 1744 3759 tempore
1758 3721 1949 3757 existentium,
1966 3730 2057 3757 prima
2072 3721 2221 3754 Solutione
2236 3726 2278 3754 in-

1226 3767 1263 3796 de
1282 3764 1443 3804 incipienda
1463 3763 1496 3795 ad
1521 3762 1635 3792 Festum
1654 3760 1803 3792 Festorum
1817 3758 2018 3799 praedi&orum
2036 3762 2200 3798 proximum
2217 3763 2281 3802 poll:

1227 3804 1335 3836 Datam
1349 3802 1553 3839 Praesentiurn,
1978 3837 1983 3842 .
2007 3837 2013 3842 .

1261 3842 1435 3873 Habendam
1456 3843 1489 3872 &
1505 3837 1655 3869 tenendam
1669 3836 1846 3874 gaudendam
1861 3836 1893 3866 &
1908 3836 2115 3875 percipiendam
2129 3839 2280 3869 annualem

1225 3881 1396 3913 Peiisionem
1418 3878 1582 3918 praedidtam
1599 3899 1609 3915 ,
1633 3876 1750 3906 durante
1773 3874 1842 3905 Vita
1860 3875 1975 3905 naturali
1994 3876 2119 3914 praedicti
2146 3877 2281 3917 Francifi:

1225 3923 1327 3950 Baton.

1262 3958 1297 3989 ln
1310 3957 1389 3994 cuius
1403 3956 1457 3993 rei,
1474 3955 1537 3986 &c.

1260 4033 1350 4065 Teste
1364 4032 1445 4070 Rege
1460 4029 1533 4069 apud
1552 4026 1702 4068 Harfiild,
1718 4027 1857 4059 vicefimo
1869 4027 1971 4066 quinto
1984 4026 2043 4059 Die
2056 4028 2187 4068 Augusti.

1670 4105 1732 4167 ger
1748 4106 1840 4134 Breve
1853 4103 1885 4133 de
1900 4105 2018 4134 Privato
2031 4104 2129 4143 sigillo.

1683 4167 1713 4180 Q
