2557 4279
50 275 124 316 Ᾱηή.
137 276 181 311 D.

67 321 150 358 1623.

48 369 80 389 21
88 358 181 396 Jac.i.

47 499 124 532 Ann.
134 496 176 528 D.

71 537 156 575 1623.
180 548 181 551 ¹

46 580 102 605 ΡΜ.
132 584 177 602 21.

45 613 78 653 J.
108 624 130 641 ι.
148 620 174 650 ρ.

47 661 91 682 Π..
104 662 128 681 n.
149 661 172 680 Ι.

57 3111 188 3139 *XVIL

83 3159 152 3186 520.

753 173 865 216 ET
948 168 1216 217 ACTA

201 353 250 386 De
270 352 470 398 Commtffione
482 355 607 400 speciali
622 354 736 390 direc‘la
755 359 891 405 Epifiopo
911 361 1046 394 Winton.
1071 361 1107 398 ώ-
1126 359 1196 392 aliis
1203 357 1262 404 fh·

395 411 450 448 per
467 404 674 449 Appellatione
687 409 719 438 in
736 406 806 451 casis
827 411 1039 442 Matrimonii.

233 485 364 517 Acon'us
380 509 390 524 ,
408 486 465 518 Dei
490 487 589 520 Gratia
601 512 610 527 ,
629 490 762 529 Angliae,
785 494 898 530 Scotiae,
919 496 1042 523 Franciae
1058 491 1095 526 ό·
1117 491 1259 522 Hibernia

233 524 400 562 Rex,Fidei
414 526 572 566 Defensor,
586 529 647 559 &c.
669 529 841 560 Reverendo
853 531 1011 561 admodum
1026 532 1057 561 in
1073 529 1190 562 Christo
1205 530 1260 560 Pa-

197 564 251 600 tri,
265 563 432 600 praedilecto
447 565 480 596 &
496 565 571 596 fideli
583 566 761 599 Cancellario
775 568 891 607 nostro,

231 601 411 641 lancellam,
425 602 612 635 Providentia
627 605 751 642 Divina,
766 608 895 637 Win'ton.
911 607 1054 645 Episcopo,

233 638 381 679 Johanni,
395 640 495 671 eadem
512 641 714 682 Providentia,
729 643 823 683 Epifio
840 656 854 674 o
874 645 976 684 Roffim.

230 677 364 747 {phanni
385 680 554 747 LdJoderidge,
570 681 663 713 Militi
678 692 737 713 uno
759 692 792 713 ex
828 682 969 714 usticiariis
984 683 1018 714 ad
1034 683 1142 714 Placita
1156 691 1257 714 coram

196 727 238 748 no
260 726 283 746 is
308 724 393 748 tenen
414 728 429 748 a

230 755 376 785 Edwardo
390 740 547 796 Brssmeley,
562 755 653 788 Militi
666 769 724 789 uno
738 768 773 790 ex
786 758 940 790 Baronibus
953 759 1093 790 Scaccarii
1113 758 1220 796 nostri,

232 792 362 833 Johanm'
374 794 579 833 Dunn,Sacrae
591 796 765 836 Theologiae
779 797 933 829 Professori
948 797 1084 830 Ecciefiae
1092 797 1163 829 Divi
1177 796 1257 828 Pauli

198 831 337 863 London.
352 831 477 863 Decano
485 857 495 872 ,

235 872 278 901 W
276 869 387 900 illielmo
403 871 527 912 Awbrqy
534 895 545 912 ‚

230 910 342 945 Hugom'
357 911 484 948 Barker,

232 947 277 976 W
275 945 385 976 illielmo
405 951 514 976 Saumes
522 970 533 985 ,

235 983 378 1014 Barnabae
393 984 476 1015 Souch
484 1008 494 1023 ,

234 1021 419 1061 christophero
439 1026 482 1053 W
482 1021 553 1052 ivell
557 1046 567 1062 ,

232 1061 355 1130 &aigum
370 1060 568 1100 Doctoribus,

283 1108 371 1130 utem.

232 1136 316 1168 Cum
335 1136 403 1167 Nos
413 1137 588 1175 jampridem
604 1138 634 1167 in
650 1136 852 1177 Appellationis
866 1137 900 1170 &
915 1137 1050 1177 Qerelae
1066 1137 1202 1181 Negotio
1217 1138 1260 1167 in-

196 1175 365 1214 frascriptO,
380 1184 461 1214 atque
476 1178 548 1206 inter
562 1175 655 1206 Partes
669 1176 786 1207 inferius
799 1179 956 1207 nominatas
970 1200 980 1215 ,
1008 1176 1139 1216 quasdam
1155 1176 1260 1220 Literas

197 1213 306 1246 nostras
327 1213 581 1246 Commiffionales
608 1214 659 1245 sub
684 1214 797 1253 Magno
819 1215 918 1254 sigillo
935 1216 1047 1255 Angliae
1069 1223 1263 1246 communitas

199 1252 260 1284 fieri
281 1252 404 1283 fecimus
418 1252 550 1285 Patentes
569 1254 675 1285 tenoris
689 1253 840 1293 sequentis,

237 1291 400 1330 Videlicet,

231 1367 395 1407 jaconus,
412 1365 473 1397 Dei
487 1367 606 1406 Gratia,
627 1367 760 1407 Angliae,
775 1371 870 1399 Scotiae
887 1392 897 1407 ,
918 1372 1042 1413 Francia?
1059 1367 1097 1402 (θ’
1122 1367 1264 1412 Hiberniae

200 1408 280 1445 Rex,
303 1405 383 1436 Fidei
397 1404 539 1436 Defensor
570 1406 632 1437 ὅτε.
651 1407 826 1438 Reverendo
848 1408 1010 1438 admodum
1031 1417 1060 1437 in
1076 1406 1196 1438 Christo
1210 1406 1264 1437 Pa-

198 1445 252 1484 tri,
281 1443 454 1482 praedilecto
465 1444 498 1475 &
515 1429 593 1475 fid’eii
608 1444 777 1476 Confiliario
788 1445 896 1476 nostro.

236 1481 397 1514 Lancelloto
428 1482 613 1513 Providentia
630 1483 758 1521 Divina,
773 1487 899 1514 IVinton.
916 1482 1057 1523 Eptfiopo,

268 1521 371 1551 ohanm'
383 1505 486 1551 eidem
506 1520 707 1565 Providentia,
721 1522 846 1561 Epistopo
862 1521 995 1566 Rfflqizfi,
1113 1559 1119 1565 ⁸

200 1596 236 1629 N
266 1559 369 1590 ohanni
384 1559 554 1628 {oderidgffi
570 1559 662 1590 Militi
679 1570 737 1591 uno
751 1569 785 1591 ex
801 1562 966 1600 justiciariis
986 1559 1021 1590 ad
1042 1559 1150 1591 Placita
1164 1567 1265 1589 coram

258 1599 302 1628 bis
313 1606 396 1629 tenen
418 1608 433 1628 a

237 1608 384 1667 oEdwardo
398 1620 537 1676 Briimeley
559 1635 665 1674 Militi,
678 1646 713 1667 ex
729 1636 886 1667 Batonibus
908 1637 1049 1668 Scaccarii
1063 1634 1153 1666 nostri
1168 1645 1263 1679 uno,

239 1673 369 1714 Johanni
389 1676 477 1704 Dunn
492 1695 502 1712 ,
527 1674 621 1705 Sacrae
639 1674 819 1714 Theologiae
848 1675 1008 1706 Profeffori
1032 1673 1169 1705 Ecclefiae
1192 1673 1265 1705 Dwr

205 1710 288 1745 Pauli
303 1711 439 1743 London.
457 1711 599 1752 Decano,

238 1753 286 1783 W
283 1750 392 1782 illielmo
409 1749 536 1790 Awbrey
544 1770 556 1789 ⁸

238 1793 350 1828 Hugoni
367 1790 496 1827 Barker,

238 1830 286 1860 W
287 1827 396 1859 illielmo
410 1831 538 1866 Saumes‚

237 1866 385 1899 :Barnabae
400 1864 503 1902 Souch,

238 1902 427 1945 christophero
446 1904 489 1933 W
488 1902 560 1933 ivell
565 1926 575 1942 ,

236 1943 356 1983 Legum
376 1941 580 1981 Dostoribus,

337 1992 377 2012 m.

237 1981 356 2052 {fflirtiili
373 2019 589 2058 Supplicatione
611 2016 725 2048 dileetae
739 2016 868 2048 Subditae
887 2013 993 2048 nostrae
1015 2017 1172 2048 Milicentiae
1194 2020 1264 2062 cim?

194 2053 435 2100 yers,monstrat.
450 2059 484 2090 &
500 2056 630 2096 querelat.
647 2055 844 2096 existit,quod
857 2057 927 2087 cum
944 2055 999 2094 ipsa
1012 2067 1112 2087 verum
1126 2058 1160 2089 &
1172 2056 1264 2095 legiti-

200 2107 283 2129 mum
309 2097 531 2128 Matrimonium
546 2105 616 2126 cum
629 2095 757 2135 quodam
770 2095 934 2125 Abrabamo
949 2095 1124 2125 Sunderland
1139 2096 1191 2126 suae
1206 2096 1264 2126 sor-

198 2137 234 2167 tis
248 2136 380 2167 Homine
394 2134 577 2166 contraxisset
591 2135 625 2166 &
648 2132 870 2165 consummasset
884 2146 894 2173 3
921 2133 1014 2165 dictus
1033 2143 1131 2165 tamen
1145 2134 1264 2179 Suades-

198 2174 273 2205 land
278 2198 285 2208 ‚
304 2183 416 2206 mutato
436 2173 532 2211 postea
547 2172 678 2203 Consilio
688 2195 697 2210 ,
713 2172 884 2210 praedirstum
906 2172 1129 2204 Matrimonium
1145 2174 1174 2203 in
1188 2173 1262 2204 facie

198 2213 341 2245 Ecclesiae
357 2236 368 2252 ,
393 2213 472 2252 juxta
489 2212 581 2251 Leges
601 2211 634 2242 &
649 2210 783 2242 Canones
806 2212 833 2240 in
852 2220 884 2241 ea
899 2220 976 2248 parte
990 2211 1132 2242 salubriter
1155 2212 1262 2251 editas,

195 2252 406 2290 solempnizare
420 2251 579 2287 recusabat,
599 2250 698 2288 Quare
711 2249 788 2280 dieta
804 2249 976 2287 Mlicentia,
989 2250 1083 2281 eidem
1101 2250 1263 2281 Abrahamo

197 2291 330 2328 legitime
349 2290 429 2327 super
454 2288 645 2319 Conrracitum
665 2288 839 2325 praedid'tum
854 2289 883 2318 in
900 2287 987 2319 Curia
1010 2289 1168 2319 Audientiae
1183 2289 1263 2320 Can-

199 2329 327 2360 tuarienfi
347 2329 521 2365 intentabat,
534 2326 628 2357 didius
641 2335 735 2357 autem
751 2326 934 2356 Abrahamus
948 2327 1120 2357 Sunderland
1132 2327 1217 2365 ipsam
1234 2330 1263 2359 in

200 2367 296 2399 Causa
313 2367 505 2406 Jactitationis
522 2364 701 2395 Matrimonii
725 2365 756 2395 in
779 2364 879 2396 eadem
903 2365 994 2396 Curii
1025 2366 1202 2405 impetebat,
1231 2368 1264 2398 &

200 2406 314 2444 deinde,
323 2414 421 2436 contra
436 2403 648 2435 Inhibitionem
662 2403 798 2433 Ecclefiae
814 2403 861 2433 fibi
877 2404 907 2434 in
923 2414 955 2434 ea
969 2413 1046 2441 parte
1062 2404 1184 2442 saetam,
1194 2416 1264 2436 curn

200 2445 252 2477 alia
267 2445 390 2483 quadam
405 2442 530 2473 Muliere
548 2441 889 2480 Matrimonium,spretis
903 2442 1054 2480 Clavibiis,
1068 2444 1100 2473 ὃς
1117 2452 1266 2482 contemp-

204 2492 237 2516 to
258 2483 389 2523 legittimi
404 2480 594 2518 Magistratus
610 2479 753 2518 Imperio,
766 2481 803 2510 de
818 2481 896 2511 sarilo
912 2482 1113 2512 contrahebat:

240 2522 403 2560 Qumque
418 2520 494 2550 dic‘ta
510 2519 667 2549 Milicentia
682 2523 813 2559 Conyers,
827 2527 885 2549 tarn
908 2521 938 2548 in
961 2519 1055 2550 Causa
1071 2519 1266 2559 Matrimonii,

199 2561 290 2600 quam
313 2561 342 2590 in
357 2559 451 2590 Causa
461 2558 668 2596 jaetitaiionis,
689 2557 756 2588 duas
777 2557 934 2595 respeffive
952 2558 1109 2589 Sententias
1123 2581 1132 2596 ,
1153 2558 1267 2602 Justitia

196 2600 229 2631 id
241 2599 387 2639 exigente,
402 2598 430 2627 in
445 2596 522 2627 diist&
540 2595 628 2626 Curia
644 2596 806 2626 Audientiae
819 2596 955 2627 Cantuar.
969 2596 1132 2634 reportasset
1144 2620 1154 2635 ,
1176 2597 1266 2628 dietus

199 2636 394 2674 Sunderland,
409 2638 444 2665 ad
468 2634 537 2665 Nos
550 2636 581 2664 in
605 2633 697 2664 Curia
718 2633 905 2665 Cancellariae
919 2634 1032 2665 nostrae
1054 2643 1156 2666 contra
1173 2635 1267 2673 ipsum

201 2678 234 2708 in
253 2675 348 2706 Causa
361 2673 547 2705 Matrimonii
562 2672 616 2702 lata
630 2672 785 2710 appellabat
800 2696 809 2711 ,
831 2673 996 2711 dictamque
1012 2673 1197 2703 Milzcentiam
1214 2684 1267 2705 co-

200 2725 264 2747 ram
283 2712 448 2752 quibusdam
461 2711 613 2749 Judicibus
630 2711 776 2750 Delegatis
797 2711 910 2750 nostris,
924 2711 1074 2750 videlicet,
1094 2722 1194 2744 coram

238 2752 373 2791 Johanne
388 2749 513 2790 Epistopo
529 2749 657 2779 London.
675 2759 767 2787 nuper
783 2749 940 2792 defundio,

237 2790 341 2822 :thoma
359 2793 494 2819 coventr.
509 2785 547 2821 ὠ·
567 2786 703 2827 Lichfeld.
718 2787 807 2826 Epist.

239 2828 389 2867 Humfrido
403 2826 511 2857 Winch.
529 2824 628 2856 Milite
649 2835 685 2856 ex
701 2826 867 2863 justiciariis
883 2825 983 2858 nostris
996 2827 1031 2858 de
1050 2827 1147 2859 Banco
1173 2828 1270 2860 Com-

259 2878 287 2898 ni
304 2876 364 2897 uno
941 2897 946 2898 ⁷

207 2878 382 2937 mxllichardg
395 2906 526 2942 Hutton,
541 2901 640 2933 Milite
654 2911 714 2932 uno
731 2902 801 2932 item
819 2901 980 2940 justiciario
997 2903 1032 2934 de
1054 2903 1149 2936 Banco
1174 2906 1273 2937 Com—

207 2946 306 2982 muni²
580 2980 584 2985 .
600 2979 605 2985 .
724 2978 730 2984 .

244 2981 358 3013 Randul
374 2981 406 3010 ho
425 2983 525 3018 Crew,
538 2978 635 3010 Milite
650 2978 796 3009 Serwente
812 2978 847 3009 ad
865 2977 995 3018 Legem,

251 3024 294 3052 W
294 3020 350 3050 illie
363 3029 404 3048 mo
417 3018 506 3056 Bird,
523 3016 619 3047 Milite
640 3016 764 3047 Decano
778 3017 815 3048 de
831 3017 980 3055 Arcubus,

245 3059 349 3090 Thoma
369 3056 483 3094 Ridley,
499 3055 611 3095 Milite,

245 3098 266 3119 ²¹²
287 3095 421 3128 Nicholao
435 3093 584 3132 stiward,

246 3136 287 3167 Et
303 3134 436 3166 Arthure
457 3133 554 3170 Duck,

250 3175 368 3214 Legum
388 3171 586 3208 Doctoribus,

249 3213 342 3243 Citari
362 3211 540 3249 procurabat.
774 3246 779 3252 ¹
821 3247 827 3253 ι
863 3247 868 3253 ,
928 3247 933 3253 ι
1116 3248 1122 3253 ο
1166 3249 1172 3254 .

250 3252 313 3291 Qi
328 3250 445 3289 quidem
461 3248 576 3288 Judices
589 3255 726 3276 eorumve
746 3245 847 3285 aliqui,
860 3257 891 3277 m
904 3246 981 3278 dista
994 3247 1186 3286 appellationis
1197 3248 1274 3279 Cau-

215 3290 245 3322 sa
265 3291 340 3321 inter
363 3296 452 3328 partes
476 3285 625 3324 praediecas
645 3285 762 3322 inique,
779 3294 811 3315 ut
832 3285 978 3324 asseritur,
997 3288 1031 3317 &
1047 3287 1158 3318 nulliter
1173 3297 1274 3325 proce-

212 3330 310 3361 dentes
336 3326 513 3358 Sententiam
526 3323 669 3362 quandam
683 3323 718 3352 de
733 3322 899 3360 fa&o,cum
914 3324 1029 3363 dejure
1044 3335 1103 3355 non
1121 3333 1274 3363 potuerunt

210 3376 260 3400 aut
276 3350 454 3402 debuerunt,
470 3362 695 3393 Matrimonium
714 3361 884 3398 praedidium
906 3362 1082 3401 annullandi,
1103 3366 1136 3396 &
1157 3364 1277 3396 Senten-

215 3409 287 3438 tiam
301 3415 355 3445 pro
370 3402 564 3434 Matrimonio
584 3401 658 3438 prius
673 3399 756 3430 latam
770 3400 894 3431 irritandi
916 3402 949 3432 ὅτ.
969 3402 1139 3442 revocandi,
1155 3404 1276 3435 tulerunt

216 3447 248 3477 in
265 3444 383 3481 Scriptis
396 3440 570 3472 definitivam
582 3461 592 3476 ,
610 3439 639 3468 in
659 3438 833 3478 irreparabile
853 3438 938 3470 diet-ae
961 3439 1122 3471 Milicentiae
1139 3441 1276 3481 Praejudi-

218 3485 301 3515 cium
321 3484 354 3514 &
378 3480 552 3511 Gravamen.
786 3515 791 3520 .
930 3517 935 3523 ⁶
1004 3517 1009 3522 ῃ
1096 3519 1102 3524 .

253 3521 324 3552 Nos
342 3520 445 3559 igitur,
462 3515 666 3547 considerantes
684 3514 764 3551 quod
779 3523 858 3552 Juxta
874 3515 950 3553 Juris
968 3516 1192 3555 Dispofitionem
1207 3519 1277 3551 Sen-

215 3560 304 3593 tentia
322 3560 354 3590 in
367 3556 461 3588 Causa
477 3551 684 3586 Matrimoniali
697 3554 750 3583 lata
764 3563 909 3592 nunquam
931 3555 970 3585 ita
990 3556 1021 3585 in
1042 3566 1104 3586 rem
1122 3557 1275 3595 judicatam

216 3598 331 3630 transeat
362 3605 413 3634 ut,
428 3595 510 3626 novis
521 3591 651 3624 adducitis
668 3589 904 3630 Probationibus,
924 3595 1053 3624 revocari
1074 3604 1134 3625 non
1155 3595 1277 3636 debeat,

218 3646 276 3667 nec
295 3620 521 3667 Mitrimonium
541 3630 677 3669 posterius
697 3630 713 3659 a
731 3630 849 3667 praefato
867 3630 1058 3670 Sunderland,
1072 3642 1174 3664 contra
1187 3633 1277 3665 Inter-

218 3674 333 3706 dietum
354 3672 506 3709 Ecclesiae,
522 3672 555 3702 ὅτ
572 3670 601 3698 in
619 3667 833 3708 Contemptum
851 3669 884 3699 &
903 3668 1095 3706 Vilipendium
1112 3672 1281 3704 Authorita-

219 3714 255 3745 tis
271 3712 425 3750 Ecclefiae,
436 3708 618 3741 contradium
634 3707 666 3737 &
683 3706 900 3737 solemnizatum
923 3707 981 3738 ullo
1000 3708 1098 3740 favore
1114 3710 1279 3751 dignantes,

223 3753 299 3782 moti
317 3752 403 3782 etiam
420 3746 583 3780 humillima
603 3746 662 3782 Sup
684 3746 813 3776 licatione
831 3746 864 3776 ὃς
885 3745 1008 3783 Querela
1030 3748 1154 3785 praefatae
1175 3749 1280 3780 Subdi-

221 3798 261 3820 tae
282 3790 316 3820 &
337 3788 478 3826 supplicis
493 3784 598 3817 nostrae
614 3787 659 3813 Mi
672 3786 775 3814 icentiae
790 3787 903 3822 Conyers
919 3806 940 3827 ².
957 3783 1098 3824 allegantis
1116 3788 1195 3825 quod
1214 3799 1280 3819 om-

222 3827 306 3858 nibus
325 3826 570 3864 Appellationibus
588 3822 698 3860 aliisque
715 3822 862 3853 Remediis
879 3823 1082 3862 ordinariis,ad
1094 3826 1214 3857 diversas
1228 3828 1279 3858 Al—

223 3865 377 3904 legationes
394 3865 428 3894 &
444 3864 627 3894 Probationes
645 3871 698 3900 pro
715 3860 762 3892 sua
780 3860 953 3892 Defenfione
972 3862 1128 3901 faciendas,
1144 3874 1208 3902 quae
1227 3877 1281 3896 no-

947 3899 1024 3968 s{ure
1048 3902 1081 3934 δε
1100 3902 1211 3940 Rigore
1228 3904 1283 3934 Le-

971 3940 1040 3970 ituta
1055 3950 1163 3971 maneat
1172 3943 1220 3978 ,&
1235 3952 1285 3980 pe-

225 3980 310 4012 tentis
324 3986 459 4017 quatenus
476 3978 582 4016 ipsam,
600 3987 634 4009 ex
653 3978 682 4007 vi
700 3978 732 4009 &
750 3977 851 4007 virtute
875 3976 1076 4016 Praerogativae
1096 3979 1201 4010 nostrae
1224 3981 1285 4011 Re-

225 4019 394 4058 giae,quam
417 4014 602 4046 Affiieiorum
618 4015 750 4047 Praesidio
762 4014 853 4045 deesse
866 4015 1011 4054 nolumuS,
1032 4017 1150 4048 relevare
1165 4020 1285 4057 gratiose

224 3905 296 3935 viter
312 3901 348 3932 ad

363 3901 423 3969 ιέὐε
440 3903 570 3932 notitiam
587 3908 773 3938 pervenerunt
788 3922 798 3937 ,
822 3899 936 3930 summo

224 3951 298 3982 gum
316 3941 350 3972 &

391 3947 544 3970 tatutorutn
561 3939 662 3977 Regni
677 3939 764 3969 nostri
781 3938 894 3976 Angliae
909 3937 945 3968 de

227 4057 427 4096 dignaremur-3
439 4053 628 4085 Praefatorum
651 4054 858 4095 Deiegatorum
879 4053 1044 4086 nostrorum
1054 4055 1173 4094 Judicio
1189 4058 1222 4088 ὃς
1239 4057 1288 4088 In·
1324 4061 1360 4090 de
1377 4060 1439 4098 jure
1457 4058 1487 4087 in
1506 4058 1560 4088 hac
1579 4064 1654 4093 parte
1673 4057 1808 4087 vocandis
1823 4080 1832 4092 ,
1861 4066 1894 4088 ac
1917 4058 1995 4094 juxta
2018 4060 2146 4091 formam
2163 4062 2329 4092 retroactam
2349 4062 2377 4088 iti

268 4097 341 4126 Tom-
359 4094 425 4125 Vn.
439 4093 473 4122 P.
492 4092 539 4121 1V.

1303 265 1426 300 tegritati
1443 266 1602 299 nullatenus
1624 270 1652 299 in
1672 269 1726 301 hac
1741 278 1819 308 parte
1837 270 2016 310 derogantes,
2030 274 2076 304 sed
2090 274 2215 311 praefatae
2231 273 2359 306 Subditae

1303 302 1337 344 ὃς
1355 302 1482 344 Supplici
1498 305 1603 336 nostrae
1615 316 1685 337 cum
1701 311 1830 345 aequitate
1846 309 1992 346 Justiciam
2008 314 2037 341 in
2052 312 2215 342 Praesidium
2234 311 2292 342 fieri
2306 323 2358 343 cu-

1301 348 1437 380 pientes-3
1474 342 1511 373 de
1533 344 1567 374 δε
1590 353 1659 374 cuin
1675 347 1793 376 confih'o
1816 348 1849 376 &
1865 348 2055 380 advisamento
2076 350 2311 380 Reverendiffimi
2329 352 2358 381 in

1303 376 1419 410 Christo
1432 380 1694 418 Patris,praedile<sti
1710 385 1743 414 ὃς
1759 385 1846 414 fidelis
1864 386 2021 418 Consiliarii
2035 388 2270 426 nostri,Georgii,
2282 388 2356 419 Pro-

1300 416 1424 448 videntia
1441 418 1565 456 Divina,
1579 421 1780 460 Cantuarienfis
1792 424 1988 465 Archieptfiopi
2000 449 2010 464 ,
2037 426 2072 456 ad
2095 427 2261 464 praesentem
2275 428 2355 457 veni-

1300 462 1363 484 mus
1378 455 1609 494 Dispofitionem.

1337 492 1437 524 Sciatis
1453 495 1543 532 igitur
1555 495 1636 534 quod
1656 496 1757 535 vobis,
1777 505 1822 528 aut
1838 499 1974 536 aliquibus
1992 502 2116 541 quinque
2129 502 2255 533 vestrum
2268 505 2353 542 (quo-

1298 539 1363 560 rum
1392 533 1542 568 praefatum
1565 533 1742 564 Lancelotum
1763 537 1918 575 Epfiopum
1941 542 2067 569 Winton.
2088 539 2247 577 Johannem
2262 542 2354 571 Dode-

1297 569 1525 607 ridge,Militem
1541 574 1575 604 &
1590 573 1750 603 Barnabam
1763 574 1861 612 soum,
1882 575 1993 615 Legum
2016 578 2176 608 Dodhirem
2193 579 2302 617 semper
2320 582 2350 611 in

1296 609 1430 639 omnibus
1445 610 1479 639 ad
1496 611 1570 641 hanc
1588 610 1710 641 Causam
1729 613 1932 650 pertinentibus
1955 637 1965 652 ‚
2003 625 2054 645 tres
2080 616 2136 645 else
2155 617 2295 655 volumus)
2313 618 2350 648 de

1295 655 1418 683 quorum
1438 650 1569 679 omnium
1587 649 1621 680 &
1638 649 1813 687 singulorum
1832 651 1962 682 fidelitate
1978 653 2042 683 sina
2066 653 2211 685 Doctrina
2225 657 2257 686 ὃ(
2281 656 2349 686 Dis-

1293 685 1420 715 cretione
1434 687 1588 723 plurimum
1604 688 1796 727 confidimus,
1809 698 1843 719 ex
1863 690 1940 720 cert&
1960 690 2085 721 Scientia
2105 692 2138 721 &
2160 703 2239 723 mero
2261 694 2349 725 Motu

1294 721 1412 762 nostris,
1427 733 1460 754 ac
1479 734 1514 754 ex
1532 724 1627 761 Regia
1641 726 1737 757 nostra
1752 726 1944 766 Praerogativa
1960 729 1992 758 &
2008 729 2185 760 Plenitudine
2202 732 2350 762 Potestatis

1294 760 1399 791 nostrae
1416 763 1444 791 in
1465 761 1560 793 Cauiis
1578 763 1779 795 Ecclesiasticis
1789 787 1800 803 ,
1821 775 1907 803 quam
1924 767 2004 803 argui
2024 776 2071 798 aut
2088 768 2186 799 discuti
2201 771 2351 808 nolumus,

1295 797 1499 839 Revifionem,
1514 800 1802 834 Reexaminationem
1823 806 1856 835 &
1877 803 1988 835 finalem
2009 804 2285 838 Determinationem
2305 817 2352 838 to—

1294 838 1347 867 tius
1362 838 1464 869 Causae
1483 840 1641 876 principalis
1658 842 1878 879 praedidtaefflna
1893 852 1962 873 curn
1977 843 2029 873 suis
2046 844 2349 883 incidentibus,emer-

1295 877 1690 917 gentibus,dependentibus‚
1709 882 1822 910 annexis
1838 881 1871 911 δε
1888 883 2023 911 connexis
2043 882 2251 921 quibuscunque
2272 906 2282 922 ,
2315 895 2349 916 ac

1295 914 1382 944 totius
1404 914 1506 945 Cause
1521 915 1689 946 Processum
1707 918 1778 949 inter
1794 918 1888 949 Partes
1906 920 2072 959 praedietas,
2089 930 2137 958 per
2157 921 2220 951 haec
2242 922 2351 960 Scripta

1297 949 1391 981 nostra
1410 953 1622 984 committimus
1637 955 1669 984 &
1689 956 1870 995 injungimus.

1335 990 1482 1028 Vobisque
1494 992 1598 1030 ctiam,
1617 993 1662 1022 vel
1679 993 1817 1032 aliquibus
1833 995 1956 1034 quinque
1975 995 2103 1027 vestr‘i'im
2124 998 2265 1035 (quorum
2281 1007 2353 1035 prce-

1295 1026 1388 1057 fatum
1419 1029 1573 1068 Epzfiopam
1599 1033 1724 1062 Winton.
1755 1032 1915 1071 Johannem
1944 1035 2094 1072 Doderidge
2127 1037 2160 1067 &
2194 1036 2355 1066 Barnabam

1294 1065 1398 1103 Souch,
1413 1074 1466 1098 tres
1483 1069 1539 1098 esse
1558 1068 1702 1106 volumus)
1729 1071 1938 1103 Authoritatem
1956 1074 1990 1105 &
2010 1073 2183 1104 Potestatem
2204 1084 2252 1112 per
2275 1074 2353 1105 Prae-

1295 1103 1385 1135 sentes
1405 1105 1564 1143 damus,&
1583 1106 1702 1138 firmiter
1722 1110 1899 1147 injungendo
1919 1111 2101 1150 mandamus,
2130 1122 2241 1144 uatenus
2261 1123 2349 1144 voca-

1295 1150 1326 1172 to
1349 1143 1478 1180 primitiis
1494 1154 1593 1175 coram
1612 1147 1694 1176 vobis
1712 1148 1848 1185 praediito
1865 1149 2031 1179 Abrahamo
2046 1153 2102 1180 Sun
2121 1150 2234 1189 erland,
2252 1152 2350 1189 primo

1297 1182 1331 1211 &
1350 1190 1416 1213 ante
1432 1184 1532 1213 omnia
1548 1183 1694 1220 praefatam
1709 1186 1896 1216 Milicentiam
1916 1191 2028 1227 Conyers
2044 1198 2144 1219 contra
2159 1189 2266 1227 lapsum
2281 1199 2353 1220 tem-

1298 1220 1387 1257 poris,
1401 1219 1634 1259 Sententiamque
1648 1223 1813 1260 praedictam
1839 1235 1939 1256 contra
1963 1227 2049 1266 ipsam
2071 1228 2300 1266 qualitercunque
2315 1228 2353 1258 la-

1298 1266 1358 1288 tam
1369 1280 1378 1296 ,
1394 1259 1427 1288 &
1442 1258 1648 1290 Executionem
1661 1261 1784 1298 ejusdem
1805 1264 1959 1302 omniaque
1979 1265 2044 1295 inde
2063 1266 2219 1305 sequentia,
2236 1268 2264 1296 in
2280 1267 2353 1296 inte-

1298 1305 1384 1335 grum
1398 1295 1562 1335 restituatis,
1575 1308 1693 1336 eamque
1710 1300 1834 1330 securam
1853 1302 1947 1332 donec
1966 1304 1999 1334 ὃς
2018 1304 2162 1341 quousque
2180 1304 2269 1335 Causa
2282 1315 2355 1342 prae-

1299 1334 1376 1365 di&a
1397 1344 1446 1373 per
1463 1345 1516 1365 vos
1532 1335 1647 1366 finaliter
1664 1338 1755 1368 decisa
1778 1338 1811 1368 δε
1833 1342 1982 1371 terminata
2006 1342 2089 1372 fuerit
2108 1343 2275 1373 authoritate
2300 1353 2354 1373 no-

1301 1372 1358 1403 stra
1370 1372 1498 1412 faciatis,
1517 1373 1673 1413 Novasque
1690 1376 1896 1415 Allegationes,
1915 1378 2101 1410 Instrumenta
2115 1403 2124 1418 ,
2147 1382 2301 1418 Scripturas
2321 1383 2354 1413 &

1301 1410 1488 1441 Probationes
1510 1412 1689 1453 quascunque
1707 1424 1743 1444 cx
1761 1415 1842 1445 altera
1858 1425 1935 1453 parte
1953 1421 2148 1455 proponendas
2168 1419 2358 1450 indifferenter

1302 1449 1452 1480 admittatis
1464 1451 1496 1481 &
1513 1451 1665 1490 recipiatis3
1684 1463 1717 1483 ac
1733 1453 1835 1484 deinde
1856 1464 1905 1491 pei·
1923 1454 2098 1487 Sententiam
2121 1458 2243 1488 vestram
2259 1457 2359 1488 defini-

1302 1488 1470 1526 tivam,s1ve
1486 1487 1566 1519 finale
1584 1489 1707 1520 vestrum
1727 1491 2082 1531 Decretum,antedi6tam
2099 1494 2217 1526 Causam
2233 1496 2288 1526 fine
2307 1497 2355 1526 de-

1303 1527 1366 1557 bito
1380 1527 1553 1566 terminetis,
1571 1528 1734 1568 distamque
1752 1530 1926 1561 Sententiam
1955 1542 2004 1569 per
2031 1532 2184 1572 Delegatos
2208 1535 2358 1571 praedictos

1303 1574 1460 1603 verumque
1475 1565 1562 1596 latum
1577 1589 1587 1604 ,
1612 1570 1766 1606 omniaque
1793 1569 1894 1600 exinde
1913 1569 2050 1608 sequentia
2070 1573 2209 1602 revocetis
2224 1575 2256 1604 &
2276 1581 2359 1602 retra·

1304 1603 1401 1639 eteris,
1419 1612 1465 1633 aut
1482 1605 1566 1634 etiam
1583 1605 1724 1636 ratificetis
1738 1606 1770 1637 &
1792 1607 1967 1638 confirmetis
1990 1621 2000 1645 ·,
2038 1617 2192 1647 caeteraque
2209 1612 2305 1640 onmia
2324 1612 2357 1641 &

1303 1640 1405 1679 singula
1421 1641 1527 1671 faciatis
1541 1664 1551 1679 ,
1576 1653 1639 1680 quae
1659 1645 1741 1674 vobis
1756 1653 1802 1675 aut
1819 1645 1957 1685 aliquibus
1976 1648 2100 1685 quinque
2119 1647 2243 1678 vestrum
2263 1649 2273 1685 (
2284 1659 2357 1686 quo-

1305 1688 1371 1709 rum
1389 1679 1519 1716 praefatos
1534 1681 1714 1711 Lancelotum
1728 1684 1756 1710 Ε
1773 1685 1881 1722 iscopum
1901 1688 1943 1714 W
1943 1688 2031 1715 inton.
2043 1685 2204 1723 Johannem
2215 1687 2363 1724 Doderidge

1306 1716 1436 1748 Militem
1455 1718 1489 1749 &
1509 1719 1670 1748 Barnabam
1688 1723 1752 1750 Souc
1792 1722 1905 1759 Legum
1924 1723 2106 1761 DoCtorem,
2130 1733 2184 1755 tres
2202 1725 2259 1755 effe
2281 1725 2363 1755 volu-

1306 1757 1387 1792 mus)
1411 1755 1540 1786 facienda
1557 1757 1854 1798 videbunturjusticia
1872 1762 2027 1792 mediante:
2055 1760 2209 1793 Inhibeatis
2229 1771 2363 1803 praeterea

1302 1794 1348 1824 seu
1367 1794 1489 1824 inhiberi
1505 1795 1612 1825 faciatis
1627 1799 1817 1835 peremptorie
1841 1800 1959 1838 praefato
1981 1799 2144 1830 Abrahamo
2167 1801 2363 1840 Sunderland,

1302 1831 1423 1878 praefatis
1436 1831 1543 1862 Thomae
1560 1837 1662 1865 caven.
1675 1832 1713 1868 ὠ·
1728 1835 1866 1875 Lichfeld.
1889 1836 2011 1906 Epsifiopo
2022 1862 2031 1876 ‚
2061 1838 2211 1878 Humfrido
2241 1839 2364 1880 Winch,

1301 1871 1416 1901 Ricardo
1430 1873 1559 1909 Huttun,
1574 1872 1715 1912 Ranulpho
1730 1877 1823 1904 Crewe
1832 1898 1841 1913 ,
1862 1877 1927 1906 Wil

1934 1875 2012 1906 telmo
2027 1878 2114 1915 Bird,
2137 1877 2244 1908 Thomae
2265 1878 2361 1919 Ridley

1302 1908 1410 1947 Militi,
1424 1909 1556 1940 Nicholao
1572 1912 1718 1950 Styward,
1736 1913 1769 1943 &
1781 1913 1911 1944 Arthuro
1927 1915 2007 1944 Duck
2027 1916 2136 1954 Legum
2158 1917 2359 1955 Dostoridu-

1299 1946 1411 1978 dicibus
1428 1947 1571 1986 Delegatis
1585 1950 1732 1981 antediCtis
1748 1975 1759 1988 ,
1778 1951 1891 1990 aliisque
1908 1954 2043 1984 omnibus
2063 1957 2095 1985 ὅ(
2115 1955 2225 1993 singulis
2243 1955 2294 1993 Jus
2312 1964 2360 1986 aut

1299 1984 1433 2016 Interesse
1448 1986 1477 2015 in
1492 1988 1546 2018 hac
1562 1996 1640 2024 parte
1653 1989 1893 2026 praetendentibus
1906 2014 1916 2030 ,
1953 1993 2054 2029 quibus
2075 1992 2142 2022 Nos
2164 1994 2251 2024 etiam
2264 2002 2362 2024 tenore

1300 2024 1485 2055 Praesentium
1503 2025 1682 2065 inhibemus,
1706 2029 1743 2057 ne
1761 2029 1902 2067 pendente
1914 2029 2069 2060 Revifione
2086 2031 2246 2069 hujusmodi
2262 2032 2362 2063 Causae

1299 2072 1399 2094 coram
1418 2063 1503 2094 vobis
1520 2064 1688 2102 indiscussa,
1700 2067 1852 2105 quicquam
1871 2069 1900 2098 in
1919 2069 2118 2106 praeiudicium
2136 2070 2260 2107 praefatae
2283 2070 2363 2100 Mili-

1300 2104 1395 2132 centiae
1409 2105 1523 2141 conyers
1539 2103 1630 2140 quoad
1648 2105 1788 2142 praemiffa
1808 2107 2003 2144 quovismodo
2015 2116 2153 2138 attentent
2168 2109 2212 2139 scu
2229 2109 2360 2140 attentari

1300 2141 1419 2172 faciant:
1437 2141 1569 2172 facientes
1593 2141 1703 2180 insuper
1721 2145 1819 2174 omnia
1836 2146 1870 2176 &
1890 2145 1992 2184 singula
2009 2156 2073 2183 quae
2091 2147 2120 2176 in
2141 2146 2295 2178 Praemiffis
2314 2146 2361 2178 vel

1298 2189 1398 2210 eorum
1418 2179 1514 2217 aliquo
1533 2178 1710 2211 decreveritis
1728 2192 1777 2219 per
1797 2182 1922 2219 legitima
1937 2183 2012 2222 Juris
2038 2184 2177 2216 Remedia
2196 2186 2361 2217 executioni

1298 2217 1478 2248 demandari:
1499 2217 1713 2249 Commiffione
1730 2221 1873 2252 antedidta
1890 2222 1925 2252 ad
1944 2222 2074 2259 praefatos
2092 2223 2111 2242 *³
2126 2223 2260 2263 judices,
2275 2224 2363 2255 Dele-

1300 2264 1381 2295 gatos
1397 2256 1494 2294 fadlta,
1517 2266 1563 2287 aut
1586 2258 1800 2297 quibuscunque
1818 2261 1898 2298 hujus
1918 2260 2011 2299 Regni
2031 2260 2118 2291 nostri
2140 2263 2254 2299 Angliae
2274 2263 2363 2300 Legi-

1300 2297 1369 2363 ὺὲεῇ,
1383 2293 1511 2363 Stassmss'
1529 2294 1764 2328 Ordinationibus
1786 2298 1831 2328 seu
1857 2298 2118 2330 Consuetudinibus
2139 2300 2168 2330 in
2184 2301 2281 2341 aliquo
2300 2311 2361 2332 non

1301 2344 1321 2364 o
1370 2342 1425 2363 anti
1449 2344 1487 2363 us.

1343 2371 1434 2401 Nunc
1449 2379 1562 2409 propter
1576 2372 1694 2403 diversas
1715 2374 1894 2405 rationabiles
1907 2375 1940 2406 δε
1959 2373 2040 2412 justas
2058 2375 2161 2408 Causas
2175 2377 2244 2408 Nos
2268 2377 2296 2406 in
2311 2377 2367 2408 hac

1326 2418 1383 2440 arte
1400 2410 1552 2447 specialiter
1567 2421 1733 2450 moventes,
1749 2413 1832 2442 vobis
1846 2413 1969 2450 praefatis
1991 2414 2156 2454 Lancelato,
2180 2415 2365 2446 Providentia

1338 2448 1430 2486 iviria,
1446 2450 1571 2478 PVi7zt0n.
1591 2447 1736 2489 Eptfiopo,
1750 2451 2006 2489 Johanni,eadem
2025 2453 2362 2493 Provilentia,Episcop0

1303 2486 1410 2525 Roffin.
1422 2486 1551 2524 Johanni
1563 2489 1716 2523 Daderia'ge
1734 2489 1823 2519 Militi
1843 2491 1890 2519 uni
1909 2499 1942 2520 ex
1956 2490 2120 2528 justiciariis
2135 2493 2168 2522 ad
2189 2493 2295 2523 Placita
2310 2502 2362 2522 co-

1304 2535 1365 2554 ram
1385 2524 1482 2554 Nobis
1498 2526 1781 2564 tenenda,Edwardo
1794 2528 1931 2567 Broweley
1948 2527 2037 2558 Militi
2055 2539 2087 2559 ex
2107 2530 2262 2561 Bironibus
2277 2531 2366 2560 Scae-

1305 2564 1374 2593 carii
1390 2563 1477 2592 nostri
1492 2564 1555 2601 uni,
1573 2563 1705 2601 Johanm·
1719 2568 1807 2594 Dunn
1822 2566 1915 2596 Sacrae
1930 2566 2109 2604 Theologiae
2132 2568 2284 2599 Profeliori
2308 2569 2367 2599 Ec-

1304 2601 1394 2631 clesiae
1412 2601 1483 2631 Divi
1505 2601 1585 2631 Pauli
1607 2602 1740 2633 London.
1762 2604 1883 2634 Decano
1897 2627 1907 2642 ,
1934 2604 2084 2635 Willielmo
2098 2608 2239 2648 Awbrey,
2259 2606 2368 2644 Hugom·

1311 2640 1433 2678 Barker,
1457 2639 1606 2669 Willielmo
1623 2645 1748 2678 Saumes,
1764 2643 1903 2672 Barnabae
1919 2643 2020 2681 Somh,
2042 2644 2224 2684 Christophero
2245 2647 2287 2674 W
2287 2645 2367 2682 ivell,

1307 2678 1420 2715 Legum
1438 2677 1633 2716 Doctoribus,
1652 2681 1686 2709 ὃς
1705 2680 1823 2711 cuilibet
1843 2680 1988 2719 vestrum,
2007 2684 2206 2722 praecipimus,
2225 2685 2259 2714 ὃ(
2281 2683 2371 2713 firmi-

1307 2724 1350 2746 ter
1368 2716 1542 2754 injungendo
1562 2716 1744 2756 mandamus,
1760 2728 1896 2762 quatenus
1913 2720 1948 2749 ab
1968 2720 2097 2750 ulteriore
2116 2722 2251 2752 Processu
2269 2723 2371 2761 vigore

1308 2754 1466 2784 Literarum
1482 2755 1638 2785 nostrarum
1656 2755 1940 2787 Commiffionalium
1956 2759 2150 2795 praedictarum
2167 2762 2194 2790 in
2205 2759 2298 2791 Causa
2308 2763 2368 2797 Apss

1309 2794 1468 2830 pellationis
1486 2795 1518 2823 &
1539 2794 1672 2831 Qierelae
1687 2795 1851 2832 praedif'tae,
1865 2805 1965 2825 coram
1982 2797 2067 2826 vobis
2080 2808 2156 2827 nunc
2173 2800 2312 2836 pendente
2322 2800 2367 2828 in-

1310 2840 1351 2862 ter
1370 2832 1466 2862 Partes
1484 2832 1628 2869 praedi‘etas
1642 2855 1651 2869 ,
1681 2832 1812 2863 desistatis
1826 2829 1858 2863 &
1878 2835 1989 2871 penitus
2005 2834 2214 2874 supersedeatis,
2234 2838 2266 2868 ὃς
2287 2836 2369 2875 quili-

1311 2871 1360 2900 bet
1376 2869 1504 2899 vestrum
1522 2869 1631 2900 desistat
1649 2872 1682 2902 ὃ(
1703 2872 1814 2908 penitus
1831 2871 1999 2909 supersedeat
2014 2883 2020 2902 ι
2048 2873 2083 2903 Et
2108 2883 2207 2905 tamen
2233 2885 2265 2905 ex
2285 2876 2368 2906 certis

1312 2908 1410 2939 Causis
1427 2909 1556 2946 legitimis
1575 2908 1643 2939 Nos
1661 2911 1691 2938 in
1711 2910 1763 2939 hac
1783 2918 1858 2947 parte
1875 2911 2030 2949 specialiter
2050 2914 2251 2951 moventibus,
2264 2914 2298 2944 ad
2315 2913 2369 2943 Pe-

1312 2948 1445 2977 titionem
1465 2947 1605 2984 praedidiae
1623 2947 1783 2977 Mdicentiae
1802 2951 1933 2988 Conyers,
1953 2959 1987 2979 ex
2007 2951 2083 2980 certa
2103 2951 2226 2982 Scientiii
2243 2953 2275 2982 ὅ(
2290 2961 2371 2982 mero

1316 2984 1406 3015 Motu
1427 2984 1527 3014 nostris
1536 3007 1545 3022 ,
1562 2986 1642 3015 vobis
1655 2987 1864 3022 praenominatis
1876 2987 2233 3024 Lanceloto,Pr0videnti{1
2250 2989 2371 3027 Divina,

1315 3025 1440 3053 Winton.
1454 3021 1597 3062 Epifiopo,
1610 3023 1755 3062 Johanni,
1777 3024 1876 3055 eadem
1895 3025 2096 3063 Providentia,
2117 3027 2241 3067 Epifiopo
2265 3028 2369 3068 Roffin.

1309 3060 1439 3099 Johanni
1453 3061 1621 3098 Doderidge,
1631 3061 1719 3092 Militi
1734 3063 1784 3092 uni
1801 3073 1835 3093 ex
1849 3064 2013 3102 justiciariis
2026 3066 2060 3095 ad
2081 3065 2187 3096 Placiia
2203 3076 2301 3097 coram
2318 3077 2371 3097 no-

1312 3100 1353 3129 bis
1368 3099 1505 3137 tencnda,
1521 3100 1665 3129 Edwardo
1681 3100 1818 3140 Bromeley
1844 3124 1853 3139 ‚
1893 3102 1983 3133 Militi
2002 3112 2035 3135 ex
2054 3103 2208 3135 Baronibus
2230 3105 2372 3136 scaccarii

1312 3137 1402 3168 nostri
1419 3138 1486 3175 uni,
1503 3137 1633 3176 Johanni
1651 3140 1856 3176 Dunn,Sacrae
1874 3140 2047 3180 Theologiae
2066 3142 2219 3173 Prosellori
2234 3143 2370 3174 Eccleliae

1310 3175 1383 3207 Divi
1402 3175 1480 3206 Pauli
1498 3177 1633 3207 London.
1653 3176 1776 3208 Decano
1790 3200 1799 3215 ,
1825 3178 1971 3209 H'illielmo
1987 3180 2110 3220 Awbrey
2127 3203 2136 3218 ,
2160 3184 2270 3217 Hugoni
2291 3185 2366 3211 Bar-

1311 3215 1375 3253 ker,
1392 3216 1434 3245 W
1435 3214 1543 3244 illielmo
1558 3218 1683 3253 Saumes,
1696 3216 1836 3246 Barnabae
1849 3217 1949 3255 Souch,
1966 3218 2152 3258 christoph-ero
2168 3219 2294 3258 Wzvell,
2311 3220 2368 3250 Le-

1312 3263 1383 3291 gum
1399 3253 1554 3290 reipeffive
1575 3253 1773 3292 Dostoribus,
1793 3255 1972 3286 consimilem
1993 3257 2202 3288 Authoritatem
2225 3260 2257 3289 δε
2286 3258 2371 3289 Pote-

1314 3293 1415 3322 statem
1434 3293 1462 3321 in
1476 3291 1638 3328 supradietis
1656 3292 1754 3323 Literis
1768 3293 1868 3322 nostris
1879 3293 2162 3326 Commiffionalibus
2178 3295 2371 3334 comprehen-

1313 3331 1369 3361 sam
1380 3353 1390 3368 ,
1408 3331 1437 3360 in
1453 3330 1531 3360 dicta
1551 3329 1643 3360 Causa
1661 3332 1693 3361 &
1711 3331 1806 3361 Cauiis
1823 3331 2024 3370 Appellationis
2057 3343 2090 3363 ac
2110 3335 2138 3363 in
2157 3333 2247 3364 Causa
2265 3336 2370 3372 princi-

1313 3369 1386 3408 pali,
1402 3378 1471 3398 cum
1489 3367 1540 3398 suis
1555 3367 1762 3406 Incidentibus,
1782 3368 2012 3408 Emergentibus,
2031 3356 2265 3408 Dependentibus
2276 3395 2285 3411 ,
2312 3374 2372 3404 An-

1313 3408 1390 3438 nexis
1410 3408 1442 3437 &
1464 3406 1612 3438 Connexis
1634 3407 1869 3445 quibuscunque,
1902 3409 1931 3438 in
1955 3409 2050 3439 forma
2076 3409 2223 3447 subscripta
2242 3411 2372 3443 duximus

1312 3445 1611 3482 committendam&
1627 3454 1724 3475 tencre
1743 3445 1941 3484 Praesentium,
1956 3448 1989 3477 &
2009 3457 2056 3484 per
2075 3448 2136 3478 haec
2154 3448 2265 3486 Scripta
2277 3449 2370 3481 nostra

1313 3485 1540 3521 committimus,
1563 3483 1730 3512 mandantes
1750 3492 1883 3520 quatenus
1900 3496 1950 3515 vos
1969 3485 2073 3522 pitefati
2089 3486 2269 3526 Lancelotus,
2298 3488 2370 3518 Pro-

1312 3521 1438 3555 videntia
1458 3521 1582 3558 Divina,
1602 3524 1731 3550 lVinton.
1746 3521 2188 3561 Epfivpus,Johannes‚eiidem
2211 3526 2368 3556 Providen-

1313 3561 1369 3599 tia,
1387 3560 1482 3599 Epifio
1500 3570 1528 3588 us
1546 3558 1648 3597 Roffi’n.
1665 3559 1813 3597 Johannes
1831 3561 1981 3597 Doderidge
1998 3584 2008 3598 ,
2042 3561 2130 3593 Miles
2154 3573 2223 3594 unus
2238 3574 2271 3594 ex
2283 3564 2370 3603 Justi-

1316 3600 1406 3631 ciariis
1425 3599 1460 3629 ad
1496 3598 1576 3627 lacita
1590 3606 1686 3628 coram
1708 3597 1808 3627 Nobis
1823 3599 1960 3637 tenenda,
1970 3600 2128 3630 Edwardus
2141 3602 2295 3640 Bromeley,
2307 3603 2367 3633 Mi-

1315 3638 1352 3668 les
1368 3647 1401 3668 ex
1420 3636 1574 3668 Batonibus
1592 3635 1733 3666 Scaccarii
1756 3635 1842 3666 nostri
1863 3647 1950 3674 unuS‚
1974 3636 2119 3675 Juhannes
2141 3642 2247 3679 Dumt,
2274 3642 2368 3672 Sacra:

1314 3675 1486 3712 Theologiae
1500 3674 1641 3704 Professor
1655 3673 1790 3705 Ecclesiae
1808 3674 1880 3704 Divi
1896 3675 1974 3704 Pauli
1984 3676 2118 3706 London.
2127 3676 2279 3717 Decanus,
2290 3679 2368 3709 ΗΖΛ-

1314 3714 1418 3745 lielmus
1440 3712 1564 3751 Awbrey
1586 3734 1595 3748 ,
1629 3714 1708 3749 Hugo
1740 3712 1848 3741 Barker
1863 3736 1873 3750 ‚
1897 3711 2061 3743 Willielmus
2077 3718 2202 3756 Saarna,
2221 3718 2367 3747 Barnabas

1315 3750 1624 3791 Souchsthrtstopherus
1640 3749 1767 3789 Wivell,
1778 3751 1887 3790 Legum
1906 3750 2062 3787 respective
2082 3753 2299 3793 Doctores,aut
2318 3757 2367 3786 ali-

1317 3793 1364 3830 qui
1384 3792 1523 3828 quinque,
1541 3797 1677 3826 quatuor,
1694 3797 1748 3818 tres
1766 3789 1812 3819 vel
1826 3789 1885 3819 duo
1902 3788 2028 3820 vestrum
2049 3791 2189 3830 (quorum
2207 3805 2256 3824 vos
2271 3803 2371 3835 tamen>

1316 3829 1465 3869 praefatum
1489 3825 1669 3857 Lancelotum
1697 3829 1724 3856 E
1742 3825 1850 3865 iscopum
1878 3830 2006 3858 Winton.
2034 3828 2196 3867 Johanncm
2219 3835 2370 3870 Doderidge

1319 3867 1465 3904 Militem,
1483 3864 1643 3895 Barnabam
1656 3867 1738 3894 Souco
1748 3887 1757 3902 ,
1767 3865 1877 3904 Legum
1897 3865 2060 3897 Doctorem
2069 3891 2078 3906 ,
2088 3869 2131 3898 vel
2148 3870 2219 3899 duos
2237 3871 2373 3908 vestrum,

1319 3909 1350 3937 in
1369 3905 1534 3943 quacunque
1554 3903 1697 3933 Sententia
1715 3902 1860 3934 definitiva
1882 3904 1912 3933 in
1931 3903 2025 3935 Causa
2042 3907 2086 3936 vel
2108 3906 2205 3938 Cauiis
2231 3910 2373 3949 praedietis

1320 3947 1349 3975 in
1367 3945 1423 3975 hac
1442 3951 1516 3980 parte
1532 3941 1664 3978 ferenda,
1682 3943 1807 3972 omnino
1827 3942 1970 3979 praesentes
1990 3943 2045 3974 effe
2063 3945 2213 3983 volumus)
2233 3949 2373 3978 alluinen-

1321 3993 1360 4014 tes
1378 3984 1406 4012 in
1425 3990 1477 4011 vos
1496 3979 1619 4010 Causam
1640 3979 1685 4010 vel
1702 3978 1802 4009 Causas
1822 3980 1968 4017 praedictas
1983 3983 2011 4010 in
2028 3992 2062 4012 eo
2080 3982 2149 4014 statu
2167 3995 2226 4023 quo
2245 3995 2374 4023 tempore

1324 4021 1410 4052 Datae
1426 4017 1606 4050 Praesentium
1625 4018 1794 4048 ventilantur
1808 4041 1818 4057 ,
1841 4019 1873 4048 &
1892 4020 2002 4050 vocatis
2029 4022 2156 4059 primitus
2181 4034 2278 4054 coram
2297 4024 2379 4054 vobis

1778 4092 1805 4123 L
1825 4103 1845 4123 2
2322 4098 2373 4127 hu*

2380 269 2462 313 Anu.¹
2469 264 2511 306 D

2399 314 2485 353 1623.

2380 361 2394 378 2
2402 351 2506 390 iJac.1.

2387 2250 2514 2284 *XVIL

2411 2297 2476 2325 52¹·
