2557 4279
81 209 157 238 Ann.
176 206 218 236 D.

111 248 194 284 1607.

103 2233 119 2249 *
134 2233 218 2261 XVI.

725 113 1299 157 CONVENTIO

240 206 339 237 bound
356 215 427 236 unro
444 206 522 234 them
539 204 566 231 in
585 202 612 231 so
629 211 715 240 many
731 200 786 231 and
801 201 831 231 so
848 207 925 239 great
947 199 1140 240 obligations,

239 283 378 353 NGiven
404 289 430 311 at
448 290 501 310 our
525 277 635 307 Pallace
659 276 694 318 cf
715 276 911 316 westminster,
941 276 991 307 the
1011 276 1140 308 fifteenth
1164 275 1248 314 Daye
1271 273 1308 304 of

278 322 424 352 ovember.

239 127 321 163 160

854 355 908 383 Per
925 353 1007 393 ipfiaem
1022 356 1128 390 Regem.

242 483 290 514 De
306 477 522 513 Pordonatione
538 487 592 523 pro
614 478 732 510 szone
751 476 838 510 ΚΜΔ
855 475 891 509 de
912 478 1100 509 Invocatione
1118 477 1155 514 ὠ·
1192 476 1305 520 Conju-

584 529 698 557 ratione
720 525 973 559 Cacodaemonum.

211 641 218 648 ,
246 611 382 668 REX,
399 611 535 642 omnibns
549 609 583 640 ad
598 619 687 648 quos,
705 611 766 641 δίε.
786 609 922 640 Salutem.

363 650 445 680 Cum
458 653 529 679 Simo
546 650 636 678 Reade
650 659 739 687 nuper
753 648 788 679 de
802 647 928 678 London
942 646 971 677 in
988 645 1144 677 Medicinis
1159 645 1306 677 Professor

178 719 185 726 ,
244 687 401 720 Indietatus
413 689 538 719 extiterit
554 687 589 717 de
606 697 642 717 eo
659 688 737 724 quod
757 687 811 724 ipse
828 687 905 716 idem
924 688 1016 723 Simo,
1034 684 1137 715 Deum
1154 694 1214 722 prae
1232 695 1304 715 ocu·

191 757 195 763 ,
245 726 276 757 lis
292 728 345 758 suis
365 738 426 758 non
440 728 565 763 habens,
584 725 630 756 sed
656 725 841 764 Instigatione
865 723 1022 754 Diabolicfi
1040 722 1186 761 seductus,
1205 731 1306 755 contra

247 764 327 797 Fidei
346 766 518 797 Christianae
535 763 761 801 Profeffionetn,
780 773 813 793 ac
834 761 1050 793 Sacrosanet-um
1072 761 1131 791 Dei
1153 761 1305 801 Verbum,

246 814 362 836 necnon
377 814 479 836 contra
495 804 586 843 Leges
601 802 684 840 hujus
700 801 799 840 Regni
814 800 904 831 nostri
919 800 1044 839 Angliae,
1059 800 1170 844 oolam
1181 802 1307 830 DieNo-

245 844 364 874 vembris
382 844 469 874 Anno
486 843 583 878 Regni
597 840 687 871 nostri
702 840 815 877 Angliae
833 839 960 869 Franciae
981 840 1015 871 ὃς
1029 838 1180 869 Hiberniae
1203 848 1306 877 quarto

244 882 279 912 &
292 884 399 913 Scotiae
416 881 642 920 quadragelimO,
659 878 733 916 apud
746 878 919 909 Parochiam
937 877 1037 908 Sancti
1052 876 1176 916 Georgii
1190 879 1219 908 in
1235 878 1308 909 Bur—

244 929 283 958 go
300 922 336 951 de
350 920 538 952 Southwarke
553 920 582 947 in
599 916 749 948 Comiratu
765 916 866 947 nostro
879 916 1001 954 Surriae,
1019 916 1161 947 diabolice
1177 918 1306 955 nequiter

245 959 279 989 &
301 961 425 990 felouice
448 957 642 996 practizavent
664 957 697 987 &
717 956 873 985 exercuerit
900 955 1019 986 diverfiis
1047 955 1250 986 Invocationes
1273 955 1307 986 &

247 997 469 1036 Conjurariones
482 996 622 1025 malorum
637 996 669 1025 &
685 994 874 1024 nefandorum
887 993 1041 1031 Spirituum
1060 995 1093 1025 &
1108 992 1308 1025 Cacodaemo-

245 1046 318 1067 num
336 1037 477 1075 (Anglice
494 1033 613 1063 chked
632 1032 751 1070 spirits)
777 1042 810 1062 ac
834 1041 891 1062 tarn
913 1032 1016 1063 eodem
1037 1033 1149 1062 053an
1171 1035 1227 1062 Die
1244 1034 1306 1063 No-

243 1076 363 1105 vembris
380 1076 466 1104 Anno
484 1071 659 1110 l‘upmdieto,
679 1072 767 1108 quern
783 1071 896 1100 diversis
920 1070 980 1101 aliis
999 1070 1113 1102 Diebus
1129 1072 1162 1102 &
1186 1070 1308 1102 Vicibus

242 1114 340 1151 postea
357 1115 428 1143 inter
444 1112 554 1142 όίἇὶυιτ]
570 1111 699 1139 olzavam
714 1112 798 1139 Diem
812 1109 982 1139 Novembris
1003 1109 1036 1140 &
1059 1112 1201 1139 Decimum
1223 1113 1306 1139 Diem

241 1152 381 1190 Januarii
396 1160 463 1180 tunc
478 1149 614 1187 proximo
630 1148 808 1186 sequentem,
827 1148 902 1186 apud
916 1147 1087 1178 Parochiam
1105 1148 1307 1179 Sanc‘tiGeor-

243 1192 285 1227 gii
303 1190 469 1228 praedic‘tam
488 1189 516 1217 in
535 1186 685 1217 Cortiitatu
702 1186 802 1216 nostro
816 1186 922 1217 Surriae
947 1187 1085 1224 praedicto
1099 1209 1109 1223 ,
1126 1187 1253 1217 felonice
1271 1187 1306 1218 &

244 1230 374 1266 nequiter
390 1227 564 1257 invocaverit
579 1227 612 1256 &
630 1225 821 1264 conjuraverit
845 1224 968 1255 diversos
982 1226 1070 1255 malos
1092 1226 1125 1256 ὃ(
1149 1225 1307 1256 diabolicos

244 1267 362 1306 Spiritus
376 1267 409 1296 δε
426 1264 656 1296 Cacodaemones
672 1264 819 1301 (Anglice
836 1264 956 1293 Wicked
966 1267 1063 1303 Spirits
1078 1265 1088 1299 )
1108 1263 1257 1302 videlicet,
1273 1275 1308 1295 u-

244 1315 316 1335 num
331 1304 487 1336 eorundem
500 1304 654 1341 Spirituum
676 1304 710 1333 &
734 1301 986 1332 Cacodaemonum
1009 1312 1058 1341 per
1079 1302 1204 1332 Nomen
1227 1305 1307 1332 Hea-

244 1343 351 1381 welon,
368 1343 487 1373 alterum
506 1340 667 1371 eorundem
685 1351 734 1378 per
749 1339 874 1371 Nomen
897 1342 1057 1379 Faternon,
1076 1342 1109 1372 δε
1123 1341 1241 1371 alterurn
1257 1351 1308 1371 eo-

243 1382 363 1412 rundem
378 1391 428 1419 per
454 1380 580 1411 Nomen
601 1378 752 1417 Cleveton,
768 1379 802 1409 ea
820 1380 976 1409 intentione
996 1379 1031 1408 ad
1052 1378 1252 1416 inquirendum
1274 1380 1307 1410 δε

243 1420 482 1459 cognoscendum
497 1420 512 1449 ὲ,
526 1418 644 1456 praefatis
659 1416 807 1457 Spiritibus
821 1418 854 1448 &
870 1416 1147 1454 Cacodaemonibus,
1164 1426 1228 1454 quae
1237 1416 1307 1447 Per·

243 1459 308 1489 sona
322 1459 451 1489 fuerit&
470 1457 592 1487 Nomen
607 1456 679 1486 illius
702 1455 835 1486 Personae
856 1456 904 1493 qui
928 1464 1080 1494 praeantea,
1100 1456 1220 1492 scilicet,
1237 1455 1306 1484 deci-

246 1508 288 1527 mo
302 1501 386 1527 tertio
401 1500 456 1526 Die
469 1495 596 1526 celebris
608 1503 679 1525 tunc
693 1495 795 1524 ultimo
811 1494 973 1531 praeteritO,
992 1493 1119 1523 felonice
1134 1493 1251 1532 cepiliet
1273 1494 1307 1524 &

247 1536 354 1566 futatus
369 1535 462 1566 fuisset
478 1535 628 1564 Summam
643 1535 768 1570 Triginta
775 1533 879 1571 septem
893 1531 1044 1561 Librarum
1068 1531 1107 1567 ᾤ’
1130 1532 1218 1562 decem
1238 1532 1307 1562 Soli-

250 1574 344 1603 dorum
360 1574 450 1613 legalis
464 1572 598 1603 Monetae
615 1571 727 1609 Angli-:e
742 1579 819 1600 extra
837 1569 1042 1600 Posseffionem
1058 1571 1205 1609 cujusdam
1220 1571 1310 1600 Tobiae

249 1612 384 1642 Mathew
400 1621 465 1642 tunc
482 1611 517 1641 de
531 1609 669 1642 Parochia
686 1609 801 1640 Sanc'tae
820 1607 922 1638 Mariae
940 1608 1096 1650 Staynings
1114 1611 1145 1639 in
1166 1609 1309 1640 London:

249 1661 300 1689 ae,
321 1661 350 1681 ut
365 1650 520 1682 eorundem
542 1649 701 1685 spirituum
721 1648 754 1678 δε
775 1646 1034 1677 Cacodaemonum
1053 1657 1109 1686 ope
1127 1649 1160 1680 ὃ(
1188 1648 1311 1687 auxilio,

250 1690 343 1720 dictus
361 1690 455 1720 Tobios
475 1686 621 1722 Mathew,
641 1685 747 1727 dictam
761 1683 919 1729 Summam·
935 1688 1065 1723 Triginta
1079 1685 1185 1725 septem
1207 1687 1312 1717 Libra-

250 1739 309 1759 rum
325 1728 363 1763 (ῥυ
376 1728 461 1757 decem
478 1725 628 1756 Solidorum
644 1726 681 1754 lic
699 1723 835 1761 furatam,
852 1724 881 1754 in
895 1733 953 1761 eius
969 1724 1182 1756 Poffessionem
1205 1727 1312 1757 reobti-

249 1777 317 1799 nere
334 1771 365 1799 ot
380 1765 490 1804 adipisci
504 1762 647 1801 potuisset,
655 1763 683 1792 in
694 1762 801 1792 malum
816 1764 849 1794 &
865 1763 1054 1801 perniciosum
1067 1764 1232 1803 exemplum
1248 1774 1317 1795 om-

251 1808 334 1836 niurn
351 1807 469 1836 aliorum
489 1802 678 1833 Subditorum
696 1800 859 1831 nostrorum
877 1802 906 1831 in
926 1802 1086 1841 hujusmodi
1101 1804 1174 1843 casu,
1195 1812 1228 1834 ac
1241 1812 1316 1834 con—

252 1853 294 1875 tra.
308 1845 415 1875 Pacem
439 1841 564 1872 nostram
582 1863 592 1879 ‚
618 1838 773 1871 Coronam
794 1840 827 1870 ὃ(
850 1839 1032 1882 Dignitatem
1053 1840 1183 1881 nostras,
1201 1852 1316 1873 necnon

251 1891 351 1914 contra
369 1883 496 1912 formam
511 1879 615 1911 Statuti
630 1880 660 1908 in
676 1878 840 1916 hujusmodi
855 1881 919 1909 calu
935 1889 1026 1917 nuper
1047 1879 1115 1912 editi
1139 1882 1173 1912 &
1198 1881 1318 1920 provffi,

252 1931 336 1959 prout
354 1930 401 1953 nei·
421 1919 665 1950 {miletamentum
686 1918 859 1958 praedictum
876 1918 912 1948 de
931 1917 1073 1950 Recordo
1091 1929 1239 1952 remanens
1260 1920 1319 1959 ple-

253 1961 317 1990 nius
336 1960 424 1997 liquet
439 1960 472 1991 ὃς
490 1965 620 1996 apparet,
737 1996 741 2000 ·

292 1999 387 2029 Sciatis
403 2007 500 2029 tamen
515 1996 597 2036 quod
614 1995 692 2033 Nos,
708 1993 819 2026 Pietate
836 1995 919 2034 moti,
935 1995 970 2027 de
987 1995 1088 2028 Gratia
1103 1996 1198 2028 nostra
1211 1998 1317 2035 {pecia-

250 2037 268 2067 li
284 2047 315 2068 ac
331 2046 365 2068 ex·
381 2045 457 2068 certa
472 2036 596 2067 Scientia
610 2035 643 2065 ὃ(
663 2043 745 2064 mero
761 2034 863 2076 Motu·
875 2034 976 2065 nostris
989 2058 999 2073 ,
1027 2036 1248 2072 pardonavimus
1272 2047 1317 2069 rt.b

253 2077 380 2107 misimus
394 2077 428 2106 δε
448 2075 645 2110 relaxavimus,
664 2083 697 2103 ac
713 2083 761 2112 per
780 2073 944 2112 Praelentes,
962 2083 1015 2113 pro
1030 2074 1131 2106 Nobis
1143 2075 1317 2107 Haeredibus

254 2115 289 2145 &
317 2114 530 2146 successoribus
551 2112 653 2142 nostris
669 2134 678 2149 ,
697 2112 886 2152 pardonamus
907 2113 1080 2144 remittimus
1107 2115 1141 2146 &
1165 2115 1320 2146 relaxamus

255 2154 375 2191 praefato
389 2156 490 2183 Simoni
505 2152 595 2181 Reade
608 2160 698 2188 nuper
712 2151 748 2181 de
764 2151 892 2181 London
907 2152 939 2182 in
960 2151 1117 2184 Medicinis
1141 2152 1316 2193 Profeffori‚

255 2193 300 2222 scu
315 2202 489 2231 quocunque
505 2191 559 2220 alio
574 2190 710 2220 Nomine
726 2188 914 2228 Cognomine
930 2190 987 2222 sive
1000 2190 1158 2224 Additione
1175 2192 1319 2224 Nominis

258 2232 304 2261 vel
324 2231 539 2270 Cognoniinis,
561 2229 636 2259 Artis
655 2227 787 2258 Mistiriae
812 2228 887 2259 Loci
907 2230 952 2261 vel
978 2229 1129 2261 Locorum
1149 2231 1227 2262 idem
1248 2235 1320 2262 Simo

257 2270 348 2300 Reade
363 2270 505 2300 censeatur
524 2276 645 2298 vocetur
666 2266 722 2297 slve
744 2275 944 2306 nuncupetur,
967 2276 1015 2299 aut
1037 2279 1125 2307 nuper
1149 2270 1318 2301 censebatur

259 2310 277 2328 ²*
300 2310 453 2338 vocabatur
468 2308 522 2337 live
538 2306 770 2345 nuncupabatur,
787 2315 889 2336 omnes
904 2307 1051 2344 praedictas
1065 2309 1264 2340 diabolicas&
1278 2310 1320 2341 fe-

260 2348 365 2377 Ionica„
393 2347 589 2377 invocationes
607 2346 641 2377 &
665 2343 887 2382 Conjurationes
907 2346 1049 2377 malorum
1069 2348 1104 2379 &
1126 2348 1319 2379 nefandorum

259 2386 416 2422 stimuum
431 2386 463 2416 &
479 2384 729 2415 Cacodaemonum
745 2383 965 2422 praedictorum,
984 2395 1017 2416 ac
1031 2386 1130 2418 omnia
1153 2387 1188 2418 ὃ(
1209 2387 1317 2426 singula

262 2425 292 2454 in
308 2424 517 2454 lninetamento
533 2422 671 2461 praedicto
687 2430 824 2453 contenta
839 2423 873 2452 &
886 2422 1062 2463 specificata3

313 2463 353 2492 sic
376 2465 461 2492 etiarn
478 2463 577 2492 omnia
599 2462 632 2492 &
660 2460 831 2490 omnimoda
860 2459 991 2491 Offensos
1017 2463 1257 2502 Transgreffiones
1285 2465 1318 2496 &

266 2499 422 2531 Malefa&a
443 2509 620 2538 quaecunque
646 2507 695 2537 per
711 2497 800 2535 ipsum
819 2500 952 2528 Simonem
972 2501 1083 2537 Reade,
1101 2510 1151 2537 per
1168 2502 1194 2532 se
1210 2503 1321 2541 solum,

265 2539 322 2569 sive
340 2548 410 2569 curn
424 2539 516 2574 aliqua
540 2538 590 2566 alia
611 2536 730 2566 Persona
752 2535 798 2565 vel
816 2537 952 2573 aliquibus
977 2538 1035 2567 aliis
1049 2537 1180 2568 Personis
1203 2541 1320 2578 quibus—

264 2587 393 2615 cunque,
411 2577 642 2615 qualitercunque
655 2573 886 2612 quandocunque
903 2576 958 2606 live
969 2576 1134 2614 ubicunque
1149 2577 1221 2607 faeta
1236 2587 1321 2609 com-

266 2617 349 2646 milla
364 2616 419 2645 five
439 2623 608 2652 perpetrata,
627 2612 773 2649 praedictas
786 2612 937 2644 diabolicas
951 2614 984 2644 ὃ(
1002 2614 1139 2645 felonicas
1153 2614 1321 2647 Invocatio-

267 2665 318 2685 nes
331 2655 364 2685 &
382 2653 602 2690 conjurationes
619 2652 663 2682 seu
677 2659 774 2680 earum
800 2651 904 2689 aliquas
931 2653 960 2682 in
985 2651 1198 2684 Indichmento
1219 2655 1320 2694 praedi-

267 2694 318 2724 eto
331 2692 502 2730 specificatus
517 2693 544 2720 in
561 2691 656 2726 aliquo
677 2690 821 2731 tangentia
846 2690 902 2720 iive
920 2692 1138 2729 concernentia,
1157 2702 1191 2724 ac
1213 2694 1322 2725 Acces-

266 2733 330 2763 faria
343 2731 515 2766 earundem,
533 2730 566 2759 δε
582 2728 670 2768 Fugas
685 2728 835 2770 luperinde
855 2728 957 2767 factas,
976 2729 1044 2760 licet
1063 2730 1141 2761 idem
1158 2735 1232 2762 Simo
1246 2735 1320 2762 Rea-

266 2771 300 2801 de
317 2770 352 2800 de
368 2768 518 2800 Praernissis
532 2768 576 2798 seu
595 2767 630 2796 de
657 2766 751 2806 aliquo
781 2765 997 2798 Praemissorum
1029 2769 1179 2800 inornatus
1201 2771 1322 2802 reetatus

266 2809 399 2847 apellatus
414 2808 556 2845 impetitus
570 2804 698 2836 attinetus
717 2805 867 2836 convictus
887 2805 1022 2845 utlagatus
1047 2809 1274 2846 condempnatus
1289 2810 1323 2840 fi-

265 2858 303 2881 ve
319 2846 492 2884 adjudicatus
505 2845 598 2875 existit
615 2844 660 2875 vel
679 2853 739 2873 non
764 2843 857 2875 existit
873 2866 883 2881 ,
909 2855 956 2876 aut
981 2845 1055 2877 inde·
1071 2846 1199 2878 indictari
1224 2849 1322 2879 reetari

267 2886 402 2925 appellari
420 2885 542 2922 impetiri
558 2883 654 2922 attingi
673 2883 811 2913 convinci
831 2883 948 2921 utlagari
973 2884 1179 2923 condempnari
1198 2886 1256 2918 five
1274 2888 1323 2918 ad-

266 2926 380 2964 judicari
394 2924 543 2961 contigerit
559 2925 585 2952 in
602 2923 743 2954 futurum:

307 2966 351 2993 Ac
367 2964 449 2993 ctiam
466 2962 563 2991 omnia
581 2962 613 2991 ὃς
635 2960 737 2998 lingula
761 2958 968 2991 Indictamenta
982 2960 1096 2999 Judicia
1115 2962 1322 3004 condempna-

270 3003 364 3033 tiones
379 3001 567 3030 Executiones
582 2999 688 3029 Poenas
699 2997 816 3036 Mortis,
834 2998 939 3029 Poenas
961 3002 1136 3041 corporales,
1155 3002 1321 3034 Punitiones

267 3042 303 3071 &
322 3039 594 3076 Impril'onarnenta,
613 3047 646 3068 ac
665 3046 766 3067 ornnes
782 3037 848 3067 alias
869 3037 975 3067 Poenas
993 3039 1028 3069 &
1045 3039 1227 3072 Poenalitates
1241 3042 1320 3080 quas-

270 3088 401 3115 cunque,
421 3086 483 3114 quie
499 3076 562 3106 Nos
577 3076 666 3106 versus
679 3076 769 3112 ipsum
783 3078 917 3105 Simonem
929 3077 1021 3107 Reade
1033 3087 1086 3115 pto
1100 3078 1254 3110 Praemiffis
1272 3081 1319 3112 vel

268 3118 363 3154 aliquo
376 3114 588 3146 Praetnifforum
600 3114 751 3144 habuimus
762 3113 898 3157 habemus
910 3113 954 3145 seu
966 3116 996 3145 in
1011 3116 1139 3148 futurum
1154 3118 1255 3150 habere
1269 3128 1323 3158 po-

268 3158 404 3192 terimus,
421 3162 467 3183 aut
483 3153 617 3183 Haeredes
635 3153 681 3183 seu
708 3151 886 3193 Successores
911 3153 998 3184 nostri
1022 3154 1080 3184 ullo
1105 3157 1195 3187 modo
1220 3158 1324 3188 habere

272 3195 401 3233 poterint
416 3193 444 3221 in
460 3192 603 3227 futurum,
621 3200 668 3222 aut
683 3199 749 3227 quae
765 3192 794 3220 in
817 3193 896 3228 super
911 3192 956 3222 vel
977 3194 1070 3224 versus
1091 3195 1260 3233 praedictum
1277 3199 1322 3226 Si-

272 3243 378 3264 monem
393 3230 483 3260 Reade
496 3240 547 3267 pro
563 3229 717 3260 Praeniissis
731 3229 775 3258 vel
788 3228 884 3267 aliquo
898 3229 1111 3262 Praemifforum
1122 3256 1131 3271 ,
1150 3243 1203 3273 pro
1222 3234 1322 3265 Nobis

271 3271 393 3302 antehac
406 3270 501 3299 habita
516 3269 588 3299 faeta
603 3268 659 3298 {ive
671 3268 826 3306 adjudicata
839 3268 950 3299 fuerunt
967 3291 976 3306 ,
993 3278 1040 3300 aut
1061 3271 1250 3309 imposterum
1269 3282 1322 3313 pro

273 3310 377 3340 Nobis
396 3307 568 3338 Haeredibus
594 3307 639 3337 vel
663 3306 877 3337 Succefforibus
900 3307 1019 3347 nostris,
1041 3311 1251 3349 quoquomodo
1276 3312 1325 3342 ha-

272 3348 364 3379 benda
380 3346 470 3377 fienda
486 3345 542 3376 five
562 3345 745 3383 adjudicanda
766 3345 876 3382 forent,

310 3386 440 3417 Necnon
457 3393 559 3414 omnes
574 3385 607 3414 ὅ(
622 3383 740 3423 singulas
757 3382 914 3422 Utlagarias
932 3384 962 3413 in
977 3384 1070 3422 ipsum
1088 3388 1219 3417 Simonem
1234 3389 1326 3419 Reade

273 3425 422 3454 occasione
440 3422 657 3453 Praemifforum
675 3422 721 3452 seu
740 3431 843 3452 eorum
865 3423 977 3460 alicujus
996 3424 1113 3455 antehac
1135 3428 1326 3466 promulgatas

275 3462 320 3492 seu
335 3462 524 3500 imposterum
536 3460 770 3499 promulgandas,

316 3501 351 3529 A«
375 3502 470 3530 omnia
482 3501 515 3531 δε
529 3500 697 3529 omnimoda
712 3499 808 3529 Sectas
823 3497 959 3537 Querelas
975 3499 1113 3532 Aetiones
1128 3500 1325 3541 Impetitiones

277 3538 311 3568 &
326 3537 476 3568 Demanda
492 3548 687 3576 quaecunque,
701 3547 766 3576 quae
780 3537 848 3568 Nos
861 3538 952 3568 versus
977 3540 1066 3577 ipsum
1084 3544 1216 3571 Simonem
1233 3546 1324 3572 Reade

277 3585 331 3612 pro
346 3575 493 3606 Proemiffis
509 3577 552 3607 vel
567 3578 662 3614 aliquo
690 3576 923 3614 Praemiflorum,
948 3577 1101 3609 habuimus
1125 3580 1262 3611 habemus
1278 3581 1324 3612 seu

277 3614 307 3642 in
322 3614 445 3643 futurum
461 3615 562 3644 habere
579 3617 751 3653 poterimus,
768 3624 815 3645 aut
833 3614 971 3646 Haeredes
980 3617 1026 3647 vel
1040 3617 1218 3650 Successores
1235 3619 1325 3650 nostri

277 3651 440 3681 ullomodo
455 3653 557 3683 habere
577 3655 702 3692 poterint
716 3655 744 3683 in
757 3653 906 3692 futurum,
925 3654 1097 3693 Sectamque
1121 3656 1199 3688 Pacis
1221 3659 1324 3688 nostrae

276 3700 342 3726 quae
360 3689 393 3718 ad
414 3689 481 3732 Nos
499 3692 591 3720 versus
609 3692 756 3728 praefatum
773 3695 905 3722 Simonem
922 3694 1013 3722 Reade
1030 3696 1150 3732 pertinet
1173 3696 1219 3726 seu
1238 3698 1323 3736 perti-

277 3738 343 3758 nere
356 3737 456 3769 poterit
474 3731 579 3759 ratione
595 3729 806 3760 Praemifforurn
821 3731 865 3760 seu
882 3740 981 3761 eorum
1001 3732 1125 3771 alicujus.

314 3766 351 3795 Et
365 3771 474 3795 hrniatn
489 3766 592 3797 Pacem
605 3770 728 3798 nostram
745 3770 837 3799 eidem
854 3772 957 3798 Simonz
982 3771 1074 3800 Reade
1091 3771 1157 3802 inde
1174 3772 1274 3803 damus
1289 3774 1323 3805 &

276 3804 463 3834 concedimus
481 3814 527 3840 per
549 3805 711 3844 Praesenres,
733 3806 874 3838 Nolentes
888 3808 967 3846 quod
986 3809 1062 3838 idem
1080 3814 1152 3840 Simo
1166 3811 1256 3840 Reade
1275 3822 1325 3849 per

278 3842 475 3883 Viceconiites
490 3844 661 3879 justiciarius
679 3845 840 3875 Escaetores
858 3845 994 3884 Ballivos,
1019 3847 1064 3878 seu
1087 3849 1154 3879 alios
1177 3849 1326 3880 Ministros

277 3880 324 3910 seu
340 3879 504 3909 Officiarios
516 3882 640 3923 nostros,
657 3884 851 3913 occasionibus
870 3885 1014 3921 praedietis
1035 3886 1081 3916 vel
1099 3897 1193 3918 earum
1215 3889 1326 3927 aliqua,

277 3918 443 3948 mole-netur
464 3923 654 3949 occalionetur
673 3923 852 3958 perturbetur
868 3923 914 3952 seu
946 3925 976 3953 in
997 3924 1089 3962 aliquo
1111 3934 1259 3965 gravetur:
1284 3926 1326 3958 Ita

278 3964 373 3987 tamen
391 3956 469 3993 quod
485 3956 533 3986 stet
558 3957 663 3987 Rectus
681 3961 709 3988 in
725 3960 811 3989 Curia
826 3959 921 3990 nostra
947 3962 1027 3998 liquis
1045 3964 1137 3994 versus
1157 3974 1225 3994 eum
1245 3966 1325 4003 loqui

275 3994 397 4026 voluerit
412 3994 448 4024 de
464 3993 611 4025 Praemiffis
628 3997 671 4027 vel
686 3998 780 4035 aliquo
797 3997 1023 4030 Praemifforum:
1041 4000 1081 4033 Et
1094 4003 1129 4034 ita
1154 4002 1235 4043 quod
1249 4004 1327 4036 idern

1330 111 1376 152 N
1406 112 1439 151 E
1469 111 1493 151 s
1518 137 1530 157 ,
1614 110 1646 149 L
1676 108 1692 150 1
1722 110 1762 150 T
1791 111 1824 151 E
1855 110 1894 150 R
1927 108 1982 150 AE
2003 140 2015 160 ‚

1339 195 1497 227 redevables
1514 195 1546 225 de
1564 202 1629 225 tant
1646 195 1684 230 ὠ
1699 196 1731 225 de
1739 194 1767 236 si
1777 194 1893 233 grandes
1907 194 2077 232 obligations.
2417 192 2540 268 Λῖἒιοὲῦ,

1377 273 1482 302 Donnes
1490 271 1509 301 ἃ
1523 279 1603 302 notre
1616 271 1707 303 Palais
1721 272 1756 302 de
1763 269 1966 303 Westminster
1983 269 2008 300 le
2023 273 2176 312 quinzieme
2189 269 2221 300 de
2235 267 2404 300 Novembre.
2423 280 2440 307 5
2449 259 2546 311 Just,

1931 346 1986 378 Per
2001 347 2090 387 ipsum
2105 345 2230 388 Regem.

1343 475 1416 502 Simo
1428 472 1521 502 Reade
1535 473 1645 503 bonam
1660 473 1693 504 δε
1708 470 1899 502 sufficientem
1907 470 2093 501 Securitatem
2107 471 2242 510 inveniat,
2256 473 2336 511 juxta
2351 472 2410 504 for-

1342 520 1420 541 mam
1437 511 1471 541 &
1489 509 1629 541 efferitum
1645 510 1791 548 cujusdam
1800 509 1891 541 Actus
1906 510 1935 538 in
1945 508 2134 539 Parliamento
2149 509 2274 540 Domini
2281 512 2406 541 Edwar-

1342 549 1372 578 di
1386 557 1469 588 nuper
1486 551 1566 587 Regis
1589 548 1704 586 Angliae
1724 548 1844 586 Tertii,
1868 547 2065 584 Progenitoris
2086 546 2175 577 nostri
2197 549 2286 580 Anno
2305 549 2405 591 Regni

1342 587 1382 618 sui
1399 588 1532 626 decimo,
1552 587 1626 626 apud
1639 586 1767 619 Westm.
1793 594 1892 624 tento,
1918 585 2005 623 editi,
2019 585 2054 614 de
2076 585 2104 615 se
2121 585 2193 616 bene
2214 588 2338 625 gerendo
2360 598 2408 619 ex-

1343 635 1423 656 nunc
1434 634 1500 666 erga
1517 625 1586 656 Nos
1601 625 1738 658 Haeredes
1754 627 1788 658 &
1800 624 1982 656 Succeffores
1998 622 2112 654 nostros
2118 647 2129 662 ,
2146 623 2180 655 &
2192 625 2333 658 cunstum
2345 626 2404 659 Po-

1343 664 1445 705 pulum
1462 664 1602 695 nostrum.

1382 701 1418 732 In
1435 703 1512 740 cujus
1531 705 1587 741 rei,
1605 703 1666 734 &c.

1380 741 1472 773 Teste
1487 741 1570 782 Rege
1584 742 1658 782 apud
1676 739 1953 782 Waestmonallerium,
1971 739 2111 772 vicesimo
2133 738 2194 771 Die
2216 739 2369 773 Februarii.

1751 820 1805 848 Per
1820 821 1914 848 Breve
1929 817 1962 847 de
1975 819 2097 848 Privato
2111 815 2215 855 Sigillo.

1390 954 1552 987 Traffatm
1569 952 1745 997 Defenfivus
1761 955 1838 985 inter
1857 954 1969 998 Regem
1990 955 2026 990 (ᾗ
2048 954 2225 985 Provincias
2242 953 2365 988 Unitas.

1347 1040 1431 1094 LE
1439 1041 1457 1068 S
1470 1036 1576 1083 Estotz
1591 1037 1624 1067 de
1637 1037 1769 1068 Gueldres
1784 1035 1823 1071 (ῥ’
1837 1040 1922 1067 Conte
1936 1036 1969 1066 de
1983 1035 2132 1083 Zutphen,
2149 1037 2181 1067 de
2194 1036 2326 1085 Hollana(
2336 1049 2407 1071 avec
2427 1053 2500 1085 Am,-
2512 1056 2543 1088 D

1423 1076 1589 1122 Wstjrtze,
1607 1077 1639 1105 de
1654 1076 1793 1112 Zelande,
1812 1076 1846 1105 de
1859 1075 1987 1111 Utrecht,
2005 1075 2037 1103 de
2050 1077 2133 1119 Frrze
2145 1075 2183 1109 ὠ·
2199 1076 2232 1106 de
2245 1076 2274 1106 la
2286 1080 2314 1107 V
2315 1076 2360 1108 ille
2375 1079 2408 1108 de
2452 1095 2525 1125 1608
2544 1083 2552 1091 ‘

1346 1116 1526 1152 Groenmgez
1544 1113 1582 1149 ὠ
1596 1115 1803 1154 Oumelandez,
1823 1125 1840 1146 a
1861 1123 1923 1146 tous
1947 1113 2029 1144 ceulx
2053 1122 2101 1152 qur
2122 1124 2168 1144 ces
2190 1116 2330 1154 presentes
2347 1127 2408 1149 ver·
2427 1136 2465 1159 Ex
2479 1117 2536 1162 Aa:

1347 1162 1505 1222 rogtciivoir
1520 1190 1638 1229 faisons‚
1656 1201 1777 1223 comme
1797 1191 1872 1230 ainsy
1894 1190 1945 1220 soit
1961 1199 2024 1227 =que
2047 1188 2155 1221 suivant
2174 1191 2201 1221 le
2225 1200 2352 1223 contenu
2371 1193 2413 1225 du

1347 1229 1466 1260 TraiCte
1483 1229 1647 1260 'd'Alliance
1660 1232 1693 1261 &
1710 1230 1937 1261 Consederation
1946 1250 1956 1266 ,
1973 1228 2042 1258 fai&
2053 1229 2086 1258 &
2099 1230 2222 1260 accorde
2236 1231 2262 1260 le
2278 1233 2361 1268 vingt
2373 1231 2413 1266 ὠ·

1338 1267 1468 1308 fixiefine
1488 1267 1565 1307 Jour
1582 1268 1617 1298 du
1634 1272 1713 1307 Moys
1729 1270 1761 1298 de
1772 1269 1865 1308 Juing
1880 1268 1990 1297 dernier
2005 1276 2041 1296 en
2057 1266 2085 1295 la
2104 1270 2185 1307 Haye
2198 1278 2234 1298 en
2257 1268 2414 1311 Haliartde,

1346 1304 2142 1383 ῗέἑῗεὲἰὲιίῗῖῗὲἓῗᾱῗῧὶέἱῖῗῗὶἷὲνῖἲᾶεςῖἶῗῗέἓῖἓ
2157 1306 2415 1379 ἔῐῗῖῗέἰῗέᾞεῗ

1346 1384 1461 1460 asse
1471 1383 1743 1453 &senseras
1758 1382 2413 1455 ⁶⁸⁶¹³bd1³it³

1347 1434 1451 1491 ἰεειῗΙὲ
1457 1433 1735 1500 ὃείἔευῑεέίὶῗῑῑ,
1745 1433 1858 1492 Υὲζῖιηῑξε
1867 1483 1876 1498 ,
1896 1461 1921 1490 le
1933 1460 1997 1499 quel
2009 1469 2024 1489 a
2041 1459 2099 1490 este
2115 1460 2221 1492 Ratifie
2234 1434 2283 1499 pai
2297 1433 2340 1492 {gs
2353 1435 2414 1494 dig

1347 1502 1489 1549 Seigneu'rs
1499 1498 1609 1567 ἔβαινε
1630 1499 1790 1532 Generaulz
1805 1500 1831 1531 le
1844 1500 1931 1530 xxvii.
1947 1498 1983 1529 de
1997 1499 2101 1538 ycellui
2118 1499 2209 1538 Mois,
2225 1501 2300 1531 dont
2317 1501 2343 1532 la
2350 1501 2413 1533 Te-

1352 1548 1423 1568 neur
1442 1548 1453 1567 S
1462 1547 1497 1568 en
1510 1546 1557 1568 ult.

2422 1179 2488 1207 logr-

1389 1576 1409 1595 *
1429 1576 1559 1606 Comme
1573 1575 1649 1617 ainsy
1663 1576 1717 1609 soit
1741 1586 1798 1615 que
1823 1575 1975 1607 Meffieurs
1997 1575 2036 1607 les
2055 1575 2161 1614 Estatz
2184 1577 2346 1608 Generaulx
2370 1578 2416 1609 des
2431 1587 2541 1619 2*va

1349 1616 1499 1645 Provinces
1514 1617 1611 1653 Unies,
1630 1625 1725 1655 ayants
1739 1616 1839 1655 depuis
1854 1614 2009 1654 n'aguerres
2029 1614 2164 1655 Envoyes
2186 1626 2222 1647 en
2244 1616 2413 1656 Angleterre
2431 1627 2498 1658 668,

1349 1653 1423 1682 leurs
1439 1652 1593 1692 Deputez,
1609 1664 1643 1684 au
1659 1654 1810 1686 Trefflault
1821 1652 2014 1691 Trespuiffint
2029 1655 2062 1685 &
2076 1652 2281 1686 Tresexcellent
2297 1657 2414 1696 Prince,

1351 1690 1479 1731 Jaques‚
1497 1702 1545 1729 par
1557 1693 1582 1723 la
1598 1692 1695 1724 Grace
1709 1695 1746 1723 de
1763 1692 1840 1723 Dieu
1850 1715 1860 1730 ,
1877 1695 1934 1731 Roy
1949 1693 1980 1721 de
1993 1691 2022 1721 la
2034 1693 2149 1722 Grande
2159 1696 2308 1730 Bretaigne
2323 1697 2415 1726 Fran-

1351 1740 1378 1759 ce
1392 1729 1430 1765 ὠ·
1447 1729 1571 1769 Irlande,
1588 1741 1659 1762 avec
1676 1732 1783 1770 charge
1796 1731 1832 1761 de
1846 1732 1892 1769 luy
1905 1731 1972 1761 faire
1984 1731 2120 1761 entendre
2135 1732 2175 1763 les
2189 1732 2286 1763 Offres
2299 1733 2334 1764 &
2346 1733 2416 1765 Pre—

1352 1768 1507 1800 sentations
1521 1769 1614 1808 faites,
1634 1779 1681 1807 par
1700 1770 1738 1801 les
1749 1769 1939 1801 Sereniffimes
1953 1769 2161 1810 Archiducques
2181 1771 2287 1801 Albert
2300 1770 2338 1806 &
2352 1771 2418 1813 Isb-

1353 1806 1437 1845 bella,
1454 1807 1491 1838 de
1506 1808 1668 1839 contraster
1683 1818 1753 1839 avec
1766 1808 1830 1839 eulx
1845 1818 1900 1838 une
1917 1809 1977 1837 bon
1995 1808 2029 1838 &
2043 1808 2144 1839 affures
2151 1808 2220 1840 Paix
2228 1810 2414 1851 Recognois-

1354 1845 1416 1876 sans
1430 1847 1469 1876 les
1485 1848 1631 1877 Provinces
1647 1849 1728 1876 Unies
1740 1846 1844 1887 Estatz
1858 1846 1977 1885 Libres,
1993 1846 2036 1876 sur
2057 1846 2098 1877 les
2117 1847 2220 1887 quelles
2244 1849 2283 1879 ilz
2298 1859 2334 1880 ne
2349 1860 2414 1890 pre-

1354 1884 1471 1914 tendent
1485 1885 1562 1924 rien,
1581 1886 1615 1917 &
1628 1885 1654 1916 se
1669 1885 1828 1925 obligeants
1844 1885 1880 1915 de
1893 1894 2029 1923 procurer
2052 1885 2087 1915 du
2107 1890 2164 1926 Roy
2179 1887 2212 1918 de
2227 1887 2363 1927 Espaigne
2378 1890 2414 1921 δε

1355 1924 1552 1994 ffizglieisaitdz?
1554 1922 1694 2000 {2552}
1700 1922 1952 2002 ¹25¹1‘35525zffiff?
1953 1924 2133 2002 {ffl‘sstiff
2142 1926 2188 1995 :¹⁵2⁵
2201 1927 2294 2004 {¹3¹3ss
2310 1929 2416 1997 13εέῗὲ

1356 1999 1476 2040 Mayeste
1488 2001 1565 2032 dela
1580 2002 1694 2032 Grande
1711 2005 1878 2040 Bretaigne,
1903 2003 1938 2032 de
1960 2002 2083 2033 voulloir
2106 2012 2234 2042 envoyer
2255 2013 2316 2035 vers
2341 2005 2416 2036 leurs

1357 2038 1516 2071 Provinces
1528 2041 1662 2081 quelques
1676 2040 1832 2072 Personnes
1846 2040 1992 2079 qualifiez,
2013 2051 2088 2079 pour
2103 2041 2207 2072 affister
2225 2042 2264 2073 les
2281 2044 2337 2074 dits
2356 2046 2414 2074 Set·-

1353 2088 1457 2115 gneurs
1471 2078 1509 2108 les
1523 2078 1627 2118 Estatz
1642 2079 1677 2111 de
1691 2080 1755 2111 lour
1769 2079 1900 2110 meillour
1915 2079 2006 2110 Advis
2023 2079 2140 2110 Conseil
2154 2082 2189 2112 ὃς
2207 2080 2360 2120 Jugement
2378 2091 2416 2113 en

1358 2116 1435 2148 ceste
1449 2117 1643 2154 Negotiation
1665 2126 1723 2149 tant
1746 2119 1919 2156 importante
1939 2128 1975 2148 au
1998 2117 2067 2149 Bien
2087 2119 2123 2150 de
2145 2119 2205 2151 leur
2227 2119 2324 2158 Estat;
2348 2130 2419 2152 avec

1357 2156 1460 2196 charge
1478 2157 1518 2195 (fi
1535 2157 1614 2189 Dieu
1626 2157 1685 2188 leur
1697 2157 1794 2188 donne
1814 2157 1839 2188 la
1857 2155 1943 2192 Paix)
1970 2156 2006 2188 de
2029 2157 2098 2188 faire
2117 2167 2187 2189 avec
2202 2159 2265 2189 eulx
2280 2181 2290 2197 ,
2307 2168 2343 2190 en
2365 2159 2419 2190 son

1357 2194 1446 2225 Nom
1458 2196 1492 2227 &
1510 2195 1545 2226 de
1563 2195 1588 2227 sa
1605 2204 1683 2235 part,
1699 2205 1755 2226 une
1768 2196 1860 2235 Ligue
1875 2195 2046 2234 Defensive,
2071 2205 2144 2235 pour
2168 2196 2193 2226 la
2215 2198 2417 2229 manutention

1356 2233 1467 2273 d'icell;
1485 2233 1510 2264 sa
1525 2234 1644 2275 Man-ste
1658 2235 1770 2265 sachant
1784 2235 1922 2265 combien
1939 2234 1956 2264 il
1980 2243 1999 2273 y
2021 2245 2057 2265 va
2077 2235 2117 2266 du
2141 2234 2210 2266 Bien
2230 2236 2266 2267 de
2288 2245 2371 2268 toute
2391 2235 2417 2268 la

1356 2271 1541 2304 Chrestiente
1555 2283 1611 2313 que
1625 2283 1672 2305 ces
1684 2273 1858 2311 Provincae,
1872 2282 1949 2313 apres
1967 2274 2047 2304 avoir
2059 2273 2119 2304 este
2133 2274 2239 2306 haraffe
2257 2273 2344 2306 d’une
2361 2276 2418 2305 rni-

1356 2311 1459 2342 serable
1473 2312 1506 2342 ὃς
1522 2312 1693 2350 sanguinaire
1703 2312 1827 2351 Guerre,
1844 2312 1934 2342 soient
1947 2321 1983 2342 en
2001 2311 2039 2342 fin
2053 2311 2181 2343 establies
2196 2323 2232 2343 en
2250 2323 2288 2344 un
2304 2315 2365 2344 bon
2380 2314 2415 2346 δε

1354 2350 1460 2381 asseure
1474 2350 1581 2388 Repoz
1591 2374 1600 2390 ,
1617 2361 1632 2381 a
1647 2360 1748 2382 trouve
1765 2352 1826 2381 bon
1842 2349 1999 2391 d’envoyer
2015 2350 2115 2382 devers
2136 2351 2240 2390 icelles,
2260 2351 2299 2382 ses
2314 2351 2417 2383 Tresa-

1356 2397 1424 2419 mez
1439 2390 1472 2420 &
1489 2389 1606 2421 Fidelles
1619 2390 1772 2421 Serviteurs
1787 2388 1910 2419 Richard
1920 2392 2032 2428 Spencer
2046 2388 2180 2421 Chivaler
2188 2390 2416 2422 Gentilhomrne

1357 2428 1394 2457 de
1409 2428 1434 2458 sa
1458 2426 1610 2459 Chambre
1632 2428 1735 2460 Privee
1757 2438 1794 2460 en
1818 2427 1970 2459 Ordinaire
1985 2451 1994 2466 ,
2020 2428 2053 2458 &
2076 2428 2211 2468 Rudolphe
2235 2429 2418 2460 Windwood

1357 2465 1505 2497 Chivalier
1521 2467 1677 2498 Conseiller
1689 2467 1726 2499 de
1740 2467 1766 2498 sa
1781 2475 1843 2505 part
1854 2477 1889 2497 au
1904 2466 2021 2497 Consei}
2033 2467 2070 2497 de
2083 2467 2163 2498 Estar
2177 2468 2224 2498 des
2239 2467 2339 2499 Estatz
2353 2467 2416 2499 Ge'-

1357 2505 1471 2534 neraulx
1485 2504 1534 2535 des
1549 2505 1704 2536 Provinces
1717 2506 1829 2544 Unies,
1847 2506 1884 2535 du
1902 2505 2034 2544 Rapport
2049 2506 2096 2536 des
2109 2506 2188 2544 queis
2206 2515 2289 2546 ayant
2313 2514 2412 2535 enten-

1357 2541 1396 2571 du
1410 2542 1449 2572 les
1463 2542 1591 2573 serieuses
1605 2543 1746 2574 instances
1761 2554 1816 2582 que
1833 2543 1983 2574 Meffieurs
1997 2543 2035 2573 les
2056 2543 2176 2582 Essatz,
2197 2543 2235 2573 de
2244 2545 2309 2582 jour
2321 2554 2338 2575 a
2358 2543 2417 2574 aul-

1362 2587 1423 2618 σε,
1442 2580 1498 2611 leur
1512 2583 1627 2612 avoient
1649 2582 1731 2613 faiets
1757 2592 1810 2620 pur
1831 2581 1856 2612 le
1877 2581 2089 2612 advancement
2107 2582 2142 2611 de
2165 2581 2241 2612 ceste
2256 2581 2364 2621 Ligue,
2379 2582 2415 2612 δε

1359 2627 1416 2648 veu
1433 2618 1471 2648 les
1488 2618 1650 2650 Deffiances
1665 2621 1698 2652 &
1711 2620 1847 2660 Jalousies
1860 2630 1916 2658 que
1932 2620 2008 2651 ceste
2022 2620 2128 2657 longue
2143 2619 2258 2651 Guerte
2268 2621 2348 2651 avoit
2364 2630 2415 2651 en·

1355 2658 1479 2688 racinees
1491 2667 1544 2687 aux
1557 2658 1658 2696 espritz
1672 2659 1708 2689 de
1724 2667 1791 2690 tout
1806 2659 1864 2689 leur
1879 2658 1995 2695 Peuple,
2009 2667 2064 2696 que
2081 2667 2115 2688 ce
2129 2658 2212 2689 feroit
2226 2659 2252 2688 le
2266 2658 2370 2689 Moien
2380 2670 2412 2689 u-

1357 2696 1463 2733 nicque
1471 2695 1612 2727 d'induire
1627 2706 1720 2728 tontes
1734 2698 1772 2727 les
1787 2699 1933 2726 Provinces
1947 2699 2028 2726 Unies
2041 2695 2110 2726 d’un
2123 2698 2337 2729 consentement
2346 2707 2416 2728 una-

1357 2734 1437 2764 nime
1449 2734 1611 2766 d’entendre
1626 2745 1679 2766 aux
1689 2735 1863 2765 Ouvertures
1877 2736 2030 2772 presentees
2045 2745 2093 2772 par
2108 2735 2148 2764 les
2162 2735 2218 2766 dits
2230 2739 2367 2773 Seigneurs
2379 2735 2416 2765 les

1359 2771 1563 2814 Archiducques
1578 2774 1611 2803 ὃ(
1626 2776 1800 2804 maintenant
1813 2773 1940 2804 ratiffiees
1955 2782 2003 2812 par
2019 2773 2045 2803 le
2058 2774 2100 2804 dit
2113 2776 2170 2804 Sire
2181 2778 2238 2814 Roy
2257 2776 2289 2804 de
2313 2775 2365 2814 Es
2371 2777 2415 2804 ai-

1357 2821 1425 2848 gne:
1447 2821 1523 2849 apres
1538 2821 1635 2842 meure
1648 2812 1862 2850 Deliberation,
1880 2814 1913 2844 &
1928 2821 1998 2842 avec
2012 2811 2111 2842 l’advis
2131 2813 2167 2843 de
2184 2813 2234 2844 son
2250 2813 2354 2845 Consei
2372 2837 2382 2852 ,
2400 2823 2416 2843 a

1357 2850 1396 2880 fin
1410 2849 1498 2888 qu’un
1515 2850 1534 2880 ii
1548 2850 1635 2880 sain&
1648 2852 1682 2882 &
1695 2852 1788 2890 pieulx
1804 2850 1923 2882 Oeuvre
1939 2850 2027 2888 puisse
2039 2851 2065 2881 le
2077 2850 2196 2890 plustost
2216 2852 2296 2883 sortir
2311 2853 2360 2882 son
2371 2853 2415 2883 ef-

1358 2889 1434 2927 fect,
1453 2888 1579 2919 adonne
1601 2889 1702 2928 charge
1721 2891 1753 2921 ὃς
1778 2890 1855 2927 plein
1880 2890 2004 2927 pouvoir
2028 2899 2043 2919 a
2063 2889 2101 2919 ses
2123 2890 2220 2921 susdits
2244 2890 2390 2922 Ministtes
2406 2913 2416 2929 ,

1355 2927 1476 2958 d’entrer
1489 2937 1559 2958 avec
1574 2927 1713 2967 Meffieurs
1727 2928 1765 2958 les
1786 2928 1892 2969 Estatz
1921 2938 1955 2958 en
1980 2937 2035 2958 une
2062 2929 2155 2964 Ligue
2180 2929 2354 2967 Defenfive,
2373 2930 2416 2960 La

1356 2966 1458 3005 quelle,
1474 2965 1580 3034 lzhpaix
1591 2967 1684 2998 estant
1697 2967 1776 3004 fauit,
1791 2967 1816 2997 la
1831 2966 1920 3006 puisse
1936 2967 2038 2997 rendre
2051 2967 2203 2999 inviolable
2219 2970 2253 3001 &
2267 2970 2417 3007 ajammais

1375 3015 1404 3036 er
1443 3013 1490 3036 tue
1510 3015 1544 3035 e:

1354 3015 1374 3043 P
1395 3014 1512 3074 Spsivant
1529 3043 1554 3073 la
1569 3043 1660 3081 quelle
1674 3042 1807 3082 charge,
1827 3054 1861 3074 ce
1875 3044 1943 3083 jour
1961 3043 2063 3083 d’huy,
2086 3046 2115 3073 V
2115 3048 2175 3082 ingt
2190 3045 2318 3086 fixiefine
2340 3045 2415 3085 Jmcr

1358 3082 1391 3112 de
1419 3085 1496 3150 1ut'syfg
1509 3082 1559 3112 mil
1573 3083 1612 3112 six
1625 3092 1705 3114 cents
1718 3084 1751 3114 &
1766 3083 1868 3122 huy&

1437 3131 1452 3150 e
1475 3131 1526 3151 ires

1394 3158 1518 3189 Richara'
1529 3144 1658 3197 spencer,

1396 3197 1434 3227 Et
1452 3197 1590 3236 Rudolphe
1606 3197 1773 3235 Winwood,

1398 3234 1556 3266 Chivaliers

1396 3272 1441 3303 En
1458 3282 1539 3305 vertu
1554 3273 1602 3303 des
1616 3273 1726 3304 Lettres
1741 3273 1776 3304 de
1791 3272 1920 3304 Pouvoir
1936 3274 1968 3305 ἃ
1982 3273 2171 3306 Procuration
2182 3276 2221 3307 du
2235 3276 2276 3307 dit
2290 3279 2413 3314 seigneur

1359 3313 1400 3340 Ro
1395 3323 1430 3380 ,ὃ
1431 3312 1463 3341 de
1478 3311 1635 3380 lapGrande
1649 3315 1796 3350 Bretaigne
1808 3312 1847 3343 du
1862 3312 2013 3352 Dorefiffine
2026 3315 2059 3345 de
2070 3315 2216 3345 Decembre
2227 3316 2336 3348 dernier
2347 3336 2359 3353 ‚

1431 3351 1494 3381 ’une
1534 3359 1592 3388 art,

1397 3388 1436 3419 Et
1450 3389 1488 3420 les
1506 3388 1654 3425 Seigneurs

1395 3426 1503 3457 Corm'll
1511 3428 1544 3456 de
1558 3431 1634 3457 Gent
1649 3412 1784 3470 §eigneur
1797 3427 1833 3459 de
1854 3428 1974 3459 Loduen
2000 3429 2034 3461 &
2053 3429 2088 3460 de
2115 3428 2337 3470 Meynerswich,
2360 3430 2410 3461 Vi-

1360 3473 1447 3495 conte
1461 3467 1494 3497 &
1508 3465 1586 3504 Juge
1600 3466 1635 3497 de
1651 3465 1784 3505 l'Ernpire
1797 3467 1830 3497 ὃ(
1846 3466 1881 3496 de
1898 3467 1922 3497 la
1940 3466 2015 3498 Ville
2028 3467 2064 3498 de
2087 3468 2121 3498 N
2123 3477 2307 3508 yemmegen,

1395 3503 1498 3534 Meffir
1511 3504 1611 3542 Johan
1624 3505 1656 3534 de
1671 3503 1909 3535 Oldenbarnevelt
1926 3505 2071 3536 Chivalier
2086 3507 2222 3546 Seigneur
2236 3508 2271 3538 de
2286 3507 2411 3546 Tempel

1360 3540 1514 3580 Rodenrys
1527 3543 1559 3573 &
1575 3543 1708 3574 Advocat
1725 3543 1761 3574 de
1772 3543 1851 3574 Estat
1863 3545 1896 3575 &
1911 3543 2009 3574 Garde
2023 3543 2062 3575 du
2076 3545 2138 3576 Secl
2152 3545 2286 3576 Chartres
2299 3546 2333 3576 &
2348 3546 2411 3578 Re-

1358 3579 1456 3618 gistres
1467 3581 1503 3611 de
1519 3581 1663 3611 Hollande
1679 3583 1711 3612 δε
1730 3582 1905 3620 Westfrize,

1394 3618 1513 3649 Meffire
1525 3619 1646 3661 Jacques
1663 3620 1695 3650 de
1721 3620 1848 3650 Maldere
1869 3620 2005 3651 Chivaler
2027 3619 2161 3659 Seigneur
2183 3620 2230 3651 des
2255 3619 2355 3662 Heyoe
2378 3626 2413 3658 δε

1355 3659 1479 3726 pregnier
1497 3658 1530 3689 ὃ(
1541 3659 1727 3697 representant
1744 3659 1782 3689 les
1800 3659 1836 3689 N
1838 3659 1917 3689 obles
1929 3668 1982 3689 aux
1998 3658 2097 3690 Estatz
2114 3660 2147 3690 &
2164 3658 2281 3691 Conseil
2298 3663 2335 3692 de
2349 3664 2409 3696 Ze-

1366 3707 1402 3727 an
1426 3720 1431 3724 .

1400 3733 1531 3764 Nicholas
1545 3736 1577 3764 de
1591 3735 1689 3765 Birche
1703 3735 1827 3766 Premier
1840 3734 1995 3765 Conseiller
2008 3734 2045 3764 de
2058 3733 2152 3765 Estate
2171 3735 2207 3766 de
2225 3737 2250 3768 la
2270 3736 2416 3774 Province

1358 3772 1622 3841 ἀεδιὶξσῑιῖιῖςὲἓῖαηια
1637 3812 1775 3851 Seigneur
1788 3812 1824 3842 de
1834 3810 1940 3850 Jelling
1953 3809 2225 3849 Tammingaborch
2244 3814 2277 3845 δε
2295 3815 2321 3846 la
2334 3815 2416 3849 Mar-

1361 3860 1496 3926 ”effohan
1513 3885 1607 3916 sloeth
1623 3887 1757 3927 seigneur
1767 3888 1803 3918 ae
1817 3887 1923 3918 saffich
1943 3885 2074 3916 Droffirt
2091 3887 2129 3918 du
2155 3887 2218 3920 Pais
2236 3890 2272 3923 de
2298 3891 2413 3927 Velien-

1359 3928 1422 3958 hoo
1439 3926 1472 3956 &
1491 3923 1653 3956 Chastellan
1670 3928 1706 3956 de
1725 3927 1749 3958 la
1771 3926 1915 3965 Seignurie
1933 3924 1971 3955 du
1990 3923 2149 3965 Cinudeat,

1399 3964 1439 3995 Et
1455 3963 1535 3992 Abel
1550 3965 1687 3994 Coendera'
1699 3965 1736 3995 de
1755 3964 1866 4001 Helpen
1891 3963 2042 4002 Seigneur,

1401 4002 1448 4034 En
1461 4001 1539 4033 faites
1557 4004 1590 4035 ὅς
1608 4012 1700 4036 cautes
1716 4002 1923 4042 speciallement
1947 4001 2083 4041 Deputez
2107 4005 2141 4037 ὃς
2161 4002 2299 4038 Commis
2316 4017 2333 4039 a
2354 4008 2413 4042 cest

2337 4046 2421 4083 effi&
