2557 4279
66 178 145 211 Ann.
159 177 202 208 D.

89 227 173 257 1593-

71 266 108 295 35
135 258 202 284 eliz.

108 299 166 332 aeg.

121 616 208 645 XVI.

111 657 177 683 206.

71 2688 136 2717 Bibl.
144 2693 198 2717 Cot-

69 2735 111 2754 ton
124 2727 205 2755 Galba

70 2769 121 2791 D.i
131 2766 207 2803 3.fol.

71 2812 135 2838 240·

80 3585 98 3602 *
114 3582 199 3613 XVI.

84 3632 147 3657 ²⁰7·

62 3841 121 3867 Par.
150 3848 194 3876 35.

61 3880 130 3906 Elia.
148 3885 174 3913 p.

62 3926 134 3952 3.m.
147 3917 190 3945 18.

61 3955 113 3984 dor,

642 87 1296 136 CONVENTIO

223 182 260 220 89
274 181 404 220 editum,
423 181 567 220 integrum
582 179 758 212 Triennium
775 180 968 218 celebratum,
986 180 1069 210 nobis
1089 178 1185 217 (Bello
1201 177 1286 207 Anno

226 221 347 250 demum
375 222 421 251 88.
447 219 660 257 exardescente)
688 230 736 257 per
765 219 917 249 Paetiones
941 220 1082 256 integrum
1111 227 1170 247 non
1201 216 1284 247 fuerit

224 258 443 289 Conventiones
457 258 530 288 illius
542 256 717 289 Contractus
733 258 887 289 rescindere
908 265 956 288 aut
971 257 1093 294 tollere,
1105 256 1188 287 facile
1204 254 1287 285 intel-

223 298 295 334 liget
311 297 440 336 Mejestas
458 296 552 335 'nestra
573 297 657 327 nobis
674 297 844 327 tra‘iciendis
866 295 1017 326 Mercibus
1040 295 1142 325 nostris
1159 294 1247 324 nullas
1259 303 1289 323 a-

223 336 273 366 lias
291 335 389 366 Naves
404 336 491 373 quam
505 335 552 366 has
563 335 628 373 ipsas
645 334 687 365 fui
712 347 746 373 e,
765 335 887 372 ideoque
907 333 994 372 Nos,
1011 332 1188 364 Neceffitate
1203 341 1290 362 corn-

225 374 333 412 pulsos,
351 374 426 404 hisce
445 373 523 411 usos,
541 375 580 404 nil
595 377 702 405 temere
725 373 764 404 nil
787 373 975 412 incogitanter
988 380 1035 402 aut
1053 373 1166 402 incaute
1185 371 1239 401 hac
1260 371 1290 400 in

226 423 257 443 re
274 411 387 450 fecisse,
406 422 461 443 nec
484 411 586 444 hostile
609 414 764 451 quicquam
784 412 814 441 in
830 411 1008 450 Majestatem
1030 410 1150 449 vestram
1166 418 1291 447 unquam

223 451 340 481 molitos
364 459 410 481 aut
430 452 606 482 machinatos
625 451 698 489 effe,
716 461 769 481 nec
790 449 968 480 Commeatu
987 449 1145 479 Frumento
1163 456 1209 478 aut
1233 447 1295 484 Ap-

225 499 322 557 passm
338 489 444 558 bellico
459 490 528 521 Nos
540 490 665 521 l-lostern
679 500 788 521 armare
804 497 850 520 aut
863 490 960 527 juvare
979 487 1099 518 voluisse
1111 496 1145 517 ac
1162 496 1198 516 ne
1213 486 1294 524 cogi-

227 536 254 558 ta
281 538 297 557 e
334 539 362 559 ui
384 538 443 558 em.

264 538 405 606 Cu‘glnque
423 567 440 597 ὲ
453 567 611 606 primordio
629 566 738 606 Tituli,
755 567 794 597 uti
805 563 996 606 jureconsulti
1012 563 1091 600 loqui
1108 562 1216 601 solent,
1229 571 1296 592 om-

226 606 271 635 nis
290 605 433 642 posterior
447 608 590 638 formetur
612 605 754 642 Eventus,
773 606 806 636 &
827 605 957 642 praefatus
970 602 1145 633 Contractus
1167 602 1186 620 *⁵
1208 601 1296 631 Anno

230 644 314 683 1586.
334 643 485 677 Biennium
503 655 566 676 ante
585 654 737 682 erumpens
758 644 830 674 inter
849 641 1026 682 Majastatem
1044 639 1164 679 vestram
1179 641 1212 671 δε
1227 639 1296 678 His-

224 686 315 721 paniae
328 685 426 722 Regem
446 683 574 721 Bellum,
591 694 627 714 eo
642 693 774 721 tempore
788 681 941 712 celebratus
956 681 1003 716 lit,
1022 688 1087 716 quae
1109 679 1192 708 nobis
1213 677 1297 708 Mer-

227 732 276 752 ces
290 721 398 753 nostras
414 724 444 754 in
466 722 541 753 hisce
562 723 696 753 Navibus
711 730 827 751 onerare
846 718 943 756 licuit,
962 726 1023 747 non
1044 718 1137 754 potuit
1158 715 1297 755 posterio-

225 762 303 790 ribus
330 761 422 792 Annis
449 762 533 792 nobis
561 761 696 791 illicitum
723 759 779 790 effe
816 757 893 796 quod
920 756 1061 795 prioribus
1093 755 1205 785 licitum
1227 755 1296 792 fuit,

225 798 341 829 ldcirco
358 810 417 830 non
436 800 597 831 dubitamus
611 799 674 829 haec
691 799 792 828 omnia
809 797 879 827 tanti
894 795 968 833 apud
978 793 1158 832 Majqstatem
1172 792 1294 832 vestram

224 837 360 876 ponderis
377 839 409 869 &
430 839 571 869 momenti
591 837 650 868 effe
671 838 781 874 futura,
798 844 853 873 ut,
876 844 928 872 pro
952 833 997 863 sua
1016 833 1125 863 summa
1141 831 1294 871 aequitate,

225 875 320 906 nostra
344 876 425 908 Fisco
445 878 495 908 suo
515 876 629 914 inferri,
646 884 693 906 aut
715 876 835 905 aliorum
859 872 1016 911 direptioni
1036 881 1150 909 patere,
1170 871 1294 901 minime

224 915 257 945 fit
273 915 440 953 admistura,
459 915 540 946 cum
557 925 612 945 nec
633 913 780 944 Mercium
803 911 937 949 istarum,
963 920 1018 941 nec
1043 910 1177 940 Navium
1194 909 1297 949 quibus

224 954 321 984 veeiae
340 954 401 985 sunt
425 955 557 992 qualitas,
576 962 630 983 nec
650 952 768 982 hostiles
786 960 841 981 nec
871 949 1022 980 hostilibus
1042 948 1192 979 Mercibus
1210 957 1296 978 com-

223 994 328 1023 mixtas
351 993 407 1023 esse
426 995 560 1031 pariatur,
590 991 680 1021 Certe
698 1000 752 1020 nec
774 989 839 1019 Nos
857 998 912 1019 nec
930 987 1011 1018 Socii
1028 987 1119 1018 nostri
1137 1010 1147 1024 ,
1171 996 1217 1017 aut
1233 990 1294 1016 Lu-

214 1029 310 1071 fitam·
327 1040 373 1062 aut
390 1034 509 1070 H1Jpani
529 1030 637 1066 sumus,
657 1038 712 1059 nec
732 1027 940 1058 Declarationis
954 1025 1055 1065 vestrae
1073 1024 1234 1064 Majestatis
1250 1036 1294 1056 ra-

223 1071 316 1100 tiones
335 1071 368 1101 &
386 1071 470 1100 verba
487 1079 541 1099 nos
553 1077 598 1098 aut
613 1065 730 1098 Merces
750 1066 856 1096 nostras
871 1065 920 1096 ulli
936 1064 1039 1095 Poenae
1055 1065 1219 1102 adjudicant
1237 1064 1293 1095 sive

223 1108 401 1147 subjiciunt,
426 1107 471 1138 sed
491 1108 608 1138 liberam
632 1107 716 1137 nobis
743 1105 969 1144 Navigationem
992 1104 1108 1141 publice
1129 1103 1294 1135 concedunt

223 1148 393 1186 permittunt
410 1155 492 1184 atque
506 1145 655 1183 spondent.

261 1185 340 1225 Quae
359 1186 430 1216 cum
447 1186 484 1214 ita
501 1184 555 1215 sese
570 1185 695 1215 habeant
710 1181 904 1222 Sereniffimam
919 1181 1097 1222 Majestatem
1110 1179 1230 1221 vestram
1241 1182 1293 1211 ite-

224 1234 289 1255 rum
311 1234 395 1262 atque
410 1224 513 1254 iterum
528 1224 638 1254 obnixe
655 1226 687 1255 δε
705 1220 892 1252 liumiliffimc
908 1231 1039 1257 oramuS,
1058 1230 1108 1258 ut,
1124 1230 1215 1260 quum
1229 1220 1292 1250 nul-

224 1263 254 1293 lo
272 1263 372 1293 nostro
388 1263 492 1293 merito
506 1273 560 1292 nos
576 1264 609 1292 in
621 1262 696 1292 hanc
715 1260 913 1292 difficultatem
931 1261 1055 1299 conjeffl
1071 1259 1170 1297 simus,
1188 1259 1293 1298 sapien-

225 1302 332 1331 ti'ffime
351 1301 527 1340 confideret,
547 1301 668 1338 ideoque
688 1299 805 1330 Merces
822 1298 932 1329 nostras
954 1300 1039 1329 nobis
1057 1299 1164 1337 integre
1184 1297 1290 1328 restitui

225 1339 448 1370 clementissime
474 1339 614 1378 imperet,
638 1338 757 1377 Quod,
783 1339 804 1369 si
827 1340 900 1368 vero
931 1336 999 1368 Belli
1023 1337 1189 1373 Sumptibus
1209 1345 1292 1375 atque

226 1378 373 1409 Molestus
389 1377 482 1417 pressa
497 1402 507 1417 ,
533 1378 647 1417 Piperes
664 1377 736 1415 ipsos
758 1387 843 1415 penes
865 1377 891 1407 se
915 1378 1034 1407 retinere
1053 1374 1149 1412 malit,
1174 1384 1222 1413 per
1241 1375 1292 1406 alia

224 1418 318 1447 media
335 1416 519 1455 acceptabilia
533 1418 617 1447 nobis
639 1415 859 1446 clementissime
877 1415 1032 1446 satisfacere
1051 1413 1202 1450 dignetur:
1224 1413 1291 1443 Ne-

222 1465 279 1494 que
303 1457 383 1486 enim
411 1456 567 1486 metuimus
600 1454 775 1493 Sereniffimae
798 1453 957 1493 Maiestatis
988 1452 1086 1491 vestrae
1114 1451 1291 1491 AEquitatem

222 1494 406 1525 admissuram
421 1496 557 1525 omnium
569 1517 578 1532 ,
598 1503 626 1524 ut
644 1504 728 1533 quas,
755 1492 827 1522 AEie
845 1493 878 1522 ὃ(
898 1492 1033 1522 Periculo
1058 1489 1157 1520 nostro
1178 1490 1290 1521 summo

222 1534 470 1573 comparavimus,
487 1535 520 1565 ὃς
533 1543 566 1564 ex
580 1532 663 1562 India
683 1531 947 1569 transportavimus,
965 1529 1082 1560 Merces
1095 1530 1236 1567 jacturam
1251 1530 1292 1560 fa-

223 1582 289 1604 cere
307 1581 456 1612 cogamur.

261 1611 295 1642 Id
310 1611 406 1650 quod,
426 1612 459 1642 &
471 1612 656 1648 Imperatoriae
668 1607 826 1647 majestatis
843 1607 1053 1639 Interceffionis
1067 1606 1167 1638 Literis
1184 1608 1212 1636 in
1226 1616 1294 1637 nos-

223 1659 298 1683 tram
317 1651 454 1687 gratiam,
474 1649 527 1679 hac
542 1649 577 1679 de
601 1648 682 1678 causa
701 1648 736 1677 ad
762 1645 940 1686 Malestatem
962 1646 1084 1685 vestram
1106 1645 1229 1683 scriptis,
1255 1646 1291 1676 ad

223 1701 292 1729 quas
311 1699 363 1720 nos
382 1688 523 1719 Brevitatis
543 1687 637 1717 studio
656 1686 846 1724 remittimus,
863 1685 953 1716 dubio
970 1685 1073 1722 procul
1087 1683 1289 1722 dabitur3Re-

223 1730 317 1768 liqna,
335 1731 460 1767 Agentes
474 1725 562 1756 nostri
584 1723 756 1764 Sebastianus
780 1723 913 1762 Spedelius
932 1725 966 1755 &
986 1722 1193 1752 Bartholomeus
1212 1722 1291 1753 Scho-

221 1779 298 1798 rerus
310 1777 360 1798 ore
377 1775 457 1797 tenus
469 1764 668 1805 explicabunt,
685 1764 789 1802 quibus
803 1772 874 1794 cum
889 1761 1042 1802 majestate
1059 1760 1152 1801 vestra
1168 1763 1287 1793 nomine

221 1807 324 1838 nostro
345 1804 512 1843 transigendi
535 1802 703 1834 mandatum
723 1801 870 1838 dedimus,
897 1802 1027 1832 futurum
1047 1810 1143 1831 autem
1168 1800 1208 1830 est
1228 1801 1288 1831 hoc

223 1845 372 1884 Majestati
388 1844 486 1885 vestrae
510 1852 560 1881 per
581 1839 780 1872 honorificum
801 1842 834 1872 &
858 1842 918 1871 hoc
937 1840 1074 1879 aequitatis
1094 1838 1216 1869 studium
1238 1850 1286 1877 per

223 1893 317 1915 totam
336 1883 525 1915 Germaniam
545 1880 674 1912 laudibus
687 1879 761 1917 apud
783 1889 884 1910 omnes
902 1879 1026 1909 Ordines
1045 1877 1161 1915 Imperii
1178 1878 1290 1916 depr-:e-

222 1923 381 1960 dicabitur,
400 1931 453 1952 nos
474 1922 563 1957 vero,
581 1928 643 1949 non
662 1919 818 1956 poterimus
839 1928 899 1948 non
920 1927 972 1948 nos
985 1939 995 1954 ,
1015 1917 1049 1947 ad
1071 1917 1208 1946 omnium
1223 1918 1290 1947 Ob-

222 1962 384 1999 sequiorum
403 1961 436 1991 &
455 1957 644 1990 Gratitudinis
660 1955 770 1987 Officia
784 1956 932 1996 Majestati
948 1955 1045 1994 vestr-e
1063 1954 1218 1985 obstrictos
1231 1955 1287 1986 esse

223 2000 377 2037 agnoscere
396 2001 428 2030 ὃς
449 1996 572 2035 profiteri
591 2008 602 2034 3
632 1997 679 2026 cui
699 2005 752 2025 nos
770 2005 822 2034 pro
840 2006 870 2026 ea
885 2018 895 2033 ,
920 2004 954 2025 ac
982 1994 1084 2033 decet,
1111 1992 1287 2026 Reverentia

222 2040 310 2078 quam
329 2037 516 2068 humiliifime
534 2034 785 2066 commendamus.

227 109 304 137 120

262 2115 350 2147 Datae
368 2113 498 2153 Augustae
519 2112 712 2143 Vindelicorum
731 2121 777 2143 xv·
796 2110 902 2149 Aprilis
918 2110 1006 2142 Anno
1017 2109 1143 2141 Domini
1166 2118 1249 2151 1593.

328 2190 485 2231 Majestatis
503 2190 603 2231 vestra

661 2265 816 2296 Humillimi
835 2269 936 2304 Serv),

580 2343 762 2375 Pnimm’us
781 2342 968 2374 EDVARDUS
984 2342 1180 2374 Fue-Genus.

586 2382 617 2412 O
778 2382 977 2412 Fueossaus.

223 2513 331 2546 Litera
353 2522 374 2543 a
409 2513 523 2557 Regina
554 2507 598 2541 ad
630 2505 813 2553 Rodolphum
838 2508 1052 2552 Imperatorem
1079 2508 1285 2538 Romanorum

270 2560 428 2597 Elatum,-
457 2559 548 2604 fhper
572 2558 700 2602 Injuriis
732 2559 768 2593 ω’*
795 2555 963 2604 Calumniis
991 2565 1044 2601 per
1075 2556 1184 2600 Regem
1207 2555 1285 2598 His2

263 2612 429 2656 paniarum
452 2610 488 2645 ά
513 2610 629 2652 Papam
653 2607 826 2638 Romanum
851 2604 959 2636 illatis.

222 2695 467 2752 ELiZAEETrffl
479 2716 488 2731 ,
514 2692 571 2723 Dei
590 2690 710 2736 Gratis,
735 2689 848 2734 Anglift
868 2691 991 2718 Francia
1008 2687 1047 2724 &⁶
1065 2687 1211 2733 Hiberniae
1228 2689 1284 2732 Re—

281 2738 348 2772 gina
357 2733 435 2763 Fidei
452 2731 647 2768 Defensatrix,
660 2731 722 2760 &c-
733 2727 916 2760 Sereniffimo
932 2729 965 2758 δε
983 2726 1184 2758 Potentiffimo
1200 2726 1283 2757 Prin-

223 2772 279 2809 cipi
305 2782 339 2802 ac
365 2772 518 2808 Domino,
544 2770 757 2806 RuDoLPi-io‚
774 2766 885 2798 Divina
909 2765 1020 2796 favente
1039 2765 1222 2803 Clementia,
1242 2765 1282 2795 E-

222 2820 333 2842 Lecto
353 2809 592 2840 ROMANORUM
610 2808 840 2839 IMPERATORI
867 2805 974 2841 semper
992 2803 1130 2843 Augusto,
1160 2814 1193 2834 ac
1210 2807 1282 2834 Ger-

219 2855 318 2880 maniae
333 2851 485 2886 Hungariae
508 2847 642 2877 Bohemiae
662 2845 816 2876 Dalmatia.»
834 2846 952 2873 Croatiae
967 2842 1104 2872 Slavoniae
1116 2841 1193 2880 ,&c.
1215 2842 1281 2873 RE-

216 2898 274 2925 or,
300 2888 493 2919 Ancmnuci
519 2885 644 2924 Austriae
659 2907 668 2922 ‚
694 2884 786 2914 Duct
813 2881 982 2919 Burgundiae
1007 2884 1100 2911 Stiriae
1125 2881 1278 2911 Carinthiae

213 2926 350 2956 carniolae
370 2925 596 2962 Wrtemhergiae,
614 2921 676 2959 &a
693 2922 829 2953 CoMtTr
850 2919 1032 2958 Tirolis,&c.
1042 2920 1130 2950 Fratri
1147 2919 1278 2950 Consan-

214 2966 322 3004 guineo
334 2967 368 2997 Sc
386 2964 496 2995 Amico
517 2963 616 2994 nostro
636 2961 812 2992 Chariffimo
829 2959 956 2992 Salutem
975 2959 1010 2990 &
1027 2959 1162 2990 omnium
1178 2968 1277 2989 rerum

210 3004 405 3044 prosperarum
423 3001 616 3033 felicissimum
636 3001 859 3031 incrementum.

250 3040 412 3081 Serentffime
430 3040 468 3075 ὠ·
487 3038 666 3078 Potentiffime
684 3041 851 3075 Imperator,

253 3079 312 3111 Etsi
339 3080 434 3110 multis
458 3079 513 3110 hiis
538 3078 632 3115 elaplis
654 3077 747 3108 Annis
776 3076 894 3115 insignes
919 3074 955 3104 ab
974 3072 1172 3113 Hispaniarum
1205 3075 1274 3111 Rege

215 3118 345 3157 adeoque
362 3119 379 3148 a
398 3120 477 3155 Papa
495 3120 615 3147 Romano
632 3114 748 3154 Injurias
764 3113 959 3151 sustinuimus,
977 3113 1062 3153 idque
1076 3113 1157 3143 nullo
1173 3112 1274 3142 nostro

212 3158 318 3188 merito
336 3156 383 3188 sed
403 3155 482 3187 mera
494 3154 617 3192 ipsorum
635 3153 758 3192 Injuria,
775 3153 814 3183 uti
828 3153 917 3190 aequis
931 3153 965 3183 &
984 3151 1214 3188 competentibus
1223 3150 1276 3188 Ju-

210 3195 340 3234 dicibus,
363 3195 381 3225 si
401 3195 448 3233 qui
471 3194 538 3224 tales
562 3195 593 3224 in
611 3191 818 3230 Supremorum
836 3189 1007 3228 Principum
1025 3189 1122 3220 Causis
1139 3188 1273 3220 deciden-

207 3235 251 3264 dis
270 3234 383 3278 reperiri
400 3231 532 3271 possent,
548 3241 678 3270 apparere
696 3230 819 3270 poterit,
837 3229 893 3267 qua
914 3229 944 3258 in
967 3239 1012 3267 re,
1030 3228 1095 3258 licet
1113 3228 1144 3257 in
1166 3227 1271 3257 Divini

209 3272 353 3303 Numinis
377 3271 546 3310 conspectu,
570 3271 588 3300 li
609 3269 678 3300 uide>
701 3267 822 3298 Causam
847 3266 972 3297 nostram
996 3267 1116 3304 probare
1142 3275 1202 3296 non
1221 3265 1273 3295 du-

211 3312 354 3349 bitamus,
371 3310 471 3341 vestrae
484 3317 577 3340 tamen
589 3280 736 3345 (Maiestati
751 3306 779 3336 id
797 3306 875 3336 aliter
893 3306 983 3336 videri
1000 3304 1120 3342 poterit,
1135 3313 1187 3341 pro
1202 3303 1274 3334 San-

209 3351 302 3387 guinis
321 3348 404 3380 vestri
424 3357 493 3379 curn
509 3350 578 3386 Rege
596 3346 736 3384 Hispaniae
759 3343 980 3381 conjunctione,
999 3344 1033 3374 &
1056 3344 1084 3372 in
1106 3343 1199 3371 Sedent
1214 3345 1270 3372 Ro-

210 3398 322 3416 manam
343 3387 514 3424 devotione,
532 3387 548 3416 a
565 3384 660 3416 nostra
678 3383 808 3414 nonnihil
824 3382 1013 3419 discrepante,
1032 3390 1094 3410 tum
1114 3380 1271 3417 postremo,

211 3427 276 3464 quia
299 3426 408 3456 nullum
435 3424 586 3455 nobiscum
610 3422 775 3453 relidentem
794 3421 941 3455 Legatum
959 3428 1013 3449 nec
1034 3418 1166 3457 Majestas
1179 3418 1269 3448 vestra

213 3463 356 3501 habuerit,
374 3474 428 3494 nec
447 3474 498 3494 nos
519 3462 642 3494 viciffim
661 3462 691 3492 in
709 3461 783 3491 Aula
803 3459 893 3490 vestra
912 3458 1092 3488 habuerimus
1109 3479 1118 3495 ,
1136 3458 1183 3494 qui
1204 3467 1271 3487 nos-

211 3510 318 3532 trarum
342 3504 502 3533 Aetionum
527 3502 676 3539 participes
700 3499 787 3529 essent
804 3521 813 3536 ,
846 3497 887 3528 uti
912 3496 1047 3527 anteactis
1071 3496 1271 3534 temporibus,

211 3550 279 3570 cum
298 3540 426 3570 Statuum
440 3540 601 3570 nostrorum
616 3540 744 3576 honore,
762 3537 819 3567 sieri
837 3535 998 3566 consuevit:

234 3579 253 3599 ²¹¹
274 3578 389 3609 Tamen
407 3579 480 3609 nulla
494 3579 603 3610 illarum
619 3577 784 3615 Injuiiatum
798 3576 929 3605 animum
947 3572 1078 3603 nostrum
1091 3573 1182 3610 magis
1196 3573 1272 3611 angit

295 3745 388 3789 Super
414 3745 535 3776 Guerra
559 3742 740 3789 Hispanica,
765 3740 801 3774 de
826 3735 1024 3780 Commzffione
1038 3737 1175 3784 speciali.

208 3838 431 3893 ELizABtTH
442 3861 451 3876 ‚
464 3839 503 3878 by
519 3839 567 3869 the
584 3838 681 3869 Grace
696 3835 732 3866 of
745 3835 816 3866 God
833 3836 895 3866 δῖε.
933 3843 965 3866 to
976 3844 1028 3865 our
1043 3833 1137 3871 righte
1151 3832 1266 3865 Trustie

271 3877 325 3907 and
342 3877 420 3914 right
434 3876 627 3907 Welbeloved
642 3874 775 3912 Couseii,
792 3877 892 3913 George
903 3873 991 3904 Earle
1009 3871 1045 3911 of
1057 3871 1262 3911 Cumberlande‚

205 3916 432 3997 Grlg'egilglsrgnuche
445 3964 490 3991 as,
509 3954 608 3992 duelye
621 3950 798 3989 confidering
813 3951 861 3980 the
875 3951 930 3980 late
951 3949 1051 3980 hostile
1071 3948 1217 3986 Attempts
1233 3960 1262 3980 a-

1333 87 1560 142 NES;
1641 90 2074 145 LITERAE,

1323 175 1429 214 quim,
1447 176 1527 220 quod
1546 177 1616 208 inter
1633 186 1747 210 caeteras
1768 178 1932 210 Calumnias
1957 177 2183 210 mendacissimas
2218 176 2337 209 Libellis
2352 176 2395 208 fa-¹

1325 215 1408 244 mosis
1425 215 1576 259 maliCiose
1593 215 1752 255 diffipatas,
1771 219 1875 256 quibus
1889 227 1968 248 aures
1984 217 2087 248 vestras
2105 218 2160 248 hiis
2175 217 2278 249 Literis
2292 226 2393 247 onera-

1325 262 1356 282 re
1374 253 1525 297 nolumus,
1549 254 1620 297 illud·
1638 255 1773 286 horribile
1785 257 1819 287 &
1841 257 1966 286 maxime
1980 255 2111 287 odiosum
2132 257 2286 294 objicitur,
2310 255 2396 292 Nos,

1329 290 1486 337 Christiani
1509 301 1635 336 nominis
1655 293 1779 324 Hostem
1801 296 1995 332 teterrimum,
2014 298 2148 332 Magnum
2169 298 2317 325 Turcarum
2336 297 2396 323 Do-

1329 337 1510 368 mznatorem,
1525 330 1682 361 coneitasse
1697 331 1731 362 ad
1751 332 1860 362 bellurn
1879 331 2051 363 Christianis
2073 333 2257 371 Principibus
2271 332 2397 363 inferen-

1330 368 1420 398 dum:
1438 369 1515 405 Qiae
1529 368 1605 408 Res,
1622 372 1712 399 Deum
1731 374 1870 409 Optimum
1893 373 2069 409 Maximum,
2086 371 2230 403 Cordium
2255 371 2397 410 inspecto-

1330 416 1392 436 rem
1402 430 1410 444 ,
1430 407 1583 451 testamur,⁴
1598 409 1635 438 n‘e
1644 409 1673 439 in
1690 410 1895 448 cogitationem
1909 410 2009 447 venit,
2021 412 2106 448 quam
2115 411 2192 441 enirn
2207 411 2236 440 id
2244 410 2346 440 {istum
2361 410 2397 439 ὃς

1334 444 1434 488 falsum
1447 444 1497 484 sit,
1517 446 1654 477 Actiones
1670 447 1776 478 nostrae
1800 448 1946 485 praeteritis
1967 448 2023 478 hiis
2040 449 2130 479 Annis
2144 449 2213 479 huic
2233 447 2396 480 Calumniae

1333 492 1367 513 ex
1386 483 1526 528 diametro
1542 486 1681 516 contraria
1696 486 1843 524 perspicue
1861 485 2029 517 ostendunt:
2049 486 2130 516 Cum
2148 488 2226 516 enirn
2243 497 2399 517 numeroso

1333 530 1367 565 ac
1383 522 1648 567 potentitExercitu
1666 528 1791 555 Turcicus
1808 529 1962 563 Imperator
1979 525 2237 561 Regnum-Poloniae
2258 526 2397 557 invasisset

1333 569 1390 603 eius
1414 560 1507 605 Regni
1528 562 1696 594 horribilem
1720 563 1880 595 vastitatem
1902 563 2050 602 minitans,
2069 574 2124 594 nec
2144 563 2200 594 ulla
2218 565 2343 602 rarione,
2362 574 2401 594 ne

1334 598 1453 644 Tributi
1472 600 1757 645 quidemtoblatione
1772 626 1782 641 ,
1804 602 1906 640 placari
1925 603 2049 639 potuerit
2062 624 2071 639 ,
2098 601 2197 632 nostra
2214 601 2401 633 solummodo

1334 636 1560 683 Sollicitarionen,
1577 650 1636 678 ejus
1653 641 1796 672 Animum
1815 640 1849 671 ad
1871 640 1981 671 Pacem
2001 640 2152 680 fleximus,
2171 641 2250 679 cujus
2267 641 2307 671 rei
2319 640 2401 673 lucu-

1333 675 1443 722 lentum
1464 677 1684 722 Testimonium
1708 679 1845 721 Majestas
1864 678 1981 718 vestra,
2008 688 2042 709 ex
2064 679 2135 710 illius
2160 679 2262 710 Literis
2284 679 2319 710 ad
2346 689 2402 710 nos

1335 716 1457 760 scriptis,
1483 716 1578 748 Videre
1597 718 1716 757 potest,
1741 719 1873 757 Qiarum
1905 717 2055 748 Tenorem
2080 728 2115 748 ex
2143 717 2198 748 fide
2213 717 2244 748 in
2262 717 2401 749 Latinum

1334 753 1545 793 transmissum,
1563 755 1766 795 Mensejunio
1788 757 1868 787 Anni
1889 764 1966 795 1590
1984 756 2072 795 datis,
2090 757 2138 796 qui
2161 757 2210 787 has
2231 755 2314 788 affert
2330 760 2402 787 Ma-

1328 790 1430 831 jestati
1446 794 1544 834 vestrae
1562 794 1716 834 indicabit,
2361 801 2366 807 '

1357 830 1484 875 ,Eodem
1504 833 1590 875 etiam
1608 843 1738 872 tempore
1757 837 1852 864 Sinam
1869 832 1956 873 Baffa
1971 833 2035 864 MA
2047 843 2071 864 G
2082 842 2104 864 N
2116 842 2128 863 1
2149 833 2210 864 Tu
2222 842 2245 864 R
2255 842 2307 864 ωε
2329 842 2402 872 praea

1336 879 1428 907 cipius
1443 869 1645 910 Consiliarius,
1661 875 1695 904 ὃς
1710 873 1803 902 Heder
1825 871 1911 910 Basta
1929 874 1986 910 ejus
2007 870 2173 907 Exercitus,
2189 881 2290 903 contra
2303 875 2401 911 Regem

1335 908 1478 952 Palania»,
1506 909 1575 940 Dux
1600 909 1766 950 Generalis,
1793 910 1894 941 Literis
1911 909 1963 941 suis
1990 910 2069 942 idem
2093 911 2175 941 nobis
2199 910 2404 949 significarunt,

1334 947 1386 976 nisi
1402 958 1453 978 nos
1467 958 1531 979 eam
1547 948 1654 980 Pacem
1670 951 1798 980 maxime
1816 950 1888 980 serio
1906 949 1979 989 apud
1993 960 2095 981 eorum
2110 949 2279 980 Dominum
2294 949 2400 981 sollici-

1334 985 1485 1029 tasleinuS,
1503 997 1563 1017 nun
1587 997 1652 1019 uam
1675 988 1797 1020 eandem
1819 988 1892 1019 illius
1933 988 2044 1019 recibus
2071 987 2275 1019 concessurum
2297 988 2401 1027 finire,

1331 1023 1408 1069 idem
1423 1035 1555 1064 quoque,
1599 1027 1673 1058 iteris
1693 1037 1727 1058 ac
1751 1026 1893 1065 Nuncio,
1931 1027 2105 1057 ereniffimus
2128 1026 2246 1056 Poloniae
2269 1029 2330 1058 Rex
2353 1031 2400 1058 Si-

1327 1062 1485 1106 gismuna'us
1500 1065 1616 1095 Tertius
1638 1065 1738 1096 Nobis
1758 1065 1867 1104 retulit,
1886 1074 1968 1101 grato
1986 1066 2088 1096 animo
2109 1074 2173 1095 eam
2194 1066 2320 1105 Pacem,
2339 1075 2399 1097 tan-

1331 1110 1410 1139 tique
1432 1113 1466 1133 ac
1484 1111 1544 1133 tam
1567 1104 1718 1141 periculosi
1741 1103 1810 1134 Belli
1828 1104 2066 1141 declinationem,
2087 1104 2172 1133 nobis
2190 1113 2340 1142 acceptam
2357 1106 2400 1136 fe-

1332 1150 1410 1171 rens:
1428 1141 1586 1188 Denique,
1603 1145 1661 1172 hoc
1680 1141 1798 1172 Polonici
1818 1142 1982 1173 Cancellarii
1998 1145 2105 1172 Literis
2125 1142 2250 1181 Joannis
2269 1145 2397 1185 Samosky

1329 1178 1434 1209 summi
1455 1179 1605 1211 Exercitus
1627 1181 1762 1212 Polonici
1780 1190 1881 1212 contra
1898 1184 2000 1211 Turcas
2023 1180 2134 1220 Ducis,
2151 1181 2335 1220 liquidissime
2349 1193 2402 1222 ap-

1329 1226 1416 1255 paret.
2235 1246 2237 1248 .

1347 1296 1352 1301 .
1368 1257 1418 1287 De
1435 1267 1490 1295 qua
1509 1256 1607 1288 nostra
1622 1257 1747 1289 Actione
1761 1254 1936 1297 Christiana,
1956 1268 2011 1289 nec
2032 1267 2087 1288 nos
2102 1269 2228 1299 unquam
2241 1269 2323 1292 antea
2335 1260 2401 1300 glo-

1330 1304 1408 1326 tiata:
1427 1296 1539 1333 sumus,
1558 1306 1612 1327 nec
1639 1307 1716 1327 nunc
1760 1297 1859 1328 uidem
1875 1298 1987 1327 auribus
2007 1295 2104 1326 vestris
2127 1297 2331 1337 retulissemus,
2349 1300 2401 1330 nisi

1332 1344 1422 1377 nuper
1435 1335 1451 1364 “a
1467 1335 1692 1374 Constantinopoli
1708 1307 1787 1367 tricilie
1804 1335 1961 1366 Nuncium
1975 1335 2198 1374 accepissemus,
2216 1338 2310 1377 quod,
2330 1347 2400 1375 pro-

1331 1374 1394 1441 lprie
1414 1374 1574 1417 Majestatfs
1588 1373 1694 1418 ‘vestrae
1707 1397 1716 1411 ,
1743 1374 1974 1414 Regnorumque
1997 1374 2030 1405 ὃ(
2050 1373 2262 1406 Dominiorum
2283 1379 2400 1406 Turcicis

1353 1412 1446 1456 imbus
1458 1412 1664 1450 adjacentium,
1683 1413 1812 1451 adeoque
1833 1414 1918 1444 totius
1942 1411 2160 1443 Christianitatis
2177 1414 2289 1444 Statum
2309 1417 2399 1446 attin-⁴

1330 1459 1388 1493 giu
1406 1449 1600 1494 Intelleximus
1614 1454 1693 1484 enim
1710 1461 1826 1490 propter
1848 1451 2021 1492 denegatum
2039 1451 2056 1480 a
2075 1451 2334 1492 Majestate'ves'rra
2348 1464 2400 1484 or-

1329 1486 1471 1520 dinarium
1493 1490 1671 1528 Tributum,
1689 1499 1735 1521 aut
1756 1500 1820 1521 non
1839 1491 1869 1520 in
1896 1500 2027 1528 tempore
2052 1490 2245 1522 transmissum
2260 1515 2270 1529 ,
2294 1496 2398 1523 Turca-

1329 1538 1390 1572 rant
1403 1531 1597 1570 {raperatoreni
1617 1529 1726 1560 Bellum
1742 1528 1856 1566 Regnis
1871 1539 1904 1560 ac
1920 1529 2071 1559 Dominiis
2092 1527 2191 1559 vestris
2212 1530 2332 1568 publice
2352 1532 2398 1562 ino

1329 1566 1444 1609 dixifle5
1468 1568 1578 1607 Quod,
1593 1568 1650 1599 fine
1669 1567 1851 1598 acerbissimo
1869 1567 1945 1598 sensu
1969 1567 2092 1598 Doloris
2108 1569 2240 1600 animum
2261 1569 2397 1602 nostrum

1330 1614 1423 1636 imum
1440 1608 1629 1646 penetrantis,
1644 1606 1739 1638 audire
1754 1616 1815 1637 non
1828 1608 1981 1644 potuimus.

1367 1644 1518 1683 Qioniam
1533 1648 1605 1676 vero
1625 1645 1799 1676 calumniose
1812 1646 1897 1676 nobis
1911 1645 2057 1676 virulentis
2071 1655 2106 1676 ac
2122 1645 2234 1677 nefariis
2248 1646 2395 1679 Inimico-⁴

1327 1692 1392 1713 rum
1412 1683 1533 1721 Linguis
1547 1684 1678 1715 affidmm
1694 1684 1754 1722 est,
1774 1694 1825 1714 nos
1846 1686 1961 1713 Turcam
1980 1683 2128 1715 adversum
2151 1683 2329 1717 Christianos
2341 1687 2394 1718 ali-

1328 1731 1399 1765 quos
1415 1722 1562 1760 Principes
1583 1723 1618 1753 ad
1643 1722 1751 1754 Bellum
1770 1723 1914 1761 incitasse,
1940 1722 2077 1762 simulque
2097 1722 2260 1755 dubitamus
2279 1736 2315 1756 ne
2335 1726 2396 1757 talis

1328 1762 1417 1804 aliqua
1433 1762 1533 1805 iniqua
1549 1761 1665 1792 Relatio
1686 1769 1732 1792 aut
1752 1760 1867 1792 Rumor
1886 1770 1963 1791 aures
1984 1763 2038 1790 Ma
2051 1761 2143 1800 ςβαιὶς
2159 1762 2258 1801 vellrae
2277 1764 2395 1796 afflave-

1328 1807 1380 1837 rit,
1398 1808 1440 1830 uti
1463 1800 1547 1831 nobis
1566 1799 1761 1838 persuademus
1783 1799 1872 1831 multa
1891 1800 1925 1831 δε
1946 1800 2023 1831 incre
2045 1799 2123 1830 ibilia
2146 1799 2303 1832 Mendacia
2320 1825 2330 1841 ,
2355 1804 2395 1834 ab

1328 1837 1459 1868 Inimicis
1473 1838 1578 1870 nostris
1593 1838 1746 1877 confecta,
1765 1847 1812 1876 ut,
1829 1848 1889 1868 non
1911 1837 2006 1868 audita
2023 1837 2217 1879 Defensione,
2233 1839 2395 1878 justissimae

1328 1876 1430 1907 nostrae
1446 1877 1600 1916 Affiones,
1617 1878 1653 1908 ad
1669 1877 1820 1908 naturalem
1836 1877 1928 1907 solum
1952 1876 2042 1906 nostri
2058 1877 2265 1909 Defensionem
2281 1880 2394 1918 suscep-

1328 1923 1384 1953 tae,
1410 1916 1610 1953 improbentur
1624 1938 1635 1954 ,
1665 1926 1734 1954 quas
1756 1919 1811 1946 Dei
1831 1918 2044 1953 Omnispotentis
2070 1916 2165 1947 Favor
2194 1917 2330 1949 hatitenus
2353 1921 2392 1950 ita

1327 1954 1468 1993 prosperas
1483 1954 1617 1994 reddidit,
1637 1964 1669 1986 ut
1685 1956 1718 1987 &
1734 1954 1827 1985 Status
1842 1954 1938 1984 noster
1952 1954 2103 1985 incolumis
2119 1965 2247 1995 maneat,
2265 1958 2299 1988 ὃ(
2310 1957 2392 1997 Reg-

1326 2003 1431 2036 norum
1445 1993 1613 2024 nostrorum
1631 1992 1689 2024 Pax
1705 1994 1738 2024 ὃς
1755 1994 1847 2030 Quies
1863 1994 1975 2030 vigeat,
1994 1992 2094 2031 idque,
2113 1993 2193 2024 Bellis
2211 2004 2264 2025 nos
2278 1996 2390 2026 circum

1325 2041 1402 2062 circa
1417 2032 1663 2071 obstrepentibus,
1681 2032 1794 2062 illorum
1809 2031 1896 2068 culpa
1917 2033 1966 2069 qui
1987 2041 2158 2062 communes
2175 2033 2260 2064 nobis
2279 2033 2390 2065 Hostes

1326 2070 1403 2109 sunt,
1421 2070 1514 2102 facere
1530 2081 1590 2102 non
1604 2071 1752 2112 potuimus
1765 2071 1834 2110 quin
1852 2070 1987 2101 dolorem
2003 2069 2134 2100 nostrum
2150 2071 2331 2111 testaremur,
2348 2074 2387 2105 de

1325 2110 1473 2147 inopinato
1487 2110 1548 2141 hoc
1567 2110 1600 2141 ὃ(
1615 2110 1707 2140 subito
1723 2117 1892 2146 erumpente
1908 2108 2005 2146 Bello,
2023 2110 2057 2139 δε
2072 2109 2150 2139 simul
2173 2111 2259 2140 etiam
2276 2113 2386 2150 Major-

1325 2152 1382 2177 tati
1400 2147 1499 2188 vestrae
1521 2148 1760 2186 significaremus,
1778 2148 1798 2178 fi
1813 2146 1918 2185 aliquid
1941 2157 1994 2177 nos
2016 2147 2164 2184 possumus
2185 2157 2231 2179 aut
2245 2150 2388 2189 valemus,

1326 2187 1412 2225 idque
1431 2190 1446 2217 a
1462 2187 1612 2227 Majestate
1624 2186 1718 2226 vestra
1738 2187 1928 2226 approbatum
1950 2186 2049 2225 fuerit,
2067 2186 2138 2216 nihil
2154 2187 2231 2224 quod
2247 2189 2276 2218 in
2292 2188 2390 2220 nostra

1327 2225 1358 2255 sit
1372 2225 1507 2264 potestate
1520 2226 1684 2263 omissuras,
1699 2225 1744 2255 sed
1766 2234 1889 2255 ornnem
1905 2224 2034 2262 Operam
2051 2226 2116 2254 totis
2136 2226 2244 2256 viribus
2263 2226 2388 2266 daturas,

1327 2272 1358 2294 ut
1376 2265 1434 2294 hoc
1450 2273 1509 2295 tarn
1523 2275 1612 2302 grave
1625 2274 1658 2295 ac
1682 2264 1797 2302 plenum
1819 2263 1938 2301 periculi
1954 2263 2073 2302 'Bellum
2097 2263 2218 2301 sedetur,
2237 2266 2271 2296 ὃς
2286 2267 2389 2304 quietis

1327 2302 1462 2334 Consiliis
1481 2312 1686 2341 componatur,
1714 2300 1806 2340 Quod
1827 2302 1846 2331 {i
1867 2311 1927 2331 non
1951 2300 2128 2341 succeflerit,
2145 2311 2181 2333 eo
2201 2305 2389 2339 periculosius

1326 2340 1368 2371 est
1384 2342 1442 2372 hoc
1463 2351 1612 2381 tempore,
1633 2341 1709 2378 quod
1725 2344 1802 2378 Papa
1817 2341 1850 2371 &
1866 2343 1926 2369 Rex
1948 2340 2087 2377 Hispanus
2113 2341 2151 2371 ita
2172 2340 2230 2371 suas
2245 2342 2385 2374 Actiones

1325 2380 1464 2448 girigaiit,
1482 2390 1513 2412 ut
1527 2381 1602 2412 nulla
1616 2379 1833 2411 Christianitatis
1846 2388 1908 2418 pars
1923 2379 1940 2409 a
1959 2377 2039 2409 Bello
2058 2389 2146 2410 vacua
2163 2379 2255 2411 futura
2269 2381 2326 2412 effe
2339 2383 2387 2413 vi-·

1347 2429 1432 2450 eatur.

1363 2457 1403 2488 Et
1424 2458 1495 2489 cum
1515 2458 1644 2489 dolorem
1669 2460 1728 2497 jam
1756 2457 1886 2488 nostrum
1915 2456 1953 2487 de
1977 2455 2150 2487 lamentabili
2173 2458 2261 2488 totius
2293 2458 2385 2490 Orbis

1326 2494 1483 2537 Christiani
1502 2497 1582 2527 Statu
1600 2497 1826 2534 impartivimus,
1843 2495 1917 2525 votis
1937 2496 2074 2525 omnibus
2093 2504 2127 2525 ex
2148 2497 2251 2527 etimus
2267 2506 2297 2528 ut
2312 2501 2382 2528 Ma-

1316 2533 1405 2571 Jellas
1419 2535 1528 2573 vestra,
1547 2545 1634 2574 quem
1650 2536 1680 2564 in
1692 2534 1826 2564 altiffimo
1843 2533 1998 2572 Dignitatis
2013 2532 2099 2571 gradu
2150 2543 2197 2563 eus
2216 2535 2384 2575 constituit,

1323 2572 1423 2612 aliique
1446 2573 1591 2610 Principes
1612 2571 1840 2603 Christianorum
1865 2572 1899 2601 &
1921 2570 2140 2601 Catholicorurn
2155 2571 2270 2602 Titulos
2282 2582 2383 2612 geren-

1325 2619 1381 2650 tes,
1400 2612 1447 2649 pie
1460 2621 1494 2642 ac
1508 2611 1672 2642 Christiane
1691 2611 1792 2641 animis
1804 2608 1901 2640 affesti
1916 2609 1973 2640 effe
1985 2609 2111 2646 velletis,
2131 2609 2383 2644 utAErumnarum

1322 2659 1356 2679 ac
1367 2650 1571 2681 Calamitatum
1586 2651 1671 2680 totius
1681 2648 1898 2679 Christianitatis
1914 2646 2034 2685 miserti,
2052 2648 2164 2678 animos
2173 2649 2318 2681 VindiCtae
2329 2661 2382 2682 eu-

1322 2688 1404 2725 pidos
1419 2688 1539 2719 aliorum
1555 2688 1661 2726 Regna
1675 2688 1779 2726 injuste
1794 2695 1954 2733 appetentes
1966 2687 2089 2723 exuatis,
2102 2695 2148 2724 ut,
2161 2686 2247 2718 solida
2264 2689 2382 2721 tandem

1322 2725 1542 2765 Conjunfflone
1555 2728 1589 2758 &
1610 2726 1732 2758 Unione
1744 2725 1838 2763 faeta,
1857 2723 2029 2755 Christianas
2049 2724 2217 2756 Provincias
2236 2729 2320 2758 tanto
2341 2729 2383 2760 fa<

1321 2765 1400 2796 cilius
1412 2766 1448 2796 ab
1462 2764 1574 2804 Injuriis
1589 2774 1779 2803 protegamus.

1359 2804 1431 2843 Qo
1445 2808 1517 2834 vcro
1539 2804 1621 2834 rebus
1636 2804 1700 2841 ipsis
1719 2804 1847 2833 animum
1865 2800 1996 2832 nostrum
2012 2801 2198 2834 Christanurn
2212 2804 2381 2837 testaremur

1318 2842 1347 2871 in
1368 2844 1396 2873 id
1416 2851 1573 2881 attentum,
1597 2851 1628 2872 ut
1653 2841 1763 2873 Bellum
1788 2841 1864 2879 hoc,
1889 2840 1968 2878 quod
1988 2839 2110 2872 infinitas
2131 2841 2329 2882 Calamitates,
2347 2846 2379 2876 in

1321 2890 1529 2920 quamcumque
1551 2889 1660 2919 partem
1680 2880 1843 2911 Victoriam
1865 2879 2015 2909 inclinabit
2028 2901 2038 2917 ,
2063 2879 2146 2911 Deus
2168 2880 2375 2913 Christianitati

1317 2919 1464 2950 allaturum
1486 2919 1527 2950 est
1550 2921 1686 2957 evitetur,
1711 2920 1745 2949 &
1768 2917 1845 2956 Pax,
1864 2927 1929 2955 quae
1949 2917 2095 2949 summum
2117 2918 2207 2949 divini
2230 2919 2376 2952 Numinis

1316 2959 1346 2987 in
1367 2958 1463 2989 Terris
1486 2958 1612 2989 Donum
1635 2956 1693 2996 est,
1712 2956 1878 2988 stabiliatur:
1897 2955 1934 2986 de
1960 2955 2054 2986 vestra
2076 2956 2231 2989 Voluntate
2248 2958 2376 2999 confisa,

1316 2995 1422 3028 Literas
1435 2997 1469 3029 &
1485 2997 1505 3017 *¹
1516 2995 1671 3028 Nuncium
1684 2995 1718 3026 ad
1727 2998 1875 3025 Turcarum
1882 2997 2074 3032 Imperatorem
2087 2994 2123 3026 de
2136 2995 2263 3028 Induciis
2277 2998 2311 3028 &
2320 2998 2376 3029 Ar-

1315 3045 1434 3066 morum
1456 3035 1502 3066 ius
1516 3035 1630 3066 enfione
1651 3034 1776 3065 misimus
1789 3056 1799 3072 ,
1825 3042 1855 3064 ut
1879 3034 1992 3063 interim
2014 3043 2064 3072 per
2089 3033 2212 3073 Legatos
2234 3036 2373 3076 utriusque

1313 3073 1418 3112 Partis,
1438 3074 1468 3104 in
1510 3073 1622 3104 onfiniis
1635 3073 1750 3111 vestris,
1767 3073 1802 3103 de
1816 3071 1891 3103 Pace
1906 3071 2076 3102 restituenda
2093 3074 2235 3105 traetetur.

1353 3113 1422 3152 Qia
1435 3111 1471 3143 de
1486 3123 1533 3150 re,
1550 3112 1662 3150 aliisque
1676 3112 1772 3142 multis
1791 3110 1928 3141 Nuncius
1942 3111 1993 3140 hic
2015 3109 2110 3141 noster
2122 3111 2205 3143 fufius
2217 3122 2287 3144 cum
2301 3116 2374 3143 Ma-

1309 3149 1408 3190 iestate
1423 3150 1516 3189 vestra
1530 3151 1641 3181 asturus
1654 3150 1712 3187 est,
1734 3149 1793 3180 Cui
1810 3148 1897 3179 fidem
1913 3149 1943 3178 in
1963 3149 2100 3180 omnibus
2114 3151 2151 3181 ab
2171 3151 2271 3183 eadem
2292 3152 2373 3183 adhi-

1314 3189 1374 3218 beri
1394 3189 1475 3219 valde
1489 3191 1647 3226 expetimus

1348 3230 1423 3295 fens
1439 3230 1563 3265 Optimus
1580 3230 1724 3257 Maximus
1733 3228 1911 3256 Serenitatem
1926 3224 2047 3264 vestram
2065 3226 2169 3259 salvam
2180 3227 2268 3259 servet
2281 3230 2315 3262 &
2328 3231 2373 3261 iri-

1312 3276 1349 3297 co
1362 3275 1472 3297 umem.

1344 3342 1411 3373 Dat.
1431 3343 1448 3372 ὲ
1463 3345 1548 3386 Regia
1567 3341 1657 3381 nostra
1667 3342 1788 3373 Londini
1805 3341 1851 3373 die
1868 3342 1976 3373 Mensis
1991 3341 2095 3380 Aprilis
2108 3342 2244 3376 vicesimo
2260 3346 2369 3384 primo,

1310 3380 1399 3412 Anno
1416 3380 1553 3412 Domino
1571 3390 1643 3420 1593
1657 3404 1666 3420 ‚
1686 3381 1783 3420 Regni
1798 3383 1869 3413 vero
1887 3381 1976 3413 nostri
1989 3381 2134 3413 tricesimo
2150 3385 2259 3422 quinto.

1456 3456 1553 3496 Vestrae
1571 3457 1732 3498 Majestatis
1745 3458 1815 3489 hona
1829 3456 2053 3499 consanguinea,

1991 3534 2259 3567 Emziinm-ii
2278 3536 2324 3568 R.'

1310 3696 1521 3733 Commission
1553 3697 1681 3744 speciale
1713 3711 1751 3732 au
1775 3701 1894 3733 Comte
1915 3696 1955 3731 de
1980 3694 2194 3731 Cumberland
2214 3725 2226 3740 ‚
2262 3699 2314 3732 sur
2337 3699 2365 3735 la

1669 3759 1780 3794 guerre
1804 3745 1995 3793 d‘Espagne.

1352 3829 1510 3870 Lizabeth,
1531 3840 1582 3870 par
1605 3832 1633 3862 la
1655 3844 1734 3870 grace
1751 3833 1782 3862 de
1798 3835 1889 3869 Dieu,
1907 3827 1968 3864 &a
2006 3832 2044 3859 A
2061 3837 2139 3860 notre
2153 3832 2211 3861 1sz
2217 3831 2303 3873 fidele
2319 3834 2358 3870 &-

1369 3870 1427 3901 tre‘s
1442 3871 1593 3901 bien-aime‘
1604 3871 1695 3911 Coufin
1704 3895 1715 3910 ‚
1740 3870 1863 3908 George
1878 3869 1990 3900 Comte
2009 3869 2047 3899 de
2063 3868 2278 3911 Cumberland,
2304 3877 2361 3903 Sa-

1305 3910 1348 3940 Iut
1353 3933 1360 3939 .

1340 3949 1485 3978 D'autant
1511 3959 1577 3989 que,
1595 3949 1761 3989 considerant
1781 3948 1865 3978 d’une
1881 3948 1999 3976 muniere
2018 3946 2181 3977 conve-nabla
2203 3948 2241 3978 les
2269 3950 2361 3980 derni-

203 3993 312 4034 gainste
324 3993 378 4025 this
391 4002 442 4024 our
458 3991 578 4024 Realme
593 3991 648 4024 and
669 4000 723 4022 our
744 3987 847 4021 Parson
856 4012 868 4028 ,
885 3989 1011 4022 without
1028 3987 1104 4027 juste
1123 3987 1204 4020 cause
1220 3989 1262 4026 gi·
1301 3998 1343 4018 res
1365 3986 1499 4027 hqstilitez
1523 3991 1569 4027 qui
1590 3996 1639 4018 ont
1658 3987 1705 4017 ete'
1721 3986 1877 4025 entreprifi’s
1890 3992 1979 4016 contre
1992 3991 2069 4016 notre
2082 3988 2215 4026 Royaume
2230 3987 2268 4023 ὦ·
2281 3995 2361 4018 notre

1207 4036 1262 4058 Vssn

2287 4026 2357 4055 Per-

2419 169 2498 202 Ann.
2511 170 2554 202 D.

2442 220 2527 249 1593-

2421 256 2466 285 35.
2487 250 2556 278 Eli‘z..

2458 291 2514 323 Reg.

2408 3017 2424 3034 ¹*
2441 3017 2525 3051 XVI}

2422 3057 2486 3086 208.
