2557 4279
593 107 1490 178 CONVENTIONEs,
1574 127 2013 183 L1TERAE,

219 161 295 190 102

221 232 317 276 fefflie
332 230 433 269 kepte,
451 226 519 258 theri
534 231 566 255 to
583 233 672 254 move
687 223 734 253 the
749 221 838 252 Earle
852 230 883 253 to
898 222 982 252 make
996 221 1038 250 his
1051 218 1223 249 Warraunts
1237 225 1286 247 ac-
1324 214 1349 245 le
1372 223 1494 245 trouvez
1505 213 1598 253 juste,
1616 225 1684 244 vous
1703 222 1829 253 porterez
1850 215 1877 246 le
1894 214 2004 247 Comte
2029 216 2048 245 ἃ
2055 215 2134 256 faire
2141 215 2188 255 fis
2202 217 2394 249 Ordonnance5
2409 213 2485 245 Ann.
2501 214 2544 248 D.

223 272 361 309 cordinge
381 277 411 298 to
432 266 482 297 the
501 264 575 294 same
588 272 621 293 to
643 263 693 293 the
707 262 895 298 Threasorer,
915 268 946 290 to
970 259 1012 289 see
1028 259 1088 288 that
1105 267 1161 287 noe
1177 255 1286 286 further
1325 253 1538 295 conforme'ment
1561 263 1597 282 au
1619 252 1772 300 Tre'fiirier,
1791 262 1860 292 pour
1875 254 1933 284 etre
1948 254 2122 294 affiire'qu'il
2134 266 2168 285 ire
2182 256 2215 294 J?
2228 255 2267 295 fa
2289 269 2302 286 e
2314 261 2390 295 point
2436 261 2522 293 1592.

226 311 379 350 Paymcnts
393 308 428 336 be
449 303 532 333 made
547 303 598 333 but
610 310 641 332 to
655 301 739 332 iuche
753 310 781 330 as
797 302 832 330 be
845 300 923 330 there
938 297 1065 336 present,
1075 295 1202 326 whether
1218 294 1285 334 they
1324 293 1446 322 d’auires
1454 299 1598 330 payemens
1609 291 1676 329 qu'a
1692 302 1759 321 ceux
1775 296 1820 332 qui
1827 291 1895 331 sont
1910 292 1940 322 [ἃ
1949 293 2072 332 presens,
2090 294 2211 323 mesmes
2235 305 2267 324 ou
2282 296 2392 335 enslin·
2409 301 2455 328 34.
2471 293 2541 323 Eliz.

72 235 150 268 Arm.
161 231 201 263 D-

94 282 179 312 1592-

75 323 120 351 34.
138 313 207 339 Eiiz.

111 355 170 386 Reg.

86 1670 103 1686 ὓ
140 1666 224 1696 XVI.

117 1713 181 1743 ¹77.

87 1829 214 1860 Bibicot-

87 1877 138 1897 ton.
158 1867 220 1896 Gal-

88 1907 121 1934 ba
132 1912 165 1935 D.
179 1915 220 1941 ¹3·

79 1945 130 1983 fol.
156 1955 221 1973 200.

225 350 261 380 be
275 348 350 379 ficke
365 356 397 375 or
411 342 524 380 whole,
544 340 599 372 and
615 340 660 370 for
675 340 730 371 this
744 337 864 376 purpose
879 347 937 377 you
959 335 1027 367 shall
1044 335 1082 365 let
1098 334 1147 365 the
1162 332 1287 373 Captay-

224 398 274 418 nes
287 387 375 416 know
392 382 519 412 direfflie
533 380 594 411 that
606 379 657 410 her
670 377 799 416 Majestie
816 375 953 415 myndeth
971 383 1003 405 to
1016 373 1086 403 have
1101 373 1180 403 thern
1196 371 1287 411 payde

225 427 264 465 by
275 425 322 455 the
336 421 418 458 Poll,
438 422 493 451 and
507 428 560 449 not
574 427 606 449 to
619 419 657 448 be
672 426 698 448 at
712 419 759 446 the
775 415 939 445 Discretion
956 413 992 443 of
1003 412 1051 442 the
1071 410 1231 450 Capteynes
1252 419 1286 439 or

226 465 275 495 the
291 461 409 492 Clerkes
423 459 460 490 of
470 459 519 490 the
534 456 640 488 Bandes
654 465 685 486 to
699 464 819 492 receyve
837 453 892 484 and
912 452 987 491 Paye
1007 451 1044 481 of
1058 449 1142 480 suche
1166 458 1195 478 as
1218 447 1287 478 shall

226 511 279 535 not
295 502 331 530 be
344 498 434 530 found
448 507 478 528 to
493 498 530 527 be
550 496 614 526 ther
628 494 759 532 presente.

224 557 229 567 .
266 539 377 574 ITEM,
395 537 466 567 You
487 534 555 568 ssiall
578 534 635 564 doe
656 533 704 563 the
719 530 780 562 best
802 530 841 571 by
856 528 1057 563 Conference,
1082 525 1137 555 had
1154 524 1225 556 with
1239 523 1288 554 the

227 577 335 618 Muster
354 574 460 614 Master
479 575 531 605 the
552 570 693 610 Marshall
709 570 763 600 and
784 569 831 599 the
853 567 982 604 Serjante
998 568 1112 601 Maior,
1131 572 1163 594 to
1181 564 1289 593 knowe

226 617 275 648 the
294 617 350 646 due
368 615 534 650 Accompte
553 610 589 640 of
604 611 652 641 the
671 609 745 647 Paye
766 608 826 637 that
844 616 903 637 was
929 603 1012 634 made
1040 603 1059 632 b
1105 601 1155 632 the
1184 600 1290 630 French

225 657 319 693 Χίης,
338 653 408 684 after
425 653 475 684 the
494 650 618 687 endinge
636 648 673 679 of
686 648 735 679 the
753 646 833 675 Two
853 644 994 674 Monthes
1012 651 1048 672 an
1087 650 1123 670 an
1142 640 1216 678 half,
1235 638 1291 669 and

226 694 287 725 that
309 692 468 728 according
486 699 517 720 to
535 690 583 719 the
602 686 700 717 Earles
718 694 802 715 owne
826 682 1009 713 Affirmation
1036 681 1059 710 it
1078 679 1115 708 be
1131 678 1212 709 seene
1229 678 1290 708 that

229 733 279 764 her
305 730 451 770 Majistyes
478 728 559 758 latter
578 726 653 764 Paye
671 725 727 755 doe
745 732 796 752 not
822 722 955 760 begynne
975 718 1083 760 beforea
1093 715 1142 747 the
1169 716 1239 746 zoth
1259 715 1296 745 os

229 770 407 803 November
425 790 435 806 ,
472 766 526 797 and
545 766 609 796 thus
627 786 636 801 ,
668 764 737 793 after
755 770 814 800 you
833 760 904 789 have
921 758 986 789 well
1006 754 1172 787 coiiiidered
1190 755 1227 785 of
1240 754 1291 784 the

229 808 381 841 AbstraCoe
405 807 441 837 of
461 805 509 836 the
534 802 721 835 Instrudfions
750 797 901 838 delyvered
932 805 964 827 to
997 796 1044 825 the
1078 793 1166 823 Earle
1184 816 1194 831 ,
1233 802 1290 831 you

229 847 302 880 shall
327 857 354 878 as
379 846 465 877 soone
490 853 518 873 as
541 852 600 880 you
625 850 689 878 may
722 837 807 868 make
834 838 913 866 some
939 833 1104 865 certificate
1129 833 1216 862 howe
1241 831 1291 862 the

230 885 374 917 Contents
396 882 494 915 therof
514 880 584 912 shall
612 879 648 910 be
674 880 712 917 by
739 877 786 908 the
812 871 899 904 Earle
923 874 979 905 and
997 881 1068 913 your
1093 870 1148 901 sels
1162 869 1293 908 perfour—

231 925 308 956 med.

503 999 545 1032 By
563 993 609 1024 the
625 991 723 1033 Qiens
745 989 885 1031 Majesties
908 987 1161 1024 Commandement‚

923 1065 981 1098 W.
1005 1064 1254 1096 Romaim.

624 1147 904 1180 Posi-sciuri.

271 1233 297 1265 It
314 1234 334 1264 is
352 1238 403 1263 not
422 1236 521 1266 ment,
539 1228 579 1266 by
597 1237 651 1268 any
669 1226 767 1264 thinge
785 1220 949 1262 conteyned
968 1221 996 1251 in
1013 1219 1075 1262 thes
1089 1215 1294 1254 Articles,tliat

233 1273 283 1304 the
301 1270 461 1306 Souldiers,
481 1276 514 1298 to
532 1267 635 1297 whom
655 1265 704 1295 the
712 1262 846 1302 Apparell
866 1260 964 1291 before
984 1257 1150 1289 mentioned
1171 1255 1240 1286 ssiall
1257 1256 1293 1285 be

233 1309 401 1350 delyvered,
419 1306 488 1338 shall
507 1306 543 1335 be
561 1302 702 1334 dedueied
720 1299 869 1333 otherwise
888 1307 985 1337 uppon
1006 1297 1078 1326 their
1097 1295 1172 1339 Paye
1192 1294 1258 1324 then
1267 1301 1293 1323 at

233 1350 282 1380 the
301 1348 375 1378 Date
394 1345 431 1376 of
446 1346 494 1375 the
514 1343 567 1373 fixe
588 1341 730 1372 Monthes
747 1364 758 1380 ,
792 1340 877 1371 when
897 1339 945 1368 the
970 1336 1044 1366 same
1064 1333 1123 1364 will
1144 1335 1179 1363 be
1206 1341 1294 1362 runne

232 1396 284 1418 out
302 1395 403 1423 uppon
421 1383 493 1414 their
511 1381 563 1413 full
582 1381 621 1411 Pa
642 1390 658 1410 e
683 1389 754 1410 ove-r
776 1378 832 1408 and
850 1378 944 1407 above
969 1374 1041 1405 their
1065 1371 1177 1411 weekly
1198 1370 1294 1400 Lend—

233 1427 296 1466 ings
328 1424 438 1455 neither
456 1422 515 1451 that
532 1420 598 1460 they
651 1418 721 1449 ould
739 1418 776 1448 be
795 1414 959 1459 compelled
977 1422 1008 1444 to
1026 1411 1088 1442 take
1115 1419 1196 1453 more
1215 1409 1252 1452 of
1265 1418 1294 1438 a-

232 1475 273 1534 ti
290 1448 831 1537 {iitsessefdvsfissussszisssisias}
846 1450 1051 1534 {esseni
1063 1447 1294 1519 ’irrisisse

235 1539 352 1582 lyvered
370 1540 402 1570 in
414 1536 604 1576 Wrighteing
623 1543 656 1566 to
673 1543 731 1573 you
749 1532 792 1563 Sir
805 1530 919 1561 Thomas
935 1526 1082 1565 Leighton.

244 1612 1303 1633 *pp—*m

262 1671 290 1698 ὃ*
315 1668 374 1705 Ad
395 1670 540 1714 Reginam
566 1677 586 1698 a
616 1666 744 1743 Comitel
765 1662 904 1696 Palatino
929 1658 1024 1694 Rheni
1034 1637 1161 1706 ‚qfiaper
1182 1663 1274 1694 Statu

686 1715 730 1746 Re
743 1713 858 1758 igionis.

278 1803 441 1845 Erenisfima
459 1800 498 1838 &
516 1799 627 1841 Inclyta
642 1801 746 1837 Regina
762 1799 882 1828 Domina
896 1794 934 1832 ὠ·
944 1793 1159 1835 'Confimguinea
1183 1794 1294 1825 Charis-

287 1845 373 1883 fima,
391 1836 768 1880 Regiae·Dign·1tativestrae
789 1836 934 1873 Salutem,
952 1844 1035 1873 atque
1050 1844 1142 1865 rerum
1159 1835 1293 1864 omnium

237 1883 387 1917 Successus
408 1878 590 1912 faustiffimos
613 1879 629 1908 a
652 1879 711 1907 Deo
730 1878 838 1914 Optimo
861 1877 988 1904 Maximo
1010 1874 1096 1904 unice
1120 1881 1268 1910 precamur
1283 1895 1293 1910 ,

238 1924 389 1962 eidemque
416 1919 526 1950 Officia
560 1915 654 1948 nostra
679 1912 887 1953 promptiffima
917 1912 1008 1943 studio
1036 1911 1167 1948 singulari
1192 1911 1296 1942 deferi-

235 1973 307 1995 mus.

273 2002 363 2039 Regile
386 1998 540 2035 Dignitasis
562 1992 659 2035 vestrae
684 1991 810 2029 Literas‚
834 1987 969 2021 vicesima
989 1987 1107 2026 septima
1125 1984 1192 2025 Julii
1216 1986 1296 2024 hujus

236 2040 317 2072 Anni
331 2039 423 2075 datas,
436 2035 613 2071 accepimus,
631 2032 733 2069 quibus
748 2032 813 2062 Nos
826 2030 953 2060 hortatur
967 2036 996 2058 ut
1011 2025 1199 2057 Illustriffimo
1213 2024 1296 2055 Prin-

237 2080 296 2116 cipi
313 2077 446 2108 Domino
461 2074 592 2103 Friderico
609 2070 729 2100 Elediori
747 2068 893 2104 Palatino,
917 2066 1035 2105 Agnato
1058 2063 1158 2095 nostro
1181 2062 1295 2094 Carissi-

236 2127 290 2148 mo
307 2138 317 2154 ‚
354 2112 483 2145 Consilio
502 2111 678 2141 Austoritate
704 2116 786 2147 atque
810 2107 924 2137 Auxilio
947 2104 1040 2136 adesse
1067 2103 1186 2134 velimus
1207 2125 1218 2141 ,
1255 2103 1293 2132 ne

238 2155 411 2186 Curatorem
432 2150 532 2181 Rebus
554 2146 726 2179 Palatinatus
751 2143 941 2183 gubernandis
964 2145 1087 2179 recipere
1113 2164 1123 2178 ,
1160 2140 1206 2172 vel
1230 2141 1294 2171 Sta-

238 2202 303 2225 tum
322 2190 479 2230 Religionis
496 2189 526 2218 iii
547 2187 600 2218 illis
621 2186 800 2225 Regionibus
818 2182 978 2214 constituta:
1002 2189 1178 2211 commutare
1200 2188 1294 2210 tenea-

239 2239 284 2263 tur
301 2241 307 2260 ι

277 2267 439 2307 Equidem,
459 2276 519 2296 non
542 2274 602 2295 tarn
622 2266 710 2301 chiae
731 2259 830 2300 vestrae
855 2261 1008 2297 Dignitatir
1031 2256 1190 2287 admonitio
1205 2279 1214 2293 ,
1241 2254 1297 2293 qua

238 2309 317 2340 suam
333 2316 393 2337 tum
404 2315 471 2344 erga
488 2304 659 2342 praedietum
675 2304 825 2338 Principem
839 2298 990 2327 Eli-dorem
1005 2304 1066 2326 tum
1080 2305 1147 2331 erga
1162 2294 1228 2324 Nos
1240 2304 1298 2324 cae-

240 2345 368 2384 terosque
384 2343 500 2381 Imperii
513 2342 676 2378 Principes,
694 2338 883 2376 Religionem
899 2338 914 2366 a
929 2334 1083 2366 Pontificio
1103 2334 1181 2372 Jugo
1204 2333 1294 2362 refor-

238 2393 348 2417 matam
371 2383 553 2421 profitentes,
575 2377 806 2410 Benevolentiam
828 2374 943 2405 abunde
966 2373 1026 2403 satis
1045 2372 1183 2408 declarat,
1209 2371 1294 2409 quam

239 2422 392 2460 Sanguinis
405 2420 494 2450 nostri
507 2418 679 2455 conjunetio
694 2425 776 2453 atque
792 2413 983 2452 propinquitas
999 2411 1120 2448 facit,ut
1133 2409 1231 2446 sponte
1242 2419 1295 2439 co·

242 2462 392 2500 gitationes
403 2469 423 2488 n
445 2457 509 2488 stras
528 2466 563 2487 eo
578 2455 773 2490 intendamus,
789 2461 847 2489 quo
856 2450 1026 2481 Diledtionis
1040 2449 1120 2486 ipsius
1135 2447 1294 2478 Incolumi·

240 2509 282 2531 tas
303 2498 368 2528 sarta
389 2505 415 2526 te
448 2505 517 2534 aque
537 2493 735 2528 conservetur,
761 2498 867 2530 quanto
883 2497 960 2519 enim
982 2486 1076 2516 studio
1098 2495 1131 2516 ac
1149 2484 1295 2521 diligentia

244 2535 480 2569 Controversiam
495 2532 571 2562 illam
584 2531 620 2561 de
634 2529 764 2560 Curatela
778 2530 811 2560 &
824 2525 1076 2557 Administratione
1090 2524 1214 2562 benigne
1229 2523 1294 2552 diri-

243 2586 321 2607 mere
340 2571 575 2608 laboraverimus,
593 2578 708 2606 utraque
727 2577 786 2604 pars
803 2564 1000 2597 testimonium
1019 2563 1102 2593 nobis
1120 2562 1295 2599 perhibebit,

247 2621 408 2653 quanquam
442 2610 512 2641 vero
547 2615 674 2646 optatum
709 2605 797 2635 finem
828 2613 870 2634 res
900 2601 1031 2632 nondum
1060 2600 1142 2638 plene
1175 2598 1296 2629 assecuta

245 2654 287 2684 est
303 2675 312 2690 ,
350 2651 396 2688 spe
413 2657 507 2679 tamen
523 2646 690 2676 deducimur
708 2644 743 2674 ad
759 2653 823 2674 eam
842 2641 1051 2679 cogitationem
1071 2647 1101 2669 ut
1125 2640 1214 2667 Deum
1231 2641 1298 2667 Om-

245 2696 412 2729 nipotentem
431 2710 441 2724 ,
477 2695 529 2723 pro
552 2684 599 2715 sua
623 2685 652 2714 in
679 2693 731 2713 nos
757 2680 873 2719 paternii
898 2678 1065 2710 Affeetione
1080 2700 1090 2715 ,
1128 2675 1248 2706 Causam
1264 2677 1298 2707 &

243 2730 411 2767 Negorium
429 2724 517 2762 ipsum
535 2723 568 2754 ad
583 2730 711 2760 optatum
731 2719 817 2750 finem
836 2718 1024 2749 dedueturum
1042 2715 1222 2746 arbitremur.

282 2768 400 2799 Interim
416 2764 451 2794 ad
465 2771 529 2792 eam
543 2762 680 2791 rationem
700 2759 819 2789 libenter
838 2755 1126 2787 accommodabimus
1147 2754 1180 2784 &
1204 2752 1299 2783 Natu-

244 2817 307 2838 ram
321 2808 354 2838 &
371 2802 520 2835 Personam
536 2799 661 2830 nostram
676 2796 789 2828 summa
803 2796 911 2834 semper
928 2794 960 2823 de
976 2792 1110 2821 Eleeioris
1127 2791 1220 2828 iplius,
1247 2791 1297 2820 de-

242 2856 299 2886 que
314 2842 448 2876 universae
463 2837 594 2870 Palatinae
611 2835 732 2868 Domtis
744 2834 883 2872 totiusque
897 2831 1060 2862 Germaniae
1077 2830 1178 2861 Patriiz
1193 2828 1298 2871 nostrae

244 2883 394 2915 cariffimae
410 2877 602 2918 prosperitate,
625 2874 706 2906 Cura
724 2882 871 2911 nunquam
887 2880 945 2900 non
960 2870 1094 2906 attingit,
1118 2867 1196 2905 quod
1213 2870 1230 2897 li
1254 2869 1297 2896 E-

245 2923 328 2953 Ιεδῖον
342 2920 397 2958 ipse
412 2917 570 2955 Religionis
585 2914 751 2944 exercitium
761 2935 770 2949 ,
789 2911 822 2941 ad
832 2933 841 2948 ‚
859 2907 1030 2939 dilectissimi
1045 2906 1169 2936 Domini
1192 2906 1299 2936 Paren-

247 2962 281 2992 tis
293 2961 348 2997 sui,
367 2957 501 2988 Ludovici
517 2953 648 2984 Eleli‘oris
663 2950 804 2987 Palatini,
824 2949 880 2987 pia:
895 2946 1062 2982 memori-x,
1080 2944 1251 2981 Exemplum
1266 2942 1299 2972 fi-

246 2999 345 3029 deliter
360 2994 524 3030 instituerit,
541 2992 652 3029 optime
666 2988 799 3027 equidem
814 2986 963 3017 conatibus
977 2982 1093 3021 nostris,
1111 2992 1145 3013 ac
1165 2981 1301 3012 tutissime

246 3038 330 3068 rebus
346 3036 396 3066 suis
410 3032 595 3068 consuluerit,
613 3038 698 3068 quarn
720 3026 754 3056 ad
777 3025 888 3055 causam
911 3025 1000 3065 Regiae
1024 3023 1179 3058 Dignitatir
1201 3019 1302 3058 vestrae

247 3075 408 3106 Auitoritas
423 3071 580 3109 plurimum
595 3065 738 3098 momenti
751 3063 866 3100 afferet,
892 3062 913 3092 si
931 3061 988 3099 illi,
1011 3060 1081 3090 cum
1104 3059 1233 3097 primurn
1250 3068 1303 3097 po-

249 3115 350 3150 tuerit,
364 3109 487 3150 ejusdem
501 3106 598 3138 Suasor
614 3105 704 3136 fuerit.

290 3152 339 3182 De
354 3146 520 3180 Concordia
533 3144 709 3182 Religionis,

250 3189 421 3222 sensionibus
434 3185 579 3221 tollendis,
598 3185 709 3219 Regiam
730 3182 901 3217 Dignitatem
915 3175 1036 3216 vestram
1048 3183 1105 3205 tam
1119 3175 1166 3212 pie
1183 3173 1238 3204 esse
1252 3173 1304 3203 sol-

250 3229 362 3259 licitam
377 3226 495 3256 libenter
508 3223 570 3253 sane
585 3219 798 3257 cognovimus,
815 3224 896 3254 atque
911 3216 958 3245 vix
978 3213 1052 3244 aliud
1065 3214 1156 3249 magis
1176 3212 1205 3241 in
1230 3213 1304 3242 votis

251 3268 393 3297 habemus
414 3264 521 3301 quam,
546 3268 576 3290 ut
593 3260 636 3298 pia
650 3260 683 3290 ὃ(
701 3255 794 3287 saneta
811 3253 998 3290 Concordia,
1023 3253 1052 3281 in
1074 3252 1245 3287 incorrupto
1269 3260 1302 3280 ac

253 3314 335 3337 certo
350 3303 449 3334 Verbo
464 3299 522 3330 Dei
536 3297 667 3334 fundata,
684 3294 819 3325 constitui
833 3300 936 3332 queat,
961 3289 1096 3327 siquidem
1119 3297 1179 3318 non
1200 3287 1304 3319 sufficit

254 3345 338 3381 Papae
354 3342 460 3379 Jugum
480 3336 584 3368 exuiise
604 3336 636 3366 δε
659 3334 769 3372 penitus
788 3330 934 3369 abjecisse,
951 3329 998 3358 sed
1019 3328 1196 3370 magnopere
1218 3327 1303 3356 etiam

254 3381 366 3411 neceffe
378 3379 418 3409 est
438 3386 539 3408 cavere
554 3377 590 3405 ne
604 3373 650 3403 vel
666 3372 711 3402 alii
725 3371 840 3402 Errores
856 3369 1023 3399 Animarum
1033 3364 1111 3395 saluti
1126 3375 1155 3394 ze
1171 3366 1206 3394 ue
1220 3366 1234 3394 ‘a
1251 3364 1302 3395 Pa-

256 3420 363 3457 pisticis
373 3415 543 3448 adversantes
556 3413 757 3447 admittantur,
782 3411 814 3438 &
830 3406 922 3437 multo
940 3414 986 3435 ma
1007 3405 1028 3434 is
1050 3404 1086 3433 ne
1103 3403 1142 3432 illi
1175 3402 1301 3432 efensen-

256 3465 300 3488 tur
315 3458 347 3487 ὃς
363 3462 569 3493 propagentur:
590 3451 687 3488 Quam
701 3448 736 3479 ad
753 3456 813 3477 rem
836 3447 920 3481 Regia
935 3413 1028 3482 vestgra
1049 3444 1181 3478 Dignitas
1202 3441 1301 3471 nostro

257 3495 374 3532 quidem
389 3493 505 3531 Judicio
520 3490 673 3528 plurimum
690 3485 820 3525 praestare
836 3481 936 3521 posset.

293 3531 400 3570 Neque
412 3533 488 3562 enim
502 3532 612 3566 Regiam
626 3524 745 3565 vestram
763 3525 935 3560 Dignitatem
950 3518 1037 3551 celare
1051 3516 1196 3556 poffiimus
1208 3516 1305 3555 quod,

253 3571 315 3601 hoc
330 3578 476 3606 tempore,
494 3575 670 3607 nequaquam
685 3564 720 3594 de
737 3561 833 3592 Rebus
847 3560 961 3591 tantum
975 3558 1084 3595 otiosis,
1103 3556 1136 3586 &
1157 3555 1306 3598 Qipestio-

255 3610 339 3639 nibus
355 3606 533 3637 Scholasticis
547 3605 700 3635 certamina
715 3603 785 3632 inter
808 3599 917 3629 nostros
938 3599 1090 3632 mirentur,
1117 3602 1147 3623 ut
1169 3599 1224 3630 ipia
1243 3595 1305 3631 qui-

257 3647 327 3677 dem
339 3669 348 3683 ,
361 3653 395 3675 ex
410 3645 526 3674 aliorum
541 3644 642 3680 relatu,
660 3640 770 3678 opinari
782 3638 908 3675 videtur,
926 3623 1045 3672 ffieologi
1056 3636 1126 3662 enim
1148 3631 1306 3661 Heidelber-

260 3684 353 3724 genfis
368 3693 436 3714 cum
451 3682 552 3712 nostris
565 3692 624 3711 non
639 3681 674 3710 de
684 3679 779 3709 Coena
793 3677 902 3707 tantum
921 3674 1078 3705 Dominica
1093 3669 1238 3707 hucusque
1250 3669 1305 3700 dis-

265 3730 431 3760 creparunt‚
449 3720 524 3758 quod
537 3719 678 3750 diffidium
694 3717 774 3747 facile
796 3714 892 3744 nostro
909 3713 1022 3750 judicio
1043 3708 1246 3752 sedari-posset,
1272 3708 1309 3746 fi,

266 3763 398 3798 utrinque
410 3758 532 3788 humani
545 3758 651 3787 ratione
664 3754 778 3794 sepositi
793 3763 826 3784 ac
843 3751 967 3788 remota,
989 3748 1065 3787 quod
1077 3758 1108 3777 ea
1130 3756 1160 3775 in
1177 3746 1311 3784 Spiritua-

266 3799 341 3830 libus
354 3807 387 3827 ac
404 3797 515 3827 Divinis
532 3796 628 3826 Rebus
641 3803 717 3824 caeca
731 3792 801 3822 nihil
815 3791 966 3830 perspicere
974 3784 1188 3823 valeat,Verbis
1202 3783 1311 3820 expres-

264 3838 297 3868 sis
311 3836 398 3875 planis
411 3835 444 3865 δε
457 3835 555 3871 apertis
570 3832 731 3871 simpliciter
746 3831 826 3860 Fides
843 3829 1034 3864 adhiberetur,
1056 3824 1089 3854 &
1105 3822 1210 3852 Honor
1226 3822 1312 3852 Chri-

264 3875 327 3912 st0,
343 3882 406 3903 tum
423 3871 549 3903 Veritatis
568 3881 627 3902 turn
649 3869 894 3906 omnipotentiae,
917 3866 1017 3896 debito
1039 3862 1130 3893 modo
1149 3861 1311 3891 attribuere-

265 3922 328 3950 tur,
346 3911 457 3941 Verum
476 3910 528 3940 alia
542 3909 647 3939 sunt&
662 3907 776 3946 quidem
793 3907 913 3943 majora,
931 3905 966 3935 de
983 3903 1082 3942 quibus
1095 3901 1167 3929 inter
1183 3898 1250 3928 Nos
1284 3909 1312 3928 er

268 3952 334 3983 haec
347 3958 474 3986 tempora
487 3949 719 3985 controvertitur,
738 3947 766 3975 in
782 3944 851 3974 loco
864 3945 941 3973 enim
954 3943 989 3973 de
1004 3939 1124 3972 Persona
1139 3935 1247 3966 Christi
1276 3937 1314 3967 al-

270 3989 376 4021 vatoris
398 3987 486 4017 nostri
507 3994 611 4021 negant
633 3986 692 4023 illi,
721 3992 813 4021 neque
836 3981 996 4012 concedere
1011 3980 1111 4010 volunt
1131 3975 1317 4005 sacratiffimae

271 4026 451 4061 Humanitati
466 4023 594 4062 Christi,
611 4024 703 4063 quiin
718 4032 773 4055 una
793 4029 890 4054 tamen
910 4016 1095 4052 indiffolubili
1115 4024 1149 4048 ac
1171 4013 1316 4048 individua

726 3143 760 3173 &
774 3140 810 3171 de
824 3137 986 3177 perniciosis
1006 3137 1035 3167 in
1059 3146 1091 3168 ea
1113 3137 1220 3166 exortis
1238 3135 1307 3166 Dis-

1325 334 1371 367 16,
1393 332 1434 377 ξι
1467 339 1517 373 our
1533 337 1574 375 σεξ
1587 329 1652 368 effit
1664 340 1733 358 vous
1761 331 1932 369 erezsavoir
1945 331 2138 370 expres-ferrreoli*
2160 344 2217 362 aux
2237 337 2394 365 c'acitaines

1324 380 1375 416 que
1390 369 1430 415 §a
1487 367 1569 413 ajeste
1584 368 1690 414 entend
1699 379 1734 407 qu
1745 367 1779 397 ils
1786 368 1878 408 fiiient
1889 371 1962 406 paie's
1975 378 2026 407 par
2039 370 2116 409 trite,
2125 369 2249 411 &qu'ils
2262 362 2295 402 rie
2303 373 2395 411 soient

1319 414 1402 446 point
1413 418 1431 452 a
1447 405 1476 435 la
1490 405 1631 445 difirltion
1647 406 1691 435 des
1708 409 1862 444 Capitaines
1878 418 1911 436 ou
1923 407 1967 437 des
1984 408 2126 439 clercs-des
2141 413 2310 449 Compagnies
2322 420 2393 451 pour

1324 454 1443 476 recevoir
1459 443 1584 483 &paier
1598 455 1664 475 ceux
1676 448 1724 485 qui
1738 456 1771 474 ne
1779 445 1847 484 sont
1855 449 1931 484 point
1947 445 1976 474 Ιά
1986 447 2102 486 presens.
2310 435 2321 451 ²
2391 449 2394 451 ’

1365 521 1477 566 ITEM,
1495 532 1564 567 {vous
1580 520 1666 563 fi’rez
1686 523 1718 552 de
1741 529 1822 552 votre
1842 525 1949 560 micuit,
1968 519 2046 560 apres
2060 523 2150 554 ’avoir
2163 524 2277 566 confere*
2283 539 2352 559 avec
2365 528 2393 560 le

1328 559 1535 607 Commissaire
1557 561 1606 592 des
1626 561 1761 592 Montres
1771 584 1781 599 ,
1807 562 1834 591 le
1848 560 1997 591 Marechal
2021 559 2058 594 ὠ·
2081 561 2105 591 le
2126 563 2261 602 Sergeant
2276 565 2374 605 Major

1324 607 1392 638 pour
1409 609 1492 629 avatr
1507 610 1544 629 un
1557 607 1654 638 compte
1663 600 1738 639 juste
1752 600 1785 629 de
1799 611 1826 629 ce
1840 603 1886 639 qui
1899 599 1959 638 5'esi‘
1967 599 2037 637 paie'
2046 598 2078 628 de
2092 600 2122 629 la
2133 609 2203 639 part
2218 603 2255 633 du
2278 603 2340 636 Roi
2354 591 2393 637 dc}

1330 636 1456 684 Erance,
1476 650 1514 668 au
1525 638 1590 668 bout
1603 639 1647 668 des
1658 640 1729 668 deux
1744 642 1809 668 mois
1825 641 1863 674 ὠ·
1874 638 1962 676 demi,
1980 636 2018 672 ῤ’
2042 648 2092 677 que
2107 638 2225 676 suivant
2249 640 2392 680 l'affirma-

1327 684 1387 706 tion
1397 676 1438 727 ,du
1452 675 1563 708 Comte
1576 677 1659 707 me‘me
1674 676 1700 707 il
1706 676 1820 715 paroiffe
1833 688 1883 716 que
1895 676 1933 707 les
1944 677 2066 706 derniers
2075 686 2215 717 payemeni·
2228 681 2261 710 de
2275 681 2300 710 la
2318 681 2392 713 Rei-

1329 725 1366 745 ne
1377 727 1396 745 n
1407 722 1456 745 ont
1469 723 1519 754 pas
1533 717 1679 746 commence‘
1686 723 1779 745 avant
1792 714 1816 744 le
1830 725 1879 745 20.
1893 715 1926 744 de
1946 714 2112 746 Novembre.
2142 717 2228 757 Ainfi
2246 719 2326 757 apres
2340 732 2393 761 que

1329 765 1398 784 vous
1411 765 1498 784 aurez
1513 755 1575 784 bien
1589 756 1720 784 examine‘
1727 754 1747 783 l’
1749 757 1858 784 extruit
1870 754 1915 782 des
1931 757 1959 783 in
1985 755 2102 783 rumoni
2117 758 2163 793 qui
2178 762 2226 785 ont
2246 759 2293 786 e‘te‘
2309 765 2391 789 remi-

1323 791 1369 831 fi’s
1396 803 1432 822 au
1457 792 1583 831 Comte,
1619 803 1690 822 vous
1697 792 1782 832 ferez
1803 803 1839 822 un
1862 796 1938 822 Certi
1959 800 2004 822 cat
2018 816 2027 830 ,
2065 792 2205 831 auffl-to't
2225 805 2275 834 que
2290 806 2358 826 vous
2370 798 2396 827 le

1324 839 1442 909 ξάοιιὲνει
1451 854 1461 869 ,
1479 831 1512 860 de
1525 830 1612 880 quelle
1625 836 1747 862 maniere
1760 830 1785 861 le
1798 839 1910 862 «antemi
1924 843 1958 863 en
1970 843 1988 861 a
2003 833 2228 871 ete‘exe‘cutepar
2242 833 2269 863 le
2283 833 2393 867 Comte

1398 880 1431 900 ar
1450 880 1624 900 ‘vous—meme.

1815 982 1867 1016 Par
1883 985 1965 1016 ordre
1979 984 2015 1016 de
2035 985 2071 1017 Sa
2091 985 2235 1026 Majeste,

2073 1062 2128 1094 W.
2146 1063 2355 1098 Bononiam

1720 1138 2000 1172 Posrscaipr.

1368 1219 1414 1247 On
1432 1215 1563 1246 n’entend
1571 1223 1638 1254 pas,
1649 1222 1701 1254 par
1717 1214 1742 1244 le
1756 1224 1869 1246 contenu
1884 1217 1915 1245 de
1931 1226 1970 1246 ces
1984 1215 2126 1254 Articles,
2144 1216 2223 1256 qu’on
2231 1219 2315 1258 puiffis
2330 1225 2390 1252 rien

1332 1255 1461 1284 rabattre
1474 1255 1506 1284 de
1522 1255 1550 1284 la
1559 1258 1622 1294 paie
1637 1254 1681 1283 des
1695 1253 1803 1284 Soldats
1818 1255 1836 1284 a*
1848 1258 1896 1295 qui
1908 1254 1961 1283 l‘on
1977 1265 2048 1284 aura
2060 1255 2138 1284 livre‘
2146 1257 2191 1285 des
2205 1257 2380 1290 habillemens

1331 1292 1454 1339 qiae’ap'res
1470 1293 1519 1333 fix
1537 1296 1602 1322 mois
1622 1292 1697 1321 e'chus
1721 1293 1752 1321 de
1776 1293 1834 1322 leur
1850 1297 1912 1330 paie
1933 1296 2050 1331 entiere,
2069 1300 2146 1323 outre
2158 1294 2229 1323 leurs
2248 1297 2327 1333 pre¹ts
2337 1284 2391 1336 par²

1324 1334 1463 1372 sematne,
1477 1335 1515 1379 xni
1534 1331 1614 1372 qu'on
1631 1330 1670 1360 les
1689 1335 1840 1369 contraigne
1863 1331 1881 1360 ἃ
1900 1331 2017 1370 prendre
2026 1330 2087 1369 plus
2103 1334 2135 1361 de
2152 1335 2251 1362 vivres
2264 1335 2345 1375 qu'ils
2356 1348 2391 1366 ne

1326 1377 1454 1410 Jugeront
1469 1382 1487 1399 a
1500 1377 1612 1409 propos,
1629 1381 1655 1399 ce
1669 1372 1715 1411 qui
1721 1368 1753 1408 Je
1766 1371 1822 1400 doit
1838 1374 1907 1400 tirer
1927 1371 1960 1399 de
1976 1369 2048 1400 leurs
2062 1370 2140 1409 preti·
2153 1390 2162 1410 ,
2192 1371 2271 1410 selon
2290 1373 2319 1403 la
2343 1383 2392 1405 ta-

1325 1420 1381 1487 ἶξν
1392 1412 1529 1478 {curiitvous
1552 1421 1571 1440 a
1597 1411 1646 1440 ἐκέ
1666 1408 1758 1448 remise
1778 1409 1798 1439 ὰ
1819 1419 1888 1440 vous
1907 1407 2057 1442 Chevalier
2082 1409 2221 1442 Thomas
2244 1411 2392 1453 Leighton

1336 1673 1459 1719 Persona
1471 1674 1553 1719 Deus
1562 1673 1642 1705 simul
1656 1675 1690 1706 &
1702 1673 1806 1704 Homo
1821 1672 1876 1711 est,
1894 1672 2006 1703 'realem
2028 1671 2258 1711 Omnipotentiae
2276 1674 2388 1706 Gloriae

1336 1715 1370 1745 ὃς
1384 1713 1535 1758 Maiestatis
1550 1713 1668 1744 Divinae
1682 1711 1995 1746 communicationem
2023 1712 2086 1742 imo
2103 1712 2263 1743 defenditur
2285 1715 2320 1744 ab
2334 1715 2368 1744 iis

1336 1754 1370 1783 &
1383 1762 1482 1795 acriter
1493 1761 1701 1796 propugnatur,
1721 1751 1808 1781 Error
1820 1751 1864 1780 ille
1878 1749 2072 1789 craffiffimus,
2096 1751 2129 1780 &
2142 1759 2206 1781 ante
2221 1751 2275 1782 hac
2287 1754 2316 1781 in
2328 1736 2388 1783 Ecl

1335 1791 1416 1822 clelia
1433 1790 1542 1821 Christi
1561 1792 1644 1828 plane
1663 1790 1815 1827 inauditus,
1842 1788 1991 1818 Christum
2006 1798 2066 1819 non
2082 1798 2135 1826 pro
2151 1790 2238 1819 totius
2260 1789 2368 1821 Mundi

1334 1829 1378 1859 sed
1397 1839 1446 1866 pro
1461 1828 1626 1859 Elet‘storum
1642 1829 1752 1860 tantum
1767 1828 1912 1865 Peccatis,
1926 1826 2081 1857 Mortuum
2095 1826 2168 1865 effe,
2187 1825 2284 1859 Varias
2298 1814 2390 1859 etiarn²

1333 1867 1536 1900 &·horrendas
1550 1868 1707 1906 Opiniones
1721 1867 1797 1897 alunt
1808 1866 1844 1896 de
1859 1865 2108 1896 praedestinatione
2124 1865 2261 1897 Filiorum
2279 1866 2336 1898 Dei
2351 1868 2386 1899 δε

2447 335 2504 368 Reg„

1334 1906 1547 1950 Reprobatione
1560 1908 1672 1945 majoris
1687 1906 1769 1943 partis
1785 1905 1893 1942 generis
1909 1904 2045 1942 humani,
2061 1905 2094 1934 &
2108 1903 2143 1933 de
2156 1903 2344 1937 Sacramento
2363 1907 2384 1927 *²
2409 1902 2427 1923 *¹¹
2455 1903 2541 1931 XVI}

1335 1944 1508 1982 Baptismatis
1521 1945 1622 1983 quibus
1634 1943 1752 1975 Christo
1764 1943 1891 1974 debitum
1906 1942 2046 1972 honorem
2062 1942 2216 1981 derogare,
2235 1944 2386 1982 perspicuo
2432 1941 2494 1979 178,

1335 1983 1393 2014 Dei
1404 1982 1514 2028 ¹Verbo
1526 1983 1649 2013 alienum
1663 1982 1780 2013 Sensum
1794 1981 1945 2019 affingere,
1970 1980 2054 2010 nobis
2073 1983 2142 2010 vero
2163 1991 2285 2011 ornnem
2301 1982 2386 2013 Con-

1334 2022 1517 2058 solatione'm,
1537 2031 1622 2060 quarn
1638 2031 1671 2052 ex
1686 2021 1880 2051 universalibus
1895 2019 2044 2056 Evangelii
2059 2017 2295 2050 Promissionibus
2310 2022 2386 2053 &ex

1334 2059 1578 2092 Sacramentorum
1590 2060 1636 2090 usu
1652 2069 1751 2097 capere
1765 2058 1944 2095 deberemus,
1959 2058 2072 2088 dubiam
2085 2067 2119 2087 ac
2135 2058 2274 2089 incertam
2288 2060 2388 2090 redde-

1335 2109 1365 2143 re
1380 2100 1658 2143 conantum-quibus
1673 2108 1706 2128 ex
1720 2097 1853 2135 adverso,
1872 2105 1955 2134 prout
1977 2096 2060 2125 decet
2075 2104 2108 2125 ex
2132 2095 2229 2126 Verbo
2245 2097 2304 2127 Dei
2328 2109 2388 2129 me-

1332 2137 1395 2168 liori
1410 2137 1612 2168 informatione
1626 2136 1851 2174 occurrendum,
1864 2136 1989 2165 omnino
2005 2133 2190 2164 necessarium
2207 2134 2264 2165 effe
2277 2136 2387 2173 judica-

1333 2186 1413 2220 mus,
1438 2176 1546 2206 nullum
1567 2177 1706 2214 capientes
1722 2174 1855 2204 Dubium
1878 2175 1947 2213 quin
1966 2175 2050 2210 Regia
2072 2175 2205 2209 Dignitas
2228 2174 2341 2214 vestra,
2365 2175 2388 2206 fi

1334 2215 1489 2254 pleniorem
1508 2215 1623 2245 haberet
1639 2213 1740 2245 Caufae
1757 2213 1953 2251 cognitionem
1966 2234 1976 2249 ‚
2013 2220 2072 2241 non
2091 2221 2193 2249 parum
2210 2222 2241 2242 ea
2259 2212 2392 2245 offendeei

1335 2260 1418 2283 retur.

1359 2291 1452 2334 *Hinc
1479 2293 1550 2335 verb
1572 2289 1641 2321 nihil
1670 2289 1743 2321 aliud
1771 2298 1871 2328 praeter
1896 2288 2054 2320 Simultates
2078 2289 2150 2318 inter
2175 2287 2253 2320 Sacri
2277 2289 2391 2322 Roma-

1335 2340 1366 2359 ni
1387 2329 1503 2369 Imperii
1522 2329 1647 2361 Ordines
1665 2330 1766 2360 exoriri
1783 2329 1870 2359 solere
1888 2352 1897 2365 ,
1934 2330 2020 2364 Regia
2039 2329 2171 2364 Dignitas
2188 2328 2283 2367 vestra
2303 2353 2312 2367 ,
2338 2339 2392 2367 pro

1332 2368 1378 2412 sua
1404 2368 1531 2410 singulari
1555 2367 1687 2406 sapientia
1709 2367 1793 2397 facile
1819 2368 1944 2405 cogitare
1970 2366 2073 2403 poterit
2091 2388 2101 2404 ‚
2141 2366 2198 2405 qua
2224 2368 2391 2398 animorum

1333 2406 1489 2451 divullione
1507 2405 1577 2436 nihil
1592 2406 1761 2437 Adversariis
1776 2404 1877 2436 nostris
1888 2404 2039 2442 jucundius
2054 2413 2098 2435 aut
2115 2406 2272 2442 exoptatius
2286 2427 2296 2442 ,
2334 2416 2390 2436 iio-³

1333 2445 1376 2475 bis
1391 2448 1462 2475 vero
1481 2445 1551 2488 nihil
1570 2445 1750 2482 periculosius
1767 2453 1814 2475 aut
1832 2442 2056 2474 detrimentoiius
2074 2443 2201 2473 accidere
2214 2443 2315 2484 posseti

1371 2482 1515 2527 Magnam.
1530 2492 1622 2522 itaque
1636 2483 1766 2526 Gratiam
1784 2490 1924 2512 merentur
1941 2483 1958 2511 ii
1971 2482 2021 2519 qui
2038 2481 2130 2512 futura
2151 2482 2215 2512 haec
2234 2482 2392 2514 Discrimia

1333 2529 1368 2549 na
1391 2530 1517 2551 unanimi
1541 2521 1722 2551 consensione
1743 2522 1875 2551 anteverti
1898 2519 2081 2551 &declinari
2094 2528 2245 2557 exoptant,
2270 2531 2392 2558 quorum

1333 2567 1368 2588 ex
1383 2568 1502 2589 nurnero
1518 2558 1560 2588 est
1574 2560 1701 2596 inprimis
1715 2562 1800 2595 Regia
1816 2561 1949 2595 Dignitas
1962 2557 2073 2595 vestra,
2092 2558 2139 2587 cui
2156 2559 2282 2588 maxime
2295 2560 2391 2595 profe-

1334 2596 1384 2627 ἂὸ
1400 2596 1508 2627 Gratiae
1521 2597 1676 2634 debentur,
1694 2598 1773 2635 quod
1790 2595 2009 2634 Consanguineo
2025 2594 2126 2625 nostro
2142 2594 2263 2625 Eleeiori·
2279 2596 2391 2627 Palati.

1336 2645 1370 2678 2²⁰
1386 2635 1492 2673 Rheni,
1511 2635 1584 2679 adeo
1601 2644 1631 2666 ut
1643 2636 1678 2666 ad
1692 2645 1743 2665 nos
1757 2635 1866 2672 scribit,
1882 2634 1973 2671 favet,
1992 2633 2157 2671 Rerumque
2181 2644 2215 2665 ac
2238 2634 2334 2666 Statsis
2360 2647 2392 2667 e-

1333 2672 1445 2718 jusdem
1461 2682 1522 2704 tam
1538 2674 1678 2704 solicitam
1694 2673 1802 2704 Curam
1820 2673 2095 2711 gerit,aliorumque
2111 2672 2278 2710 Principum
2295 2673 2394 2706 Evan-

1337 2712 1446 2748 getium
1468 2711 1662 2751 profitentium
1684 2711 1799 2741 salutem
1820 2713 1858 2741 ita
1887 2711 2068 2741 vehementer
2094 2720 2262 2748 promotam
2285 2714 2365 2750 cupit
2381 2725 2389 2731 ·

1338 2750 1559 2794 Quamobrem,
1578 2751 1592 2780 a
1607 2753 1754 2787 Dignitate
1767 2747 1860 2788 «vestra
1874 2752 1958 2787 Regia
1974 2750 2111 2788 petimus,
2129 2750 2175 2780 vel
2190 2750 2282 2789 potius
2301 2737 2393 2790 precss

1336 2789 1388 2832 bus
1401 2790 1538 2833 omnibus
1554 2798 1668 2819 oramus
1681 2789 1716 2819 δε
1729 2788 1918 2826 obtestamur,
1939 2796 1967 2819 ut
1982 2788 2011 2816 in
2024 2786 2076 2817 suis
2090 2789 2221 2818 maximis
2243 2786 2328 2820 Curis
2340 2791 2391 2820 ali-

1335 2827 1402 2870 quid
1416 2835 1556 2871 impertiat
1571 2828 1705 2865 temporis
1716 2827 1783 2857 huie
1799 2836 1916 2865 quoque
1935 2826 2123 2864 cogitationi,
2142 2835 2172 2857 ut
2189 2825 2324 2857 Eleaoris
2345 2829 2391 2867 ip-

1336 2869 1387 2896 iius
1404 2865 1532 2896 Dileeiio
1547 2865 1749 2908 admoneatur,
1772 2866 1809 2895 ne
1823 2865 1984 2902 Theologis
1999 2864 2052 2894 suis
2072 2864 2134 2902 plus
2147 2875 2232 2904 aequo
2252 2868 2393 2898 connive-

1336 2903 1446 2950 re,*sed
1460 2903 1662 2947 deReligione
1677 2913 1745 2934 cum
1760 2904 1818 2934 aliis
1833 2902 2135 2940 ImperiiPrincipibus
2142 2902 2320 2942 Evangelicis
2328 2906 2387 2943 pla-

1338 2942 1403 2973 cide
1418 2952 1590 2986 connivere,
1609 2943 1642 2974 ὅτ
1658 2942 1713 2980 sic,
1730 2941 1846 2981 piissimi
1863 2942 1990 2972 Domini
2004 2941 2128 2972 Parentis
2141 2942 2199 2979 sui,
2218 2943 2335 2974 honoris
2352 2945 2387 2974 δε

1340 2990 1488 3025 memoriae
1509 2981 1591 3012 causa
1612 2982 1768 3025 nominati,
1785 2979 1976 3011 Testamento
2000 2988 2083 3017 atque
2104 2980 2210 3010 ultim-2
2228 2979 2393 3021 Voluntati,

1340 3022 1512 3057 paternisque
1520 3019 1788 3057 Admonitionibus,
1805 3029 1855 3056 pro
1863 3019 1976 3050 summo
1988 3019 2189 3058 plerorumque
2203 3018 2390 3052 Subditorum

1343 3057 1458 3089 suorum
1468 3057 1618 3101 desiderio,
1635 3057 1786 3088 satisfacere
1801 3059 1880 3088 velit.

1346 3136 1352 3142 .
1381 3096 1448 3127 Hac
1463 3106 1541 3126 enirn
1557 3098 1664 3127 ratione
1678 3096 1734 3125 sine
1747 3097 1836 3126 dubio
1850 3096 1907 3127 Pax
1920 3097 2024 3127 iterum
2041 3095 2074 3126 &
2095 3094 2260 3128 Concordia
2279 3097 2400 3135 pristina·

1344 3145 1414 3179 inter
1428 3134 1611 3179 Eleelorer&
1628 3137 1762 3172 Principes
1774 3138 1883 3172 Imperii
1896 3135 2022 3164 Politicos
2033 3133 2262 3175 constitueretur,
2282 3137 2396 3174 perplu-

1343 3175 1419 3217 ribus
1432 3173 1488 3210 ipse
1503 3173 1586 3217 Curis
1602 3172 1739 3215 Molestiis
1751 3183 1784 3203 ac
1796 3173 2032 3204 solicitudinibus
2050 3173 2255 3211 sublevabitur,
2271 3183 2307 3203 eo
2332 3184 2394 3205 ma-

1336 3221 1383 3255 jor
1398 3214 1413 3242 a
1427 3210 1551 3242 Subditis
1566 3211 1617 3240 suis
1632 3213 1714 3254 iplius
1736 3210 1893 3241 Dilectioni
1914 3211 2017 3242 Honor
2033 3212 2066 3242 δε
2090 3210 2263 3241 Obedientia
2278 3212 2392 3248 praesta-

1343 3252 1432 3287 bitur,
1457 3258 1590 3286 tantoque
1610 3250 1695 3279 citius
1712 3250 1745 3280 &
1762 3249 1869 3279 facilius
1884 3249 2082 3280 Controversia
2099 3249 2144 3280 illa
2164 3250 2238 3279 inter
2251 3250 2341 3285 ipsum
2357 3251 2393 3281 &

1340 3288 1475 3319 Patruum
1497 3288 1580 3330 suurn
1597 3296 1734 3330 magnum
1751 3287 1880 3318 Richard.
1903 3288 2079 3325 Palatinum,
2099 3289 2128 3317 in
2144 3286 2234 3318 Causa
2249 3287 2394 3320 Curatelae

1339 3335 1453 3370 exorta,
1476 3325 1688 3369 conciliabitur5
1714 3326 1827 3364 Qiibus
1847 3327 1963 3365 quidem
1980 3328 2060 3364 ipiius
2081 3324 2257 3356 Commodis
2292 3336 2395 3357 romo-

1339 3364 1441 3408 vendis
1465 3363 1594 3407 Studium
1620 3363 1779 3394 Consilium
1796 3364 1891 3402 Opera
1911 3365 2009 3396 Gratia
2027 3363 2108 3395 Fides
2123 3364 2216 3394 nostra
2232 3375 2269 3395 nu
2282 3366 2310 3394 lo
2325 3365 2398 3396 loco

1336 3403 1442 3440 deerit,
1466 3402 1690 3445 pollicem-arque
1709 3402 1784 3442 ipfius
1806 3403 1954 3433 Dileelioni
1975 3413 2061 3434 omne
2084 3401 2227 3433 Officium
2249 3402 2397 3442 nostrum,

1340 3442 1396 3472 fine
1417 3440 1468 3470 ulla
1484 3439 1661 3485 Eitceptione
1675 3450 1722 3471 aut
1741 3441 1859 3472 Laboris
1874 3452 1920 3473 aut
1935 3442 2143 3479 Occupationis
2158 3441 2394 3479 autTemporis;

1342 3479 1434 3518 Quod
1449 3478 1467 3508 fi
1480 3480 1612 3522 Dignitai·
1626 3478 1719 3522 vestra
1732 3483 1817 3517 Regia
1833 3483 1944 3518 penitus
1959 3481 2110 3517 cognitum
2134 3479 2266 3516 haberet,
2285 3481 2396 3516 quantis

1342 3518 1527 3563 Ornamentis
1552 3516 1685 3562 Eccleliae
1705 3518 1738 3548 &
1761 3519 1874 3550 Scholae
1897 3519 2021 3549 Domini
2038 3517 2160 3547 Parentis
2180 3517 2238 3554 ejus
2258 3517 2396 3548 Ludovici

1342 3555 1475 3585 Elee‘t’om
1500 3554 1639 3598 Palatini,
1666 3556 1754 3600 felicis
1776 3558 1993 3594 recordationis,
2018 3564 2149 3591 tempore
2169 3554 2334 3592 floruerint,
2356 3558 2392 3587 δε

1340 3604 1423 3633 quae,
1441 3594 1476 3623 de
1490 3595 1625 3624 omnibus
1635 3594 1768 3624 Articulis
1783 3596 1881 3626 Verbo
1893 3595 1992 3625 divino
2007 3595 2040 3624 &
2057 3591 2236 3622 Confeffioni
2251 3593 2396 3632 Angusta-

1341 3642 1406 3676 nae)
1423 3632 1513 3675 Anno
1530 3640 1571 3669 30.
1588 3632 1682 3662 carolo
1697 3632 1805 3672 Qinto
1827 3636 1988 3672 Imperatori
2007 3632 2134 3663 exhibitis
2146 3653 2155 3668 ,
2177 3641 2305 3664 congrui
2329 3633 2397 3662 Do-

1342 3671 1430 3717 ctrina
1445 3670 1629 3715 spemahffld.
1641 3673 1775 3709 equidem
1792 3671 1894 3702 scimis
1907 3682 1942 3701 an
1956 3671 2146 3707 improbarum
2159 3668 2204 3699 fit:
2224 3669 2324 3700 Nobis
2333 3681 2396 3701 cer-

1347 3717 1377 3739 te
1394 3709 1464 3738 nihil
1479 3709 1585 3738 suivius
1601 3710 1671 3752 nihil
1685 3711 1830 3740 amabilius
1845 3711 2011 3747 contingere
2034 3706 2142 3745 poffet,
2163 3709 2263 3746 quam,
2282 3708 2301 3738 fi
2325 3711 2398 3740 inter

1348 3756 1447 3790 omnes
1462 3746 1555 3790 Reges
1569 3757 1601 3776 ac
1616 3747 1762 3785 Principes
1771 3749 1835 3787 ,qui
1851 3750 1866 3778 ξι
1882 3746 2033 3777 Pontificia
2049 3745 2200 3783 Religione
2212 3746 2398 3786 secesserunt,

1350 3795 1409 3822 pius
1423 3786 1598 3829 Animorum
1613 3785 1773 3817 Consensus
1787 3784 2112 3824 plantaretur,ornnibus
2126 3783 2275 3815 Erroribus
2288 3787 2321 3816 &
2337 3797 2398 3817 non

1349 3823 1507 3854 neceliariis
1528 3824 1761 3855 Altercationibus
1782 3825 1915 3855 abdicatis
1934 3825 1967 3854 &
1987 3822 2117 3858 sublatis,
2144 3832 2222 3859 quae,
2243 3832 2271 3854 ut
2289 3834 2336 3860 per
2356 3825 2382 3854 se

1349 3861 1392 3891 est
1409 3861 1466 3892 Res
1487 3860 1555 3891 Deo
1577 3871 1653 3905 grata
1666 3864 1699 3893 &
1717 3863 1806 3901 utilis,
1823 3864 1861 3893 ita
1881 3863 1897 3891 a
1914 3863 2056 3899 nignitate
2071 3858 2163 3899 vestra
2181 3864 2265 3898 Regia
2287 3847 2403 3893 simmg

1351 3910 1410 3944 quo
1419 3900 1519 3943 *potest'
1540 3899 1630 3931 studio
1652 3910 1798 3939 promota,
1821 3901 1978 3931 maximum
1996 3898 2103 3936 pondus
2118 3899 2252 3936 habebit3
2271 3900 2316 3931 De
2333 3901 2402 3931 No-

1351 3939 1394 3968 bis
1411 3943 1447 3968 lic
1465 3938 1582 3968 velimus
1601 3949 1632 3969 ea
1646 3939 1753 3978 judicet
1772 3939 1838 3969 Nos
1857 3937 1960 3977 praesto
1979 3939 2086 3974 (emper
2103 3937 2229 3976 futuros,
2248 3941 2346 3969 omnia
2358 3948 2404 3977 ,ue

1355 3976 1496 4013 faeturos,
1516 3987 1579 4014 quae
1597 3976 1731 4007 Interesse
1748 3978 1820 4015 ejus,
1838 3985 1886 4008 aut
1901 3978 1984 4007 etiam
2005 3978 2075 4005 velie
2091 3977 2298 4014 existimemus,
2325 3978 2343 4006 ii
2363 3977 2404 4006 ul-

1353 4015 1384 4048 lo
1402 4013 1494 4047 inodo
1512 4015 1604 4048 facere
1620 4014 1777 4056 poffimtis:
1805 4019 1944 4050 ueneram
1961 4023 2076 4055 quoque
2095 4013 2226 4047 nostrum
2241 4015 2410 4048 Dominum

2348 4055 2408 4085 Fri·
