2557 4279
21 292 93 324 Anu.
108 286 148 317 D.

39 331 124 360 1601.

20 378 53 406 43
73 368 140 396 ΕΠΖ.

19 413 73 444 mg.

12 1747 91 1791 lnn':
102 1756 145 1790 D.

33 1797 122 1828 1602.

17 1837 34 1855 θ
43 1838 67 1864 X
75 1837 126 1866 VI.

11 1883 78 1912 425·

14 2003 144 2039 niblcm-

13 2057 70 2077 ton.
83 2049 145 2077 Gal-

4 3634 116 3671 ηιμ,

2 3671 74 3700 Eliz..
92 3679 116 3710 p.

6 3710 135 3749 16.m.39.

3 3747 67 3784 tors-

733 183 847 226 ET
943 182 1208 241 ACTA

1302 183 1786 230 PUBLICA.
2280 194 2330 248 23

167 282 216 314 the
237 279 290 312 said
316 273 475 308 Offendors
497 281 577 310 upon
597 271 702 303 whom
717 275 772 310 any
790 271 859 316 such
877 270 947 302 Fine
966 278 999 302 or
1019 270 1150 303 Ransom
1169 268 1227 300 shal
1264 278 1298 298 ra
1311 269 1410 309 impos?
1417 274 1536 316 certaine
1549 273 1663 302 amende
1675 282 1706 302 ou
1721 282 1841 314 ransart,
1859 274 1897 310 ὠ
1909 276 1947 306 les
1953 275 2064 316 jaindre
2077 286 2112 306 au
2120 277 2275 324 pardon&
2296 279 2315 308 ὰ
2341 277 2415 307 Ann.
2431 278 2475 310 D,

169 324 205 353 be
221 321 250 351 so
265 319 302 349 stt
320 315 374 346 and
393 321 442 351 put
457 313 585 351 together
604 311 674 341 with
692 320 707 340 a
726 309 871 340 sufficient
888 310 1001 341 Pardon
1026 311 1082 340 and
1109 309 1222 340 Graunt
1259 307 1290 337 Ia
1309 308 1461 347 Concesfion
1482 319 1527 349 qus
1549 309 1606 338 leur
1620 309 1686 349 fi’ra
1699 313 1821 341 accordfe
1835 313 1866 341 de
1881 322 1968 344 tontes
1982 316 2052 346 leurs
2064 323 2148 345 terres
2160 339 2168 353 ‚
2186 317 2313 355 massam,
2354 315 2444 346 1601„

167 370 204 391 un
208 368 238 390 ΕΟ
255 366 307 387 eve

166 396 274 430 Laudes

357 353 394 384 of
407 353 456 383 the
469 351 525 381 said
543 347 702 380 Offendors
720 349 758 379 of
772 349 843 379 their
861 349 918 379 and
936 358 1023 389 every
1039 349 1074 379 of
1085 349 1156 379 their
1170 346 1223 377 said
1257 346 1408 384 he'ritages,
1426 348 1500 377 biens
1511 370 1519 381 ,
1532 348 1608 386 effits
1625 348 1662 383 (ἐν
1676 350 1839 380 redevances
1849 350 1927 390 selon
1943 353 1979 382 les
1995 357 2096 393 Biens,
2109 355 2147 384 les
2162 358 2257 384 Droz'ts
2273 355 2311 390 ὠ,
2331 365 2370 390 44
2379 358 2447 383 Elia„

326 399 472 425 enements
489 389 543 420 and
563 387 830 423 Hereditamentes‚
855 387 976 418 Goodes
994 388 1050 418 and
1067 386 1224 423 Chattells,
1255 383 1294 413 les
1317 395 1435 415 revenus
1453 385 1530 426 qu'ils
1549 394 1600 416 ont
1619 398 1651 416 eu
1672 387 1909 425 relbcclivement‚
1930 391 1967 424 ό,
1988 393 2020 422 de
2039 395 2118 422 Nous
2131 403 2250 433 envoy&
2276 406 2314 424 m
2333 397 2393 429 Reg.

165 437 259 468 Debts
281 431 335 463 and
362 431 466 461 Duties
484 427 642 464 according
659 435 691 457 to
711 426 777 457 such
799 426 904 457 Estates
923 426 1045 466 Rightes
1067 426 1122 457 and
1144 424 1223 455 Inte·
1250 423 1376 469 pardem
1396 423 1434 458 &⁶
1455 425 1615 470 concesstons
1629 426 1721 468 stgne‘x
1736 434 1789 463 Par
1807 427 1844 456 les
1864 432 1952 459 mains
1972 431 2004 460 de
2021 442 2090 462 vaur
2104 442 2152 462 nos
2167 432 2222 461 dits
2237 436 2315 461 Com-

164 473 230 507 ¹‚ests
242 496 252 510 ,
276 480 304 501 25
327 469 394 509 they
410 466 591 506 respefflvely
610 466 681 495 have
699 465 752 495 had
769 467 798 495 in
817 466 866 495 the
885 465 958 496 same
972 488 982 503 ,
1009 464 1064 496 and
1085 465 1133 494 the
1147 466 1222 508 same
1255 460 1401 500 mtffatres,
1420 473 1452 492 ou
1467 462 1500 492 de
1514 474 1576 502 cmq
1590 473 1622 492 ou
1634 464 1656 493 d
1665 474 1702 493 un
1715 464 1776 502 plus
1790 467 1885 518 {grand
1897 467 2004 497 nombre
2019 470 2051 498 de
2066 481 2136 514 vaur
2149 470 2230 505 {dont
2242 482 2313 518 gout

162 511 286 544 Pardons
311 509 366 539 and
388 507 532 538 Grauntes
555 504 602 536 soe
626 504 709 534 made
732 513 763 534 to
787 503 852 534 send
878 511 953 534 unto
972 503 1019 535 Us
1036 503 1131 542 figned
1149 502 1221 534 with
1256 500 1282 530 le
1297 501 1375 531 Lord
1390 500 1609 540 Garde-Sceiu,
1625 500 1649 531 le
1664 502 1743 532 Lord
1759 504 1915 541 Tiesorier,
1932 505 1954 534 le
1972 507 2048 537 Lord
2069 509 2227 546 Amiral,le
2239 510 2316 541 vhe-

162 552 209 583 the
231 547 334 579 Hands
361 546 396 577 of
417 555 473 586 you
499 554 553 575 our
576 542 636 573 said·
651 541 891 586 Commissioners
907 565 917 579 ‚
943 552 978 573 or
994 543 1032 573 of
1044 551 1097 610 any

164 599 244 621 more
262 586 299 618 of
297 596 370 656 ayou
391 583 537 623 (whereof
549 591 606 623 you
622 581 669 611 the
686 580 740 610 said
760 580 840 610 Lord
859 582 962 618 Keeper
973 603 983 618 ,
1008 583 1067 611 Lar

160 625 312 702 ἵζ’ῑξιῖοεῖτ)
341 673 374 695 to
399 662 457 701 pass
477 671 531 692 our
556 659 586 691 Si
606 666 703 689 nature
724 657 779 688 and
804 656 836 687 so
860 664 891 686 to
916 667 969 688 our
986 657 1079 697 greate

160 705 233 737 their
260 702 341 742 good
365 702 418 733 and
445 699 551 739 perfeel:
686 735 691 740 ⁸
1198 736 1201 740 .

161 742 263 775 course
287 743 323 774 of
336 751 390 772 our
411 740 509 771 Lawes
522 760 532 776 ,
556 735 612 767 and
634 736 705 766 theis
723 734 782 765 {hal
797 734 836 764 be
853 742 925 764 unto
943 744 1000 774 you
1017 759 1026 771 ,
1052 736 1107 766 and
1127 745 1221 765 evene

1115 541 1170 571 five
1188 551 1222 572 or
1256 539 1343 569 valier
1364 539 1478 570 Robert
1499 539 1600 576 Cecil,
1619 551 1651 569 ou
1672 540 1698 569 le
1717 540 1869 572 Chevalier
1887 543 1957 579 jean
1984 545 2151 586 Fortescue,
2169 559 2205 578 en
2225 549 2317 578 devea

1110 579 1225 620 Thresb-
1247 575 1327 616 faire
1348 578 1426 615 trois)
1443 587 1513 618 pour
1531 577 1569 608 les
1584 577 1663 617 faire
1682 577 1747 627 spus
1777 587 1856 609 notre
1875 584 1955 618 Seing
1978 581 2014 614 (ἓν
2040 584 2140 623 enstaeite
2155 585 2219 625 βω·
2233 595 2313 617 notre

335 622 495 660 Admirall,
512 625 557 653 Sir
574 620 678 651 Robert
696 617 791 657 cecili,
818 623 854 648 o'r
872 621 916 648 Sir
934 618 1014 656 John
1031 618 1171 688 Furta-:gale
1179 629 1223 687 fg>-
1255 616 1446 686 {ZZZ-ddgcye’g?
1453 625 1546 686 ,Εἰιινζν
1559 617 1618 647 leur
1631 624 1733 648 entierc
1742 617 1851 657 fureres,
1871 618 2078 658 conforme‘ment
2093 624 2111 652 ἂ
2125 624 2270 661 sordre&

1539 679 1549 695 ³

606 696 731 727 ffurance
754 695 910 733 according
935 705 968 726 to
995 697 1043 727 the
1066 697 1151 727 order
1168 696 1223 727 and
1252 692 1372 733 fiantea*
1387 700 1428 725 cet
1443 694 1537 732 e'gard.

2282 637 2320 655 au

1557 655 1596 692 ἀι
1610 655 1645 687 les
1652 656 1790 695 prefintes
1804 667 1873 688 vous
1880 656 2027 696 servirent
2047 661 2080 690 de
2099 662 2226 701 de'charge
2234 663 2315 704 fi‘ffi‘

161 782 229 821 fyve
248 791 281 811 0,-
298 789 381 810 more
396 778 433 808 0f
447 787 502 817 you
521 773 665 812 (whereof
677 783 734 811 you
751 772 797 803 the
816 772 871 802 said
893 773 973 802 Lord
995 776 1098 811 Keeper
1114 797 1123 810 ,
1147 773 1229 803 Lord
1276 787 1279 788 ⁷

163 819 326 859 Threfhrer,
345 817 426 848 Lord
434 812 593 857 Admirall,
611 814 655 841 Sir
669 810 770 841 Robert
785 810 884 848 Cecill,
899 821 933 840 or
950 815 994 841 Sir
1014 811 1096 850 John
1117 815 1226 842 Fortes-

165 869 211 889 cue
225 868 257 890 to
270 859 306 889 be
319 856 407 893 three)
421 865 437 884 a
448 853 586 883 sufficient
600 850 733 880 Warrant
748 849 793 879 for
808 849 857 893 the
870 849 965 894 same,

202 897 271 928 And
289 898 315 927 if
329 904 382 935 any
397 893 434 924 of
445 892 493 922 the
511 887 741 935 saileffendors.
757 887 805 918 soe
822 887 947 918 indieted
967 889 1023 919 and
1039 897 1090 919 not
1112 896 1158 929 yet
1184 897 1226 933 at-

166 936 302 979 ‘med'
316 944 360 965 '⁰‘
385 940 438 962 ‘¹⁰‘
455 938 501 970 yet
518 926 646 996 ¹⁰⁶³&ss
658 927 1154 1004 ’0?⁶1‡2¹²3gre⁶³32¹}ed03⁶{35{el{³3¹f‘32¹2
1172 926 1227 996 {33

165 972 653 1048 ἓῗέπιὲξιρῖῗῗτὶῖνῖῧῗζβνῖν,
670 1005 751 1034 Lord
765 975 927 1042 Admirgll,
950 1008 994 1036 Sir
1009 1004 1109 1049 Roberjt
1129 1005 1226 1041 Cecill,

164 1062 200 1083 or
216 1054 260 1082 Sir
272 1047 354 1088 John
371 1045 510 1083 Fortescue
528 1053 561 1075 to
577 1045 614 1074 be
630 1044 723 1088 three)
745 1042 784 1073 do
799 1052 832 1073 or
857 1042 925 1074 shall
950 1043 1113 1074 obstinatlie
1137 1044 1226 1074 refuse

165 1098 199 1122 to
214 1088 292 1119 stand
309 1094 341 1118 to
356 1085 425 1116 such
444 1083 586 1115 Ransoms
603 1082 687 1112 Fines
705 1093 739 1113 or
756 1080 892 1112 Sommes
911 1082 948 1113 of
962 1081 1076 1122 Money
1103 1092 1131 1113 as
1159 1082 1226 1113 ssiall

1295 888 1339 919 Et
1342 886 1374 927 fi
1383 886 1574 928 quelques-uns
1587 887 1633 918 der
1640 885 1744 927 stafilits
1758 887 1902 919 Criminets
1913 890 1960 929 qui
1972 896 2022 919 ont
2034 890 2081 918 e‘te
2092 889 2195 930 accuse&
2226 892 2263 926 &
2282 905 2316 924 ne

1253 922 1322 965 fimt
1339 934 1388 964 pas
1407 936 1500 956 encore
1520 930 1686 957 convaincus
1699 949 1708 964 ,
1730 937 1762 956 ou
1803 930 1831 955 ui
1856 927 1934 958 n’ont
1952 936 2001 965 pas
2023 926 2106 958 mr³me
2127 928 2183 958 bte‘s
2202 930 2320 971 accufiv‘r²

1260 965 1343 995 e‘tant
1358 965 1424 995 cite‘s
1437 965 1549 995 devant
1565 976 1633 995 vous
1652 975 1701 995 not
1719 965 1824 1004 ficsits
1845 966 2057 1005 Commtffaires,
2075 978 2108 997 ou
2130 968 2240 998 devant
2260 974 2321 1012 cinq

1260 1012 1292 1032 ou
1305 1002 1432 1042 plufieurs
1444 1003 1478 1032 de
1493 1013 1561 1033 vous
1578 1004 1656 1040 (dont
1669 1014 1736 1033 vous
1751 1004 1776 1034 le
1784 1002 1876 1043 sicsZlit
1891 1005 2172 1038 LordGarde-Sceau
2182 1030 2192 1045 ,
2209 1006 2232 1036 le
2248 1008 2324 1039 Lord

1262 1040 1427 1079 Tresorier,
1437 1040 1461 1070 le
1478 1041 1556 1072 Lord
1571 1042 1680 1072 Amiral
1690 1065 1699 1079 ,
1709 1042 1734 1071 le
1746 1042 1896 1073 Chevalier
1910 1044 2024 1075 Robert
2037 1044 2119 1076 Cecil
2129 1069 2142 1094 ζ
2156 1057 2188 1076 ou
2204 1045 2229 1075 le
2247 1048 2325 1077 Che-

1261 1079 1347 1109 valier
1358 1079 1429 1118 Jean
1442 1080 1607 1119 Forrescue,
1626 1093 1660 1111 en
1677 1081 1769 1111 devez
1774 1081 1854 1121 faire
1873 1085 1952 1119 trois)
1969 1087 2107 1113 vicnnent
2124 1097 2143 1113 a
2158 1083 2260 1124 refuser
2277 1087 2323 1116 ob-

164 1129 202 1159 be
219 1125 343 1163 thought
361 1130 435 1155 meet
452 1122 508 1153 and
525 1129 707 1160 convenyent
726 1129 757 1152 to
776 1121 812 1150 be
827 1121 908 1151 taxed
926 1121 982 1152 and
1007 1121 1123 1152 assessed
1148 1127 1227 1159 upon·
1253 1117 1406 1158 stine‘menc
1427 1118 1459 1148 de
1478 1119 1536 1148 s'en
1559 1123 1633 1149 tenir
1656 1131 1714 1151 aux
1733 1132 1787 1151 ran
1804 1131 1853 1150 om
1869 1144 1879 1160 ,
1905 1123 2031 1152 amendes
2058 1134 2090 1152 ou
2114 1121 2227 1162 sbmmes
2249 1124 2328 1155 d'ar-

161 1166 245 1197 thern
271 1174 304 1194 or
328 1172 383 1201 any
410 1161 448 1192 of
469 1161 547 1193 them
566 1161 604 1199 by
621 1169 678 1199 you
696 1170 751 1190 our
765 1158 820 1190 said
838 1159 1077 1192 Commiffioners
1089 1183 1100 1199 ,
1123 1170 1157 1191 or
1174 1169 1228 1199 any

162 1204 221 1235 five
245 1213 279 1233 or
305 1211 388 1232 more
410 1202 446 1232 of
459 1209 517 1239 you
532 1209 561 1230 as
576 1198 599 1228 is
616 1197 749 1230 aforesaid
765 1222 775 1236 ,
802 1198 889 1229 Then
907 1209 960 1230 our
979 1200 1054 1231 Will
1073 1199 1129 1230 and
1147 1198 1228 1229 Plea-

161 1243 224 1274 sure
247 1242 269 1272 is
320 1241 379 1271 that
419 1250 458 1271 ou
485 1248 538 1269 our
561 1237 617 1268 said
633 1237 772 1276 Attorney
791 1236 927 1268 Generall
945 1238 1013 1270 shall
1031 1238 1125 1277 orderl
1161 1248 1228 1275 pro-

162 1280 235 1312 ceed
260 1263 367 1319 against
393 1286 403 1308 t
424 1288 471 1309 em
497 1276 552 1308 and
577 1286 663 1316 every
687 1276 724 1306 of
747 1276 827 1306 them
853 1276 912 1307 that
934 1276 1003 1308 shall
1027 1278 1058 1322 so
1083 1248 1171 1308 refgse
1196 1285 1227 1307 to

161 1318 245 1351 stand
269 1326 302 1350 to
313 1341 323 1355 ‚
345 1317 401 1348 and
420 1327 450 1349 to
469 1315 566 1346 satisfie
583 1315 639 1346 and
656 1324 707 1355 pay
724 1314 794 1346 such
809 1314 953 1345 Ransoms
969 1325 1003 1346 or
1022 1315 1104 1346 Fines
1122 1326 1149 1360 as
1169 1315 1227 1359 shal

161 1359 201 1389 be
217 1358 248 1388 so
265 1357 347 1388 taxed
366 1356 421 1386 and
439 1353 554 1386 assessed
572 1364 673 1392 uppon
691 1354 770 1385 them
784 1377 793 1391 ,
817 1363 850 1384 or
866 1363 919 1393 any
931 1354 974 1398 *of
987 1355 1066 1385 them
1083 1365 1111 1385 as
1126 1364 1148 1384 ιε
1165 1355 1227 1386 afo-

162 1395 266 1435 resaid,
283 1395 439 1433 according
457 1403 488 1425 to
503 1394 551 1425 the
569 1392 668 1424 course
686 1392 723 1424 of
734 1402 788 1424 our
808 1392 910 1425 Lawes
928 1403 959 1425 in
975 1393 1035 1425 that
1054 1393 1171 1426 behalfe.

201 1471 238 1505 In
251 1474 352 1505 witnes
366 1471 494 1509 wherof,
512 1468 573 1506 &m
1039 1498 1061 1514 Ι

197 1551 314 1583 Witnes
326 1558 379 1582 our
392 1548 459 1581 selfe
473 1556 501 1580 at
517 1532 697 1588 Wstminster
711 1546 760 1579 the
773 1547 843 1588 fyfte
858 1548 941 1589 Daye
952 1548 989 1579 of
999 1547 1096 1589 Maye.

663 1625 718 1655 Per
732 1627 826 1656 Breve
837 1626 869 1656 a'e
885 1628 1006 1656 Privato
1022 1625 1123 1664 Sigillo.

343 1749 372 1777 δὲ
397 1750 498 1783 Comes
521 1747 680 1782 Palatinus
704 1746 802 1781 Rheni
821 1747 866 1781 ad
887 1752 1048 1796 Reginam

204 1834 369 1875 Sereniffima
383 1837 486 1874 Regina
498 1837 618 1866 Domina
632 1832 854 1874 Clementiffi'ma,

168 1911 302 1978 CUM
326 1912 408 1945 finito
427 1913 528 1950 prioris
553 1911 631 1951 Anni
656 1911 743 1950 spatio
772 1912 841 1942 novi
862 1921 941 1943 nunc
959 1913 1072 1944 initium
1090 1914 1232 1953 auspicato

246 1953 397 1989 succedat,
422 1952 515 1982 facere
530 1949 595 1981 sane
614 1960 669 1981 nec
689 1951 768 1989 potui
787 1961 841 1981 nec
859 1950 946 1982 debui
965 1954 1033 1990 quin
1052 1956 1139 1990 Regiae
1160 1957 1232 1993 Dig-

165 1995 249 2022 nitati
266 1990 364 2031 vestrae
383 1989 470 2021 fausta
487 1990 584 2020 omnia
602 1998 684 2027 atque
702 1989 801 2020 faelicia
820 2000 1019 2028 comprecarer
1038 2003 1047 2028 ι,
1072 1992 1180 2031 Neque
1201 1993 1228 2023 id

167 2039 220 2069 pro
241 2030 331 2060 modo
350 2029 462 2060 tantuin
479 2029 550 2059 inter
566 2027 742 2059 Christianos
757 2052 766 2067 ,
791 2027 922 2067 sanguine
941 2029 1093 2067 praesern'm
1118 2033 1151 2062 &
1180 2043 1231 2063 ne·

168 2067 340 2100 ceffitudinis
359 2068 481 2107 quadam
498 2068 608 2098 ratione
626 2067 816 2106 conjunctos,
834 2067 949 2106 usitato,
973 2067 1018 2098 sed
1037 2078 1071 2099 ex
1090 2079 1156 2101 vera
1173 2073 1233 2101 ani-

121 2097 147 2124 3'
168 2108 211 2143 mi
236 2107 398 2146 synceritate
424 2116 478 2145 qua
502 2108 591 2143 Regiae
612 2108 756 2143 Dignitati
780 2105 880 2143 vestrae
905 2116 953 2137 me
979 2108 1157 2147 devinsturn·
1173 2110 1231 2140 effe

134 2145 143 2156 ⁸
166 2145 277 2184 semper
299 2145 446 2184 agnosc03
471 2145 539 2175 faxit
555 2145 638 2182 igitur
654 2167 662 2182 ,
687 2146 702 2175 a
721 2144 801 2182 cujus
817 2144 926 2175 summa
945 2145 1104 2177 Nativitate
1122 2158 1231 2182 annum

160 2187 220 2224 jam
239 2193 422 2215 numeramus
441 2181 581 2213 MDCH.
607 2185 804 2213 IMMANUEL
822 2183 918 2213 noster
938 2185 972 2216 &
991 2185 1148 2224 Redemptor
1174 2191 1231 2226 Op-

161 2227 245 2254 timus
262 2225 407 2252 Maximus
424 2229 455 2253 ut
473 2224 557 2259 Regia
576 2220 709 2260 Dignitas
726 2220 820 2261 vestra
839 2232 898 2252 non
923 2222 1005 2261 hujus
1031 2224 1122 2255 modo
1146 2228 1232 2257 novi-

161 2270 204 2294 ter
223 2263 359 2299 ineuntis,
382 2260 428 2292 sed
450 2269 479 2291 ut
496 2260 621 2299 plurium
640 2261 794 2291 Annorum
814 2259 893 2291 usura
911 2271 980 2291 curn
997 2263 1131 2300 prospero
1152 2264 1230 2295 Valim

162 2299 269 2331 tudinis
288 2301 320 2331 &
338 2301 471 2330 omnium
492 2308 587 2329 rerum
605 2297 733 2330 successu
752 2299 883 2337 fruatur3
909 2300 993 2337 idque
1012 2311 1081 2332 curn
1100 2302 1134 2332 ad
1160 2303 1231 2335 Nu-

161 2340 246 2370 minis
273 2338 319 2369 hic
341 2347 506 2376 perpetuam
533 2336 665 2368 Gloriam
685 2347 747 2368 tum
767 2337 801 2368 ad
818 2338 997 2369 laudatiffimi
1017 2340 1127 2379 Angliae
1147 2342 1230 2380 Reg-

161 2379 191 2408 ni
203 2399 211 2415 ,
230 2386 313 2415 atque
331 2376 402 2408 adeo
417 2375 452 2406 ad
471 2376 554 2405 totius
573 2374 729 2406 Christiani
744 2374 834 2405 Orbis
850 2376 958 2408 Pacem
978 2378 1092 2410 salutem
1111 2380 1230 2412 &tran-

165 2422 167 2425 ⁴
183 2417 346 2453 uillitatem,
363 2416 443 2453 Qiae
462 2415 578 2452 quidem
596 2418 685 2452 Regiae
700 2417 856 2452 Dignitatis
873 2415 971 2455 vestrae
989 2427 1123 2454 perpetua
1140 2418 1228 2450 Inco-

175 2455 293 2492 umitaS,
312 2455 345 2485 &
360 2455 394 2484 ad
412 2453 593 2484 voluntatem
611 2453 700 2485 fluens
718 2454 846 2491 fortuna,
870 2456 950 2485 tanto
971 2457 1041 2486 mihi
1060 2457 1167 2494 semper
1185 2468 1231 2490 ac-

162 2494 274 2531 ceptior
291 2493 324 2524 &
343 2493 439 2523 auditu
452 2491 607 2529 jucundior
627 2494 694 2531 erit,
713 2491 792 2530 quod
811 2494 892 2523 certo
912 2493 982 2524 mihi
1001 2495 1159 2533 persuasum
1178 2498 1229 2528 ha-

160 2532 218 2563 beo
238 2535 350 2569 Regiam
366 2533 540 2568 Dignitatem
558 2530 694 2569 ‘uestram⁷
712 2532 796 2560 etiam
813 2531 991 2568 inposterum
1002 2556 1012 2570 ,
1028 2533 1104 2564 Mihi
1123 2536 1156 2565 &
1174 2535 1227 2566 Fa-

158 2569 248 2601 miliae
266 2580 340 2600 meae
356 2569 492 2601 Palatinae
509 2570 598 2608 gratia
615 2570 649 2600 &
674 2568 875 2600 benevolentia
899 2569 945 2601 sua
962 2593 971 2608 ,
996 2580 1081 2609 quam
1106 2574 1226 2605 antehac

158 2607 227 2640 vere
254 2608 377 2650 Regiam
404 2608 466 2638 sum
493 2617 623 2647 expertus
638 2631 648 2647 ,
671 2617 730 2637 non
753 2606 932 2646 defuturam
960 2609 1030 2640 sicut
1048 2610 1084 2640 de
1102 2621 1150 2641 me
1168 2614 1227 2643 hoc

158 2644 276 2678 statuere
291 2645 387 2685 potest
405 2649 489 2684 Regia
506 2649 638 2684 Dignitas
658 2645 751 2687 vestra
768 2646 802 2677 &
822 2647 871 2676 sibi
884 2646 1002 2687 firmiter
1018 2649 1164 2688 polliceri,
1180 2662 1226 2682 me

156 2686 268 2716 nullum
288 2685 390 2716 Officii
408 2694 454 2716 aut
472 2684 584 2715 Servitii
603 2694 690 2724 genus
704 2707 713 2723 ‚
740 2683 818 2721 quod
837 2685 871 2715 ad
891 2686 1119 2718 conservandum
1142 2690 1225 2722 illum

157 2723 301 2759 Favorem
321 2724 414 2755 facere
432 2724 591 2762 videbitur,
611 2723 850 2761 intermissurum,
871 2726 918 2754 cui
936 2735 983 2756 me
1002 2725 1134 2758 officiose
1153 2729 1228 2759 sem*

159 2772 209 2802 per
225 2763 420 2794 commendo:
445 2761 517 2793 Illud
538 2763 654 2794 interim
670 2762 853 2800 summopere
869 2773 984 2803 petens,
1008 2765 1086 2803 quod
1101 2768 1226 2804 gravissi-

159 2810 219 2831 mas
244 2804 333 2839 Regiae
359 2804 500 2839 Dignitati
526 2801 624 2841 vefirae
651 2800 867 2838 Occupationes
891 2804 974 2834 toties
1000 2804 1149 2842 interpello
1173 2816 1223 2845 per

159 2839 276 2871 Litteras
289 2863 299 2877 ,
322 2839 351 2871 id
376 2850 443 2871 cum
469 2839 562 2878 Regia
580 2840 757 2877 Benignitate
770 2862 779 2877 ,
805 2840 838 2871 δε
857 2851 916 2871 non
937 2842 1014 2872 secus
1029 2844 1159 2881 accipere
1175 2855 1225 2876 ve-

158 2877 192 2908 lit
205 2901 215 2916 ,
238 2880 326 2915 quam
349 2879 366 2908 a
391 2888 438 2910 me
453 2900 463 2917 ‚
485 2879 519 2908 ad
547 2878 706 2909 testandum
730 2879 819 2909 animi
841 2881 897 2910 mei
917 2882 1174 2918 promptitudinem
1189 2885 1223 2915 &

155 2915 264 2955 gratam
282 2927 466 2956 acceptorum
484 2916 695 2949 Beneficiorum
712 2919 899 2957 memoriam,
917 2919 1115 2958 proficiscitur.

193 2990 280 3025 Darae
292 2984 430 3033 Neoburgi
442 2993 483 3024 ad
495 2993 671 3033 Danubium,
687 2993 803 3025 decimo
813 2990 956 3036 Januarii,
975 2995 1062 3029 Anno
1080 2998 1225 3031 MDCII.

456 3073 638 3112 Wolffigangus
654 3074 831 3114 Wilhelmus,
849 3076 907 3108 Dei
925 3077 1042 3118 Gratia,
1058 3079 1119 3116 &a

858 3156 1066 3199 Officiosiffimur.

276 3233 499 3266 WoLFANous
518 3234 746 3267 WILHELMUS
766 3220 1018 3271 ComesrPalatinus
1033 3240 1130 3272 Rheni.

230 3314 284 3345 ors.

189 3315 361 3391 greniffimae
377 3364 408 3383 ac
422 3352 649 3393 Christiamffimae
665 3357 801 3397 Principi,
821 3356 881 3393 &a

154 3487 204 3519 De
232 3473 428 3530 Commffone
444 3487 570 3534 speciali
590 3498 647 3534 pro
671 3490 777 3569 ffarolo
798 3493 911 3525 Comite
928 3493 1164 3542 Nortinghamiae
1180 3499 1217 3535 &-

653 3549 672 3569 a
686 3549 733 3571 ns.

215 3625 392 3660 Lizabetha,·
408 3622 468 3654 Dei
489 3624 592 3657 Gratia
624 3625 738 3663 Angliae
757 3630 877 3659 Franciae
896 3629 936 3666 ὠ
957 3631 1100 3663 Hibernia:
1115 3636 1219 3672 Regina

153 3700 190 3730 sl·
225 3665 329 3733 ‘Fideist
326 3663 483 3701 Defensor,
498 3665 560 3695 &c.
580 3648 752 3696 Chariffimo
767 3666 990 3706 Consanguineo
1003 3670 1036 3703 &
1053 3671 1220 3705 fxdeliCon-

163 3712 172 3730 1
184 3711 252 3733 ratio
264 3713 304 3734 no
332 3714 364 3734 ro

186 3741 283 3771 Carolo
299 3727 626 3779 Comi21Nottinghamiae
641 3745 746 3773 Baroni
759 3743 791 3772 ele
810 3741 985 3784 Effingha'm,
1004 3749 1129 3786 praeclari
1155 3750 1216 3780 Or-

151 3777 223 3809 dinis
243 3780 366 3811 Garterii
394 3780 497 3819 Militi,
520 3782 744 3812 Locumtenenti
764 3782 864 3812 nostro
889 3783 1088 3818 Comitatuum
1102 3788 1217 3820 nostro—

153 3825 219 3847 rum
235 3817 342 3849 Sussex.
358 3820 391 3850 &
410 3819 484 3849 Surr.
502 3820 721 3851 Constabulario
743 3820 869 3851 Honorii
894 3824 925 3854 ὃς
951 3823 1044 3855 Castri
1069 3826 1160 3861 nostri
1179 3828 1216 3857 de

153 3852 308 3897 Windsor,
326 3857 463 3889 Domino
480 3858 595 3896 Magno
614 3859 772 3899 Admirallo
789 3860 902 3897 Angliae
917 3861 1066 3894 Hiberniae
1081 3865 1115 3895 &
1131 3866 1215 3897 Wal-

151 3890 214 3929 hae,
231 3903 263 3924 ac
287 3895 496 3926 Dominiorum
514 3898 547 3928 &
570 3898 725 3928 insularum
746 3897 904 3928 nostrarum
928 3902 1111 3941 earumdem,
1130 3903 1215 3935 Villae

154 3927 272 3974 Calesiae
286 3933 319 3963 ὃς
333 3933 530 3966 Marchiarum
543 3937 669 3974 ejusdem
678 3960 687 3975 ,
701 3937 895 3967 Normandiae
911 3937 1062 3971 Gasconiae
1074 3942 1107 3971 &
1124 3942 1216 3980 Aqui-

152 3971 236 4013 taniae
251 3993 261 4006 ,
287 3970 439 4012 Cla‘ffisque
463 3975 497 4005 &
523 3974 652 4005 Marium
680 3975 827 4006 dictorum
852 3976 1029 4014 Regnorum
1050 3980 1215 4013 nostrorum

151 4006 263 4045 Anghae
278 4010 310 4039 ὃς
325 4009 472 4042 Hiberniae
487 4012 632 4044 Praefecto
650 4014 750 4044 nostro
764 4013 898 4045 Generali
909 4037 919 4053 ,

189 4045 256 4082 Ac,
273 4045 392 4078 Dilectis
407 4049 439 4081 δέ
457 4051 599 4083 Fidelibus
618 4052 793 4083 Consiliariis
809 4052 931 4091 nostris,

186 4082 303 4115 Roberto
316 4085 397 4116 Cecill
410 4086 498 4120 Militi
515 4090 668 4129 Principali
686 4090 843 4123 Secretario
861 4092 980 4132 nostro,

1259 1159 1328 1195 gent
1341 1167 1476 1197 que-vous
1489 1156 1646 1197 nosficfilits
1661 1131 1908 1199 Commiffit'resstu
1918 1164 1987 1201 ¹cinq
2006 1172 2040 1190 ou
2055 1160 2186 1203 plufieurs
2208 1163 2240 1193 de
2256 1175 2325 1193 vous

1261 1206 1349 1226 aurez
1359 1195 1467 1226 trouv!
1476 1194 1495 1225 a*
1504 1205 1556 1234 pro
1574 1207 1600 1226 os
1613 1197 1646 1226 de
1658 1195 1695 1226 les
1710 1204 1793 1228 taxer
1808 1197 1846 1232 ὠ·
1860 1198 1892 1228 de
1907 1198 1965 1229 leur
1990 1200 2119 1240 ιἰιιροίέν,
2133 1211 2228 1231 comme
2242 1201 2265 1231 il
2285 1201 2323 1241 est

1261 1234 1322 1272 dit,
1341 1241 1421 1265 notre
1434 1233 1533 1264 volont
1562 1234 1638 1264 alors
1656 1234 1694 1271 ῤ’
1712 1234 1872 1277 bon-plaisir
1888 1238 1940 1277 est,
1956 1248 2008 1279 que
2030 1249 2099 1269 vous
2122 1248 2200 1270 notre
2224 1242 2324 1271 Ρνοιιιε

1261 1282 1325 1303 reur
1338 1272 1464 1303 Ge‘ne‘ral
1491 1273 1610 1304 rocediez
1633 1284 1667 1303 en
1684 1272 1777 1313 forme
1801 1282 1894 1305 contre
1917 1287 1971 1306 eux
1992 1275 2030 1312 ὠ
2052 1285 2145 1308 contre
2170 1279 2272 1310 chacun
2291 1279 2324 1310 de

1261 1321 1329 1342 ceux
1341 1314 1389 1350 qui
1400 1281 1553 1351 refufiront
1565 1312 1598 1342 de
1602 1311 1635 1350 [ἒ
1643 1312 1795 1351 ftumettre
1808 1312 1846 1348 ὠ
1861 1314 1894 1344 de
1903 1323 1942 1354 pa
1939 1326 1987 1355 yer
2000 1326 2039 1345 ces
2051 1327 2171 1358 ranfons
2182 1328 2214 1348 ou
2229 1322 2325 1353 amen==j

1261 1350 1306 1379 des
1328 1352 1376 1388 qui
1393 1347 1451 1380 leur
1464 1349 1563 1390 seront
1583 1349 1720 1390 imposses,
1735 1363 1769 1382 ou
1787 1352 1806 1382 d
1819 1352 2010 1392 quelques-uns
2026 1354 2123 1395 d'eux,
2138 1365 2234 1388 comme
2246 1356 2268 1386 il
2286 1356 2323 1397 est

1260 1388 1321 1427 dit,-
1341 1386 1551 1427 confisrmement
1564 1400 1601 1420 au
1612 1399 1686 1420 cours
1702 1390 1734 1421 de
1747 1401 1796 1422 nos
1814 1393 1889 1423 Loix
1903 1391 1921 1423 ax
1935 1400 1975 1423 cet
1989 1393 2080 1431 e‘gard,

1301 1467 1351 1496 En
1362 1465 1462 1496 t6moin
1474 1464 1506 1495 de
1518 1467 1596 1508 quoi,
1613 1466 1675 1498 &c-

1298 1541 1421 1575 Ye‘moint
1436 1541 1624 1575 Nous-memes
1637 1543 1655 1575 ἃ
1674 1543 1878 1576 Westminster
1892 1543 1916 1576 Ie
1927 1546 2044 1585 pre‘mier
2056 1546 2087 1577 de
2104 1551 2178 1579 Mai.

1729 1621 1785 1653 Per
1798 1621 1886 1654 Breve
1902 1621 1938 1654 de
1956 1622 2073 1655 Privato
2087 1624 2197 1664 sigillo,

1301 1739 1431 1779 Johanni
1446 1742 1583 1810 Fortzllue
1600 1743 1691 1774 Militi
1705 1743 1886 1775 Cancellai-io
1901 1744 2041 1776 Scaccarii
2055 1746 2162 1787 nostri,

1302 1778 1434 1817 Johanni
1454 1783 1508 1819 Pop
1529 1793 1574 1810 am
1598 1779 1687 1813 Militi
1710 1782 1831 1820 Capitali
1850 1783 2012 1822 Justiciario
2037 1785 2136 1817 nostro
2161 1786 2196 1818 ad
2221 1787 2328 1820 Placita

1267 1827 1366 1856 coram
1382 1820 1465 1849 nobis
1478 1820 1598 1851 tenenda
1613 1820 1765 1859 assignato,

1301 1855 1430 1894 Johanni
1442 1858 1567 1888 Har-bert
1581 1859 1736 1896 Armigero
1751 1860 1883 1891 Secundo
1899 1861 2056 1893 Secretario
2072 1863 2190 1903 nostro;

1302 1895 1348 1926 Ac
1364 1897 1449 1926 etiam
1468 1898 1576 1928 dilectis
1588 1899 1620 1929 &
1636 1897 1766 1929 fidelibus
1781 1899 1899 1937 nostris,

1300 1933 1383 1972 Julio
1405 1935 1498 1974 Cefhri
1524 1936 1640 1974 Legum
1663 1937 1788 1967 Dostori
1802 1961 1811 1975 ,
1846 1939 1893 1968 uni
1920 1937 2130 1974 Magistrorum
2165 1942 2329 1973 nostrorum

1266 1971 1446 2011 Supplicibus
1461 1975 1594 2014 Libellis,
1614 1977 1647 2007 &
1663 1976 1809 2014 Supremae
1823 1976 1920 2008 Cunae
1936 1976 2138 2011 Admiralitatis
2153 1981 2257 2012 nostru:
2268 1982 2329 2012 An·=

1266 2011 1331 2050 gliae
1344 2011 1439 2049 Judici
1447 2036 1456 2050 ‚

1301 2050 1409 2089 Thqmae
1422 2054 1511 2092 Parry
1527 2051 1636 2090 Militi,
2306 2083 2311 2086 .

1305 2089 1418 2119 Danieli
1442 2093 1510 2120 Dun
1530 2090 1643 2130 Legum
1667 2090 1795 2122 Dostori
1816 2092 1940 2123 Decano
1966 2092 1999 2124 δε
2021 2093 2150 2126 officiali
2173 2096 2328 2137 Principali

1266 2127 1364 2197 Cigiae
1379 2128 1585 2160 Cantuarienlis
1600 2130 1636 2161 de
1650 2130 1804 2162 Archubus
1823 2131 1958 2162 London.

1333 2177 1342 2198 t

1303 2206 1324 2274 Ξ
1341 2190 1451 2274 lT'homae
1464 2207 1604 2237 Edmonds
1621 2207 1783 2239 Secretioris
1797 2209 1917 2240 Consilii
1934 2209 2023 2241 nostri
2040 2209 2175 2250 Clerico,

1326 2254 1339 2274 a
1352 2253 1440 2275 utem.

1301 2282 1361 2314 Pro‘
1375 2284 1484 2314 meliori
1498 2283 1641 2316 securitate
1654 2286 1688 2316 &
1705 2286 1907 2324 perseverantia
1921 2286 2012 2318 firmae
2026 2287 2108 2318 Pacis
2131 2287 2165 2320 &
2187 2288 2330 2321 Amicitiae

1264 2321 1337 2352 inter
1356 2321 1439 2360 Nos,
1465 2324 1498 2353 &
1521 2324 1773 2361 praechariffimum
1797 2322 1920 2355 Fratrem
1942 2327 1975 2357 ὃς
1998 2325 2254 2363 consanguineum
2273 2338 2329 2358 no-

1263 2359 1352 2391 strum
1368 2363 1516 2390 Henricum
1530 2360 1776 2401 Christianfflmum
1788 2367 1952 2393 Francorum
1967 2367 2080 2402 Regem,
2096 2374 2129 2395 ac
2145 2374 2176 2396 ut
2199 2365 2329 2398 Piraticae'

1260 2398 1406 2430 Pravitatis
1421 2399 1516 2437 Spolia
1539 2401 1572 2431 δε
1602 2401 1853 2440 Depraedationes‚
1873 2402 1978 2432 assidue
1997 2404 2031 2433 &
2055 2403 2143 2439 indies
2166 2404 2244 2442 super
2269 2406 2328 2436 alto

1262 2436 1347 2468 Mare
1371 2439 1400 2468 in
1425 2438 1525 2469 Naves
1544 2439 1577 2469 &
1599 2439 1679 2470 Bona
1701 2440 1889 2473 Subditorum
1913 2440 2076 2471 nostrorum
2102 2443 2264 2473 commiffae
2292 2446 2326 2476 &

1261 2485 1427 2514 perpetratae
1442 2486 1645 2516 coerceantur,
1663 2478 1697 2509 ad
1712 2488 1838 2517 quorum
1861 2478 2112 2511 Reformationem
2135 2481 2235 2519 saepids
2252 2491 2330 2513 ante-

1260 2515 1314 2546 hac
1328 2514 1545 2554 Cogitationem
1560 2517 1594 2547 &
1608 2516 1720 2547 Curam
1736 2517 1860 2548 nostram
1874 2518 2046 2558 dirigentes,
2062 2519 2183 2558 rationes
2205 2521 2331 2552 nonnul-

1260 2553 1298 2583 las
1315 2554 1531 2592 proposuimus,
1552 2554 1601 2585 etsi
1616 2563 1736 2585 conatus
1752 2555 1842 2585 nostri
1865 2566 1934 2586 eum
1958 2567 2044 2594 quem
2067 2557 2238 2595 speravimus
2260 2558 2330 2590 effe-2

1261 2591 1342 2622 &um
1358 2591 1504 2630 hucusque
1518 2602 1578 2622 non
1594 2593 1647 2623 fint
1661 2593 1771 2631 sortiti,
1791 2594 1867 2624 unde
1883 2595 1993 2625 Subditi
2018 2595 2125 2634 nostri,
2143 2599 2192 2634 per
2216 2598 2327 2629 crebras

1260 2634 1362 2660 eorum
1379 2630 1515 2669 Qerelas
1530 2630 1629 2669 saepitls
1641 2633 1726 2662 nobis
1741 2641 1962 2671 conquerentess
1975 2633 2010 2664 de
2028 2634 2137 2673 Injuriis
2155 2635 2190 2666 δι’
2215 2635 2328 2674 Damp-

1262 2670 1303 2699 nis
1320 2668 1386 2707 suis,
1408 2672 1458 2706 per
1476 2669 1609 2700 Subditos
1625 2670 1694 2701 dicti
1715 2671 1926 2709 praechariffimi
1947 2671 2050 2703 Fratris
2072 2673 2176 2711 nostri,
2193 2673 2329 2706 sustenta-

1260 2708 1295 2737 tis
1314 2708 1347 2738 ὃς
1371 2707 1468 2745 paffis,
1484 2708 1676 2746 proculdubio
1698 2718 1797 2740 contra
1820 2710 1961 2751 Animum
1985 2711 2019 2747 ὃς
2041 2711 2234 2743 Intentionem
2258 2714 2328 2745 dieti

1259 2746 1363 2777 Fratris
1378 2746 1484 2784 nostri,
1500 2754 1558 2777 tam
1575 2756 1610 2777 ex
1622 2758 1657 2777 eo
1675 2748 1755 2785 quod
1770 2757 1837 2778 eum
1852 2757 2022 2786 promptum
2041 2751 2074 2781 &
2090 2760 2216 2788 paratum
2230 2752 2264 2782 ad
2276 2752 2330 2790 Ju—

1259 2784 1370 2815 sticiam
1387 2785 1601 2815 ministrandum
1611 2810 1620 2823 ‚
1635 2786 1730 2817 oblata
1746 2786 1876 2817 facultate
1890 2810 1899 2825 ,
1916 2787 2028 2826 semper
2044 2790 2223 2828 invenimus,
2238 2792 2327 2828 quarn

1259 2825 1343 2854 etiam
1366 2823 1449 2862 ,quod
1472 2824 1506 2854 ad
1532 2824 1649 2861 praesens
1669 2825 1851 2862 intelligimus
1866 2835 1932 2855 eum
1948 2826 2016 2856 illud
2030 2827 2104 2857 bene
2120 2827 2327 2860 demonstrasse

1259 2872 1310 2900 per
1337 2861 1614 2894 Commiffariorum
1638 2871 1673 2893 ex
1695 2864 1751 2901 ejus
1764 2872 1840 2903 parte
1854 2864 2083 2903 assignationem,
2103 2876 2170 2896 curn
2187 2866 2325 2905 potestate

1259 2911 1321 2932 non
1335 2901 1427 2932 solum
1442 2901 1716 2939 petendiJusticiam
1731 2902 1764 2932 ὃ(
1782 2901 2006 2933 Restitutionem
2030 2905 2045 2934 a
2064 2904 2189 2935 Subditis
2215 2904 2320 2936 nostris

1259 2941 1296 2971 de
1321 2939 1464 2977 Dampnis
1488 2941 1522 2971 &
1546 2939 1657 2978 Injuriis
1681 2950 1730 2979 per
1753 2940 1887 2971 Subditos
1911 2941 2041 2980 nostros,
2067 2950 2098 2972 ut
2119 2943 2301 2980 praetenditur
2315 2967 2327 2984 ‚

1260 2978 1419 3010 commiffis
1432 2980 1465 3009 ὃς
1481 2979 1656 3017 perpetratis,
1672 2989 1705 3009 ac
1719 2980 1802 3009 etiam
1820 2980 1985 3011 consulendi
2000 2981 2033 3010 &
2048 2981 2241 3012 conveniendi
2255 2992 2326 3013 cum

1261 3016 1473 3047 Commiffariis
1490 3026 1539 3055 per
1563 3017 1632 3047 Nos
1657 3017 1840 3055 assignandis,
1858 3019 1894 3048 de
1918 3017 2019 3049 Modis
2041 3020 2075 3050 &
2094 3018 2202 3050 Mediis
2216 3020 2328 3051 idoneis·

1259 3065 1293 3086 ac
1308 3056 1454 3092 legittimis
1468 3055 1503 3085 ad
1513 3055 1656 3092 Justitiam
1670 3056 1886 3087 ministrandum
1900 3056 2024 3087 Subditis
2033 3057 2134 3088 nostris
2151 3065 2204 3096 pro
2218 3058 2326 3090 Piratiis

1262 3095 1295 3125 &
1313 3094 1417 3131 Spoliis
1432 3103 1497 3131 quae
1511 3095 1542 3124 in
1556 3104 1621 3132 eos,
1641 3104 1690 3132 per
1707 3094 1843 3125 Subditos
1856 3095 1926 3126 diffl
1942 3096 2042 3126 Fratris
2059 3096 2166 3135 nostri,
2181 3107 2326 3135 perpetra-

1261 3140 1289 3163 ta
1302 3132 1383 3163 fuisse
1396 3142 1628 3170 conqueruntur,
1644 3133 1751 3163 Verum
1777 3135 1864 3164 etiam
1884 3133 2053 3165 conferendi
2075 3135 2108 3166 &
2129 3136 2269 3166 traciandi
2289 3137 2325 3167 de

1261 3171 1362 3201 Modo
1385 3172 1573 3210 convenienti
1596 3172 1722 3203 ineundo
1740 3172 1774 3202 ad
1797 3172 1936 3211 ejusmodi
1956 3173 2068 3205 Scelera
2083 3175 2115 3205 &
2134 3174 2324 3206 humanitates

1261 3209 1453 3247 imposterum
1468 3210 1606 3242 hincinde
1619 3211 1816 3250 reprimenda,

1299 3248 1415 3280 Idcirco
1429 3249 1498 3280 Nos
1509 3273 1518 3287 ,
2212 3289 2217 3294 ¹

1299 3287 1416 3326 Qibus
1431 3288 1448 3318 a
1464 3288 1561 3325 primo
1575 3287 1692 3318 introitu
1704 3289 1733 3318 in
1749 3288 1884 3327 Regnum
1900 3287 2029 3319 nostrum
2050 3288 2119 3318 nihil
2142 3289 2252 3319 charius
2275 3298 2323 3320 ex-

1263 3326 1347 3357 titerit
1363 3327 1449 3364 quam
1463 3326 1554 3356 firma:
1570 3325 1651 3357 Pacis
1664 3327 1697 3357 δε
1717 3328 1860 3358 Amicitiae
1876 3327 1949 3357 inter
1961 3327 2029 3357 Nos
2043 3328 2227 3364 &Principes
2251 3329 2325 3359 vici-

1260 3375 1314 3395 nos
1323 3364 1441 3395 firmitas
1457 3367 1490 3397 &
1506 3364 1680 3403 constantia,
1694 3375 1726 3396 ac
1746 3375 1775 3396 ut
1789 3366 1910 3396 liberum
1934 3364 2154 3396 Commercium
2178 3367 2251 3397 inter
2271 3378 2325 3398 no-

1258 3402 1331 3433 stros
1347 3405 1381 3435 &
1394 3414 1496 3434 eorum
1509 3403 1647 3434 Subditos
1660 3404 1810 3441 habeatur,
2092 3443 2097 3447 η
2267 3425 2271 3428 -

1296 3441 1375 3473 Bene
1392 3451 1572 3480 acceptantes
1585 3442 1654 3473 dieti
1668 3442 1878 3480 praechariffimi
1896 3441 1995 3484 Fratris
2011 3441 2098 3485 nostri
2111 3440 2182 3472 adeo
2198 3451 2323 3481 propen-

1257 3480 1316 3511 sam
1332 3482 1362 3511 in
1376 3481 1430 3512 hac
1448 3490 1526 3520 parte
1541 3481 1734 3518 voluntatem,
1755 3491 1871 3520 aequum
1887 3481 1942 3512 elle
1956 3490 2117 3517 putavmius
2131 3489 2161 3511 ut
2184 3480 2252 3512 Nos
2278 3484 2321 3512 in-

1258 3521 1375 3560 vicem,
1399 3530 1452 3551 vos
1473 3520 1631 3551 antedi&os
1655 3519 1779 3549 Carolum
1801 3523 1927 3550 Comitem
1950 3517 2151 3557 Nottingham,
2174 3520 2319 3550 Robertum

1257 3558 1356 3597 Cecill,
1404 3558 1536 3589 ohannem
1559 3558 1715 3596 Fortescue,
1733 3555 1893 3597 Johannem
1915 3556 2052 3596 Paphum,
2066 3557 2225 3595 Johannem
2244 3562 2319 3589 Her-³

1255 3597 1333 3635 bert,
1378 3597 1461 3626 alium
1479 3596 1620 3636 Cefivrem,
1639 3597 1766 3626 Thomam
1779 3599 1882 3635 Parry,
1901 3594 2045 3625 Danielem
2062 3598 2129 3626 Dun
2142 3597 2175 3627 &
2189 3596 2319 3638 Thomamj

1256 3636 1416 3673 Edmunds,
1434 3636 1470 3666 de
1488 3644 1611 3672 quornm
1626 3635 1749 3665 Scientia
1761 3634 1900 3664 Doctrina
1917 3633 2059 3665 Fidelitate
2074 3634 2237 3675 integritate
2259 3637 2318 3668 Ex*>

1255 3676 1391 3712 perientia'
1412 3676 1445 3706 ὅ(
1470 3673 1742 3710 circumspectionis
1769 3672 1926 3710 industria,
1945 3672 2104 3710 plurimum
2125 3675 2320 3714 confidimus,

1256 3713 1477 3744 commissarios
1487 3712 1602 3750 Judices
1617 3713 1651 3742 &
1664 3711 1820 3749 Deputaros
1834 3709 1947 3742 nostros
1963 3713 2146 3743 nominemus
2161 3715 2194 3744 ὅ(
2210 3714 2321 3744 consti-

1254 3761 1383 3789 tuamus,
1402 3749 1648 3789 quemadmodum
1664 3759 1713 3787 per
1728 3750 1882 3780 Praesentes
1895 3751 2077 3782 nominamus
2098 3751 2218 3783 facimus
2235 3753 2317 3793 affig-

1253 3801 1352 3822 namus
1367 3792 1399 3821 ὃς
1416 3789 1633 3827 constituimus,
2063 3823 2066 3826 ⁴

1289 3829 1398 3859 Dantes
1417 3829 1500 3858 vobis
1524 3836 1631 3857 novem
1646 3848 1657 3863 ‚
1680 3824 1751 3856 oero
1767 3848 1776 3864 ,
1801 3825 1925 3865 septem,
1948 3825 2010 3866 sex,
2034 3829 2160 3867 quinque
2180 3827 2225 3860 vel
2246 3840 2314 3869 qua<

1251 3876 1316 3898 tuor
1340 3866 1486 3903 vestrum,
1511 3866 1623 3902 plenam
1643 3863 1816 3895 Potestatem
1840 3865 1873 3895 &
1895 3864 2106 3897 Audieritatem
2121 3891 2131 3905 ,
2158 3869 2192 3898 ad
2214 3877 2312 3906 peten-

1252 3906 1323 3936 dum
1343 3905 1492 3945 Justiciam
1515 3905 1547 3933 δε
1574 3902 1798 3933 Restitutionem
1813 3903 1977 3941 Spoliorum
1992 3905 2023 3934 in
2034 3905 2170 3942 Subditos
2183 3907 2314 3946 nostros,

1252 3954 1302 3982 per
1327 3944 1462 3975 Subditos
1484 3942 1552 3972 dieti
1574 3940 1788 3979 praeclmriffimi
1807 3941 1909 3972 Fratris
1930 3941 2188 3983 &consanguinei
2208 3945 2314 3983 nostri,

1252 3983 1288 4013 ab
1308 3983 1387 4013 initio
1412 3981 1508 4017 Regni
1530 3980 1586 4017 sui,
1611 3980 1831 4010 commissorum
1851 3980 1883 4010 &
1911 3990 2153 4021 perpeu-atorum,
2176 3984 2254 4021 juxta
2277 3985 2310 4013 ὃς

1251 4021 1408 4051 secundum
1428 4017 1632 4049 Instructiones
1643 4017 1754 4049 nostras
1773 4018 1856 4050 vobis
1878 4019 1908 4049 in
1930 4029 1964 4050 ea
1983 4029 2058 4058 parte
2081 4022 2156 4052 datas
2177 4022 2210 4052 ὃς
2230 4022 2311 4052 [ταάίε

1253 4068 1309 4091 tas:
2255 4095 2263 4100 -
2288 4098 2301 4102 .,

1287 4097 1333 4127 Ac
1350 4095 1464 4126 ulterius
1479 4093 1514 4126 ad
1531 4094 1711 4126 “adrandum
1726 4095 1759 4126 &
1776 4095 2009 4128 conveniendum
2025 4107 2095 4129 cum
2110 4096 2317 4128 Commislarns

2276 4143 2327 4172 per.

2352 2215 2465 2247 *xvc

2351 2259 2419 2294 426.
