2557 4279
708 103 1516 157 CONVENTIONES‚
1578 102 1957 154 LITERAE,

1332 190 1405 227 blige‘
1416 190 1448 218 de
1457 188 1495 218 les
1505 197 1598 228 parter
1613 190 1682 220 dans
1701 189 1731 219 la
1748 193 1817 219 Cour
1827 187 1933 228 fi’rmcfe
1951 188 1983 218 de
1991 187 2030 219 St.
2039 186 2266 225 Barthelemi‚01>
2282 186 2321 217 les
2329 185 2394 217 bau·
2410 179 2538 215 Arm-D.

1333 233 1419 269 tiques
1430 229 1496 266 sont
1516 231 1686 267 continuem,
1705 228 1743 264 ᾤ’
1762 229 1795 258 ou
1813 229 1868 265 ily
1887 239 1905 256 a
1923 227 1968 256 dex
1984 235 2075 265 portes
2087 231 2133 267 qni
2144 227 2266 265 ferment
2285 226 2314 255 la
2329 224 2392 262 pla·
2429 229 2461 259 15
2467 229 2514 266 935

1331 279 1357 296 ce
1375 268 1406 296 de
1424 270 1500 304 nuit,
1519 265 1556 300 &⁴
1575 267 1603 296 la
1622 277 1660 295 ces
1678 267 1759 304 draps
1785 277 1834 307 que
1857 266 1911 296 l'on
1930 273 2032 295 mettra
2049 277 2082 295 en
2099 275 2184 296 vente
2211 276 2244 294 ne
2259 264 2391 294 s'achete-
2411 266 2443 298 35
2470 262 2539 290 Elm-

1331 313 1393 336 ront
1412 305 1490 345 qu‘eu
1505 315 1585 343 gros,
1605 315 1659 334 non
1670 309 1751 343 point
1769 316 1802 335 en
1822 303 1924 341 detail,
1948 303 1986 340 (ἐν
2004 316 2031 335 ce
2050 304 2164 334 marche*
2176 316 2209 334 ne
2228 304 2326 333 durera
2342 313 2394 344 que
2445 302 2505 334 Reg-

225 137 307 176 124

78 209 146 240 ΑΠ’-Ἰ
166 205 210 237 D·
230 211 361 247 brought
388 208 488 239 within
511 206 558 236 ihc
584 203 670 235 Close
694 203 787 234 Ycard
810 203 847 233 of
862 203 904 233 St.
927 201 1168 236 Bartholomews,
1194 196 1293 228 where

100 254 186 284 1593.
236 241 348 289 Shopps
362 259 407 277 arc
420 248 498 277 there
515 243 682 283 contynued
696 243 750 273 and
765 243 835 271 have
849 241 938 271 Gates
953 250 984 270 to
1000 240 1063 270 ssiut
1080 240 1129 270 the
1144 238 1221 268 same
1229 235 1294 265 Pla-

81 295 128 320 ¹:5-
144 287 213 311 [liz.
237 300 271 320 ce
296 291 324 318 in
349 288 395 317 tlie
422 284 549 319 Nig'ntes
564 306 574 321 ,
611 282 666 312 and
693 282 770 312 there
799 280 885 310 suche
910 278 1021 309 Clothe
1046 286 1078 309 to
1097 279 1134 307 be
1150 274 1243 320 offred
1262 281 1293 302 to

83 319 90 322 ’
117 328 176 361 fleg.
234 328 298 358 Sale
322 326 376 357 and
402 333 432 353 to
451 324 487 352 be
513 321 627 360 Bought
645 343 654 358 ,
692 321 722 350 in
741 319 845 350 Grofle
864 319 917 348 and
938 326 990 347 not
1016 318 1053 356 by
1073 315 1185 346 Retaile
1200 338 1210 351 ‚
1245 312 1295 342 the

93 2196 221 2227 Biblon-

95 2244 147 2264 που.
158 2235 220 2263 Gal-

94 2274 126 2301 ba
136 2279 171 2302 D.
183 2285 223 2312 ¹3·

88 2311 140 2349 fol.
162 2323 177 2341 2
179 2323 227 2351 50.

99 2560 120 2583 ·
147 2563 232 2590 XVI.

138 2610 202 2637 ²¹5·

233 367 309 397 same
337 363 455 394 Mirket
480 370 509 391 to
536 370 682 395 contvnue
708 359 757 388 but
783 358 860 388 three
887 356 969 396 dayes
987 379 997 395 ,
1033 356 1092 386 that
1111 355 1133 384 is
1151 362 1183 383 to
1207 351 1268 390 saye
1286 372 1296 387 ,

237 405 318 436 Even
336 425 345 440 ,
380 402 429 431 tlie
453 399 523 439 daye
551 397 587 429 of
608 396 651 429 St.
686 396 916 428 Bartholomews
934 419 943 433 ,
981 394 1038 425 and
1064 393 1113 425 the
1141 391 1294 422 Morrowe

279 453 322 472 cr:

238 447 342 513 mtAnd
362 479 421 510 that
440 478 487 509 the
506 476 568 507 Sale
586 476 643 506 and
662 475 739 506 Vent
757 473 794 503 of
808 471 930 502 Leather
948 471 1000 502 bee
1017 471 1101 508 kepte
1118 470 1148 499 in
1164 468 1212 499 the
1230 474 1298 497 out-

236 521 294 553 side
317 520 353 550 of
374 519 421 550 the
448 517 548 553 Ringe
575 516 611 545 of
632 512 799 553 Smythfeild
812 535 821 550 ,
858 521 886 541 as
913 511 978 540 bath
1005 511 1063 549 byn
1082 505 1266 538 accustomed
1286 528 1296 542 ,

234 560 361 591 without
385 558 531 593 ereetinge
557 554 594 584 of
613 564 667 594 any
692 552 822 588 Shoppes
848 559 883 578 01·
909 548 1031 579 Boothes
1057 546 1103 576 for
1127 547 1177 576 the
1195 545 1270 575 same
1288 566 1299 581 ,

234 609 268 628 or
287 599 331 629 for
349 608 403 638 any
421 593 579 629 Victualler
596 603 630 623 or
649 592 732 623 other
751 589 898 626 Occupier
916 587 952 617 of
964 597 1018 626 any
1037 584 1140 616 Wares
1159 582 1298 616 whatsoe-

230 648 342 707 verlind
357 674 404 705 for
419 673 534 704 Notice
549 669 654 701 hereos
664 679 696 700 to
710 668 762 698 bec
777 666 863 702 given
880 672 911 695 to
930 663 1014 694 suche
1037 662 1074 707 of
1091 662 1142 692 her
1158 658 1299 705 Magesties

258 715 316 746 ood
333 712 494 751 subjeetes,
510 721 538 740 as
553 711 599 740 for
613 708 695 739 lacke
709 707 744 737 of
756 703 939 740 Knowledge
953 703 988 732 of
1005 702 1060 732 this
1083 701 1134 731 her
1155 697 1298 738 Mayesttes

235 725 381 786 {rincelie
405 750 602 781 Ordonnance
623 747 716 786 might
739 744 842 774 resorte
863 751 894 772 to
918 739 1036 771 London
1060 748 1091 783 to
1112 738 1171 769 Sell
1188 748 1221 767 or
1236 736 1297 781 ssuy

234 793 317 824 small
340 792 444 822 Wares
463 790 502 829 by
525 786 654 824 Retaile,
678 783 733 815 and
756 784 833 813 there
855 790 971 824 receave
986 778 1129 809 Infechon
1146 776 1201 807 and
1223 785 1298 806 carie

236 833 286 862 the
298 832 372 861 same
387 831 449 860 into
463 828 534 858 their
549 825 721 861 Countries3
740 822 789 851 her
805 818 932 858 Mayestie
952 816 1159 863 commandeth
1174 815 1234 846 that
1250 815 1297 859 the

234 870 320 901 Lord
332 871 426 899 Maior
441 865 475 906 of
486 864 604 896 London
620 863 688 893 111311
704 859 784 892 cause
799 859 854 889 this
870 858 918 888 her
936 855 1077 926 Μηὲβιες
1084 854 1297 899 Proclamation

234 917 269 940 to
287 910 340 940 bee
355 906 498 946 presentlie
510 901 660 942 published
677 902 706 931 in
721 899 758 930 all
774 897 859 929 usuall
876 897 968 935 places
981 906 999 925 o
1028 895 1076 925 the
1089 892 1183 931 Citie,
1203 903 1232 937 111
1246 892 1296 922 the

237 956 319 987 tyme
333 948 369 977 of
379 955 456 976 twoe
471 953 504 974 or
519 942 596 972 tliree
611 940 729 970 Market
743 938 843 977 dayes,
860 935 915 966 and
930 944 962 966 to
987 936 1023 965 be
1044 933 1102 964 also
1121 931 1296 976 proclaimed

237 988 259 1017 b
294 987 341 1017 the
357 983 504 1021 Sheriffl’so
536 978 708 1018 middlesex,
728 979 823 1013 Kent,
842 978 937 1019 Sur‘rey
952 973 1010 1018 and·
1022 972 1106 1012 Effl’x
1129 981 1158 1001 in
1183 970 1294 1001 somme

237 1036 258 1066 p
272 1035 333 1056 aces
347 1024 384 1054 of
390 1017 468 1053 those
506 1020 637 1055 nunties,
657 1025 740 1046 neere
755 1024 786 1046 to
803 1015 851 1044 the
862 1013 916 1044 feld
940 1012 1046 1050 Cittie,
1065 1010 1197 1048 whereby
1219 1019 1296 1040 none

239 1074 307 1104 may
321 1063 422 1093 resorte
437 1070 468 1092 to
483 1060 532 1090 the
548 1056 638 1086 Cittie
654 1064 683 1085 at
695 1054 751 1085 this
774 1052 852 1082 Feast
875 1052 912 1081 of
928 1051 969 1081 St.
991 1050 1237 1085 Bartholomews,
1255 1048 1295 1088 by

237 1112 373 1142 pretence
387 1099 424 1130 of
433 1109 485 1138 any
502 1097 594 1133 Fare,
604 1095 654 1124 but
668 1093 752 1123 suche
766 1101 794 1121 as
809 1090 875 1121 111311
891 1091 965 1120 113ν6
980 1089 1060 1120 cause
1074 1097 1106 1118 to
1113 1087 1171 1118 Sell
1186 1097 1220 1117 or
1235 1086 1296 1131 Buy

241 1143 291 1174 the
311 1137 526 1171 Commodities
547 1136 576 1164 in
599 1132 722 1170 Groffe,
744 1129 799 1160 and
822 1131 850 1159 in
865 1129 913 1159 t'ne
927 1128 1007 1165 place
1020 1126 1199 1170 appoymed,
1227 1136 1257 1156 as
1276 1135 1298 1155 ls

242 1182 339 1212 above
356 1175 536 1211 mentioned,
554 1173 608 1203 and
625 1173 650 1201 if
661 1181 713 1209 any
730 1169 798 1211 shall
813 1176 949 1204 attempte
964 1174 994 1197 to
1008 1166 1048 1210 do
1060 1176 1114 1205 any
1123 1166 1209 1201 thing
1225 1174 1299 1208 con-

239 1220 322 1250 trarie
338 1226 368 1247 to
381 1216 436 1245 this
455 1212 653 1244 Ordonnance
671 1233 680 1247 ,
710 1209 758 1238 the
770 1210 844 1238 {ame
858 1214 889 1236 to
904 1207 956 1236 bee
971 1205 1107 1247 punissied
1122 1205 1158 1249 by
1176 1202 1298 1240 straigh-

239 1266 268 1289 te
295 1255 533 1294 Ymprisonment
559 1249 686 1280 without
709 1247 778 1287 Bayl
799 1245 917 1283 dui-inge
942 1245 992 1275 her
1017 1242 1157 1282 Mayesties
1186 1241 1297 1273 Pleasu-

240 1307 270 1327 re
291 1317 300 1332 ,
336 1304 370 1324 or
395 1292 504 1323 further
530 1287 720 1319 Punissiment
744 1284 901 1323 according
927 1291 958 1314 to
977 1283 1025 1314 the
1045 1282 1161 1320 qualitie
1176 1281 1212 1311 of
1227 1281 1298 1311 their

239 1335 349 1403 01}pr
351 1342 407 1400 efiir
427 1369 475 1399 the
493 1366 671 1406 restrayning
689 1363 725 1393 of
739 1372 793 1403 any
814 1361 889 1392 sicke
906 1360 962 1391 and
977 1359 1102 1390 inseeted
1126 1357 1244 1388 Persons
1264 1367 1298 1387 or

238 1411 276 1442 of
297 1420 350 1450 any
375 1409 449 1439 their
475 1406 616 1446 Farnylies
640 1403 717 1433 from
734 1409 881 1441 comynge
899 1398 1020 1430 abroade
1047 1406 1078 1428 to
1094 1397 1247 1440 indaunger
1264 1405 1298 1425 o·

238 1452 316 1482 thers
379 1447 433 1478 and
460 1446 505 1475 for
531 1445 611 1474 some
635 1441 743 1472 further
767 1439 823 1474 stay
849 1440 887 1478 by
912 1436 1007 1479 God's
1032 1435 1182 1466 Provifion
1199 1435 1236 1464 of
1250 1434 1297 1464 the

240 1473 350 1528 prel'en't
372 1485 519 1516 infectior]
536 1507 545 1522 ,
581 1482 631 1512 her
657 1477 785 1517 Majeslie
810 1477 877 1508 bath
904 1475 1004 1506 caused
1028 1483 1123 1505 certen
1142 1473 1248 1504 Orders
1266 1481 1299 1503 to

242 1529 298 1559 bee
322 1527 360 1565 by
387 1525 435 1554 her
459 1521 595 1552 Counsell
622 1517 781 1558 prescribed
808 1525 838 1546 to
858 1517 910 1545 bee
933 1513 1070 1543 observed
1098 1514 1118 1542 b
1156 1512 1203 1542 the
1222 1511 1303 1542 Lord

241 1569 338 1597 Maior
363 1563 418 1595 and
443 1562 526 1592 other
557 1558 683 1589 Officers
707 1555 744 1585 of
771 1552 949 1592 priviledged
975 1552 1074 1584 Places
1106 1522 1196 1582 aiiout
1220 1550 1300 1581 Lon-

240 1605 309 1636 don-

280 1680 388 1721 Gyven
403 1685 429 1708 at
442 1687 494 1707 our
510 1673 597 1717 Castle¹
612 1671 648 1712 of
658 1673 698 1701 W
699 1669 789 1709 indfiir
804 1669 854 1702 the
869 1669 921 1700 sixt
936 1668 1000 1708 Day
1016 1668 1053 1698 of
1064 1666 1192 1706 August²
1208 1666 1238 1697 in
1252 1664 1302 1696 the

239 1721 308 1759 35th
329 1718 413 1749 Yeare
428 1716 465 1747 of
473 1725 527 1746 our
542 1711 664 1751 Raigne.

891 1785 944 1814 Per
959 1784 1041 1824 ipsam
1054 1785 1195 1821 Reginam.

261 1878 346 1885 mc

241 1923 303 1961 'Ad
323 1925 469 1971 Reginam
493 1919 532 1953 ab
556 1914 679 1960 Ernesto
702 1916 787 1971 Dute
811 1911 980 1971 Brunswici
996 1927 1006 1955 ;
1050 1912 1087 1946 de
1108 1921 1192 1959 opera
1214 1916 1305 1961 Regi-

287 1986 327 2006 nae
358 1972 402 2005 ad
427 1970 541 2004 ancas
574 1965 612 2001 ab
646 1967 772 2012 Impera
799 1961 924 1997 Finibus
946 1960 1104 2010 abigendos
1124 1965 1303 2010 Imperatori

286 2020 399 2056 oblata.

319 2106 488 2148 Serenisfima
504 2106 609 2144 Regina
624 2104 745 2134 Domina
759 2099 791 2133 ac
804 2098 1011 2140 consanguinea
1026 2096 1201 2138 charissima,

244 2185 416 2241 REddidit
431 2184 514 2214 nobis
528 2183 634 2214 Literas
648 2182 810 2212 Serenitatis
823 2189 860 2208 ve
884 2188 921 2207 rae
938 2175 1088 2222 Dominus
1102 2174 1303 2221 ‘christophorus

318 2225 510 2262 Parthingius,
536 2223 572 2253 ad
593 2222 661 2252 Nos
686 2221 718 2251 &
740 2219 808 2249 alios
862 2225 993 2247 ermaniae
1011 2215 1158 2259 Principes
1185 2224 1305 2259 nomine

246 2268 406 2296 Serenitatis
428 2262 527 2303 vestrae
549 2261 669 2299 Legatus
684 2257 798 2296 missus,
816 2255 954 2295 simulque
969 2263 1032 2292 quae
1044 2263 1077 2299 in
1096 2252 1241 2284 Mandatis
1253 2254 1304 2284 ha-

246 2306 307 2336 buit
319 2303 468 2348 prudenter
481 2310 514 2331 ex
537 2299 624 2337 osuit,
642 2297 707 2329 Nos
722 2296 784 2326 sane
796 2295 943 2333 gratiosam
956 2296 1120 2337 serenitatis
1134 2291 1232 2332 vestrae
1253 2292 1306 2336 Sq-

247 2344 436 2378 lutationcm,
454 2342 487 2372 &
536 2338 681 2369 fficiorum
689 2335 879 2366 Oblationem
895 2342 954 2373 quo
969 2331 1051 2362 decet
1065 2340 1162 2362 animo
1175 2330 1306 2375 agnosci-

251 2393 329 2419 mus,
346 2382 379 2412 &
395 2378 517 2411 viciffim
531 2378 628 2407 omnia
642 2375 738 2406 debita
750 2383 813 2412 quae
828 2374 857 2402 in
874 2374 1055 2417 serenitatem
1067 2369 1187 2410 vestram
1197 2370 1307 2401 {mobis

249 2420 392 2460 proficisci
408 2418 521 2457 possunt
537 2415 646 2446 Officia
661 2421 785 2444 amanter
800 2411 962 2442 deferimus.
1022 2449 1030 2456 ,

286 2459 319 2489 ln
342 2459 416 2489 rimis
431 2465 526 2486 autem
541 2456 571 2484 in
587 2456 740 2483 Serenitate
754 2450 847 2490 vestra
863 2459 909 2480 ma
930 2457 1036 2485 nopere
1050 2447 1288 2492 commendamus
1298 2470 1309 2486 ,

272 2469 349 2535 uodp,
367 2505 427 2526 non
442 2495 533 2525 solum
544 2496 736 2532 Imperatorem
753 2499 841 2526 nuper
854 2487 890 2518 de
927 2487 985 2517 ello
999 2486 1133 2516 Turcico
1147 2494 1308 2530 monuerit,

264 2537 299 2567 ed
324 2534 431 2572 insuper
447 2533 500 2572 ⁴ipfi
524 2531 652 2569 Operam
672 2529 748 2559 suam
769 2528 803 2558 ad
828 2535 938 2556 tantum
960 2523 1085 2554 Hostem
1098 2525 1135 2568 ab
1150 2524 1268 2561 Imperii
1287 2525 1306 2543 ¹*

253 2575 371 2606 Finibus
399 2570 583 2602 avertendum
609 2591 619 2606 ,
655 2568 751 2597 amice
781 2565 914 2595 obtulerit
936 2586 945 2600 ,
981 2572 1015 2592 ac
1043 2564 1152 2593 obnixe
1176 2571 1307 2607 rogamus

254 2623 284 2645 ut
308 2613 357 2643 tali
376 2610 526 2642 affectione
551 2611 694 2645 Imperium
716 2606 749 2636 &
774 2607 966 2655 Imperatorem
991 2603 1079 2639 porro
1102 2601 1227 2640 prosequi
1244 2610 1306 2640 per-

250 2661 385 2730 gatQuod
400 2689 485 2728 porro
497 2687 597 2717 attinet
612 2684 647 2714 ad
662 2682 807 2719 Libellos,
842 2679 1010 2722 roculdubio
1026 2679 1063 2708 ab
1077 2675 1195 2716 Hispani
1206 2677 1307 2722 Clien-

253 2731 325 2761 tibus
340 2730 369 2758 in
382 2737 448 2758 eum
465 2725 551 2756 finem
567 2724 675 2760 editos,
692 2730 722 2752 ut
737 2721 799 2751 Cau
825 2730 870 2750 am
887 2720 998 2749 excitati
1013 2717 1046 2748 &
1061 2716 1154 2747 adhuc
1167 2716 1307 2755 flagrantis

252 2769 324 2800 Belli
340 2769 369 2797 111
383 2768 560 2796 Serenitatem
575 2761 695 2802 vestram
708 2757 946 2796 transferant-‚etii
961 2766 1035 2787 varia
1049 2756 1104 2786 hac
1119 2754 1155 2785 de
1169 2764 1307 2793 re,prout

251 2807 313 2838 sunt
328 2806 481 2836 hominum
494 2803 602 2841 Judicia
616 2799 818 2837 spargentium,
830 2805 940 2839 tanturn
951 2803 1045 2825 tamen
1066 2793 1145 2837 abest
1157 2794 1241 2837 *quod
1250 2793 1307 2838 .h¹³'3

248 2845 374 2885 juiinodi
387 2844 465 2874 vanis
480 2840 657 2871 Rumoribus
681 2837 781 2868 Fidem
801 2836 997 2878 adhibuimuS,
1013 2841 1060 2863 aut
1078 2832 1184 2876 aliquid
1205 2831 1306 2880 sinistri

251 2885 288 2916 de
302 2887 452 2914 Serenitate
465 2879 556 2920 vestra
567 2878 774 2917 judicavimus,
788 2883 818 2905 ut
832 2874 926 2912 potius
939 2872 1018 2915 illam
1032 2880 1115 2914 ornm
1133 2871 1219 2915 culpa
1230 2871 1304 2902 libe-

250 2924 425 2959 raverimus,
447 2930 505 2950 non
520 2919 610 2953 ignari
623 2926 682 2946 non
694 2923 803 2945 novum
824 2912 880 2943 esse
902 2910 1063 2954 hujusmodi
1085 2910 1256 2953 hominibus
1271 2909 1308 2957 de

249 2961 421 2992 Foederibus
435 2959 508 2989 initis
521 2954 572 2994 pro
583 2955 699 2986 arbitrio
713 2952 874 2989 disponere,
895 2951 929 2982 &
951 2949 1061 2987 quidvis
1081 2948 1192 2986 moliri,
1211 2948 1305 2992 ruodo

249 3000 318 3031 alios
329 2998 475 3036 Principes
489 2997 518 3025 in
536 2995 636 3024 odium
654 2992 811 3027 adducant,
824 2990 857 3020 &
873 2989 960 3019 aliena
974 2988 1075 3027 Regna
1089 2988 1121 3018 &
1131 2986 1307 3031 lfrovmcras,

273 3040 351 3068 uovis
369 3036 463 3066 siltetn
479 3042 628 3072 praetextu,
645 3031 692 3060 suo
703 3029 782 3068 Jugo
794 3028 951 3066 subjiciant.
986 3028 1124 3055 Serenitas
1141 3034 1233 3063 itaque
1255 3036 1305 3055 ve-

241 3048 323 3117 ?lra,
342 3076 420 3112 cujus
435 3074 544 3104 animus
557 3071 590 3101 ad
601 3070 732 3108 quamvis
746 3068 851 3098 Pacem
868 3063 1019 3095 honestam
1035 3065 1118 3110 <wilm
1131 3063 1234 3094 durum
1242 3063 1306 3107 Bel-

250 3116 315 3147 lum
332 3112 494 3152 propensior
507 3111 587 3140 nobis
601 3108 729 3145 apprime
743 3114 828 3135 notus
840 3103 900 3141 est,
917 3113 977 3133 non
997 3102 1087 3132 multa
1106 3101 1178 3138 apud
1194 3112 1247 3132 nos
1261 3112 1304 3132 in-

253 3154 334 3193 diget
347 3151 544 3186 excusatione,
558 3146 637 3187 quod
651 3155 702 3183 pro
718 3144 823 3175 viribus
835 3143 887 3172 suis
901 3140 1003 3186 Hosti,
1026 3141 1078 3185 ξς,
1096 3142 1144 3180 qui
1165 3139 1237 3184 Belli
1258 3140 1305 3171 fo-

253 3201 350 3223 menta
371 3192 400 3221 in
427 3189 573 3229 pernitiem
595 3187 758 3215 Serenitatis
772 3181 871 3225 vestra
885 3179 982 3224 Regni·
998 3178 1150 3216 ministrat,
1177 3177 1280 3223 resistat
1296 3188 1303 3208 :

255 3231 364 3262 Interea
385 3238 437 3259 nos
452 3227 543 3257 varios
557 3225 672 3255 illorum
689 3221 816 3253 Libellos
836 3219 909 3249 nihil
930 3220 1066 3261 facimuS,
1088 3218 1122 3249 &
1135 3216 1257 3260 Justitiae
1271 3218 1305 3248 &

255 3269 410 3307 AEquitatis
423 3267 529 3297 ratione
542 3265 601 3294 hoc
616 3261 763 3298 suadente,
777 3257 1010 3302 distributionem
1026 3256 1144 3286 illorum
1159 3265 1190 3284 in
1214 3254 1308 3286 nostra

254 3307 410 3338 Provincia
428 3305 609 3341 summopere
633 3300 820 3338 impediemus
839 3308 849 3335 3
884 3297 992 3326 obnixe
1016 3302 1141 3332 petentes
1160 3316 1170 3331 ,
1207 3303 1237 3325 ut
1262 3297 1309 3324 Se-

1329 348 1498 422 troisfofcrs,
1516 343 1698 382 c‘est-d-dire,
1713 343 1742 374 la
1761 342 1894 381 veille,le
1903 342 1971 379 jour
1986 343 2018 373 de
2037 343 2080 374 St.
2099 343 2292 382 Bartheletm',
2311 341 2348 377 ό·
2366 341 2392 372 le

1329 393 1390 420 your
1418 389 1540 412 uivant:

1374 461 1413 488 Et
1428 457 1452 488 le
1475 459 1550 490 debit
1569 461 1604 489 du
1621 462 1676 490 cuir
1694 458 1726 498 ft
1747 457 1810 496 fhra
1823 470 1859 489 au
1879 457 1976 488 dehors
1993 458 2026 488 de
2043 458 2071 488 Ia
2086 459 2205 490 barriere
2226 461 2259 490 de
2273 459 2394 499 Smyth-

1334 496 1399 528 field
1408 521 1417 537 ,
1437 508 1532 528 comme
1548 497 1566 527 d
1583 498 1754 536 l’ordinaire,
1766 497 1839 536 sans
1853 497 1949 535 dreffer
1958 506 2026 536 pour
2041 498 2096 527 cela
2115 509 2214 529 aucune
2227 499 2351 540 boutique
2364 503 2395 529 ni

1333 535 1409 585 losge,
1427 540 1457 566 ni
1465 545 1636 615 pay-aucun
1659 538 1813 568 vivandier
1823 540 1854 568 ni
1876 543 1957 566 autre
1980 535 2126 567 marcham
2146 538 2179 567 de
2194 538 2306 578 quelque
2327 539 2395 570 den-

1333 585 1378 604 ree
1393 586 1445 617 que
1468 587 1493 605 ce
1521 583 1571 606 ott.

1374 654 1416 682 Et
1436 651 1493 693 afin
1512 663 1562 694 que
1584 652 1640 684 l'on
1653 651 1730 692 faffi»
1744 651 1846 692 Jbvoir
1869 655 1919 683 ceci
1940 652 1960 681 ἃ
1984 664 2049 682 ceux
2064 652 2109 682 des
2120 652 2186 683 bons
2199 655 2289 693 Sujets
2304 655 2336 685 de
2357 655 2396 687 Sa

1337 689 1477 730 Majeste,
1494 696 1540 734 qui
1545 691 1631 732 faute
1644 692 1733 722 d’ftre
1746 691 1871 730 informe‘s
1884 693 1918 722 de
1931 703 1958 721 ce
1972 691 2114 729 reglement
2137 691 2169 720 de
2190 692 2227 724 Sa
2253 693 2375 732 Majeste
2384 717 2397 733 ‚

1330 734 1488 768 pourroient
1505 730 1537 771 fi
1551 732 1647 761 rendre
1662 730 1680 760 ὰ
1701 731 1827 762 Londres
1844 741 1912 771 pour
1929 731 2031 760 vendre
2048 741 2080 760 ou
2096 728 2205 760 acheter
2218 732 2263 762 des
2289 743 2397 763 menuei-

1335 768 1535 809 marchandzsts
1556 781 1590 800 en
1608 768 1712 808 detail,
1734 768 1773 804 &
1791 780 1811 808 y
1833 770 1946 809 prendre
1968 769 1997 799 la
2019 772 2179 807 contagion,
2205 769 2243 804 &
2260 769 2289 800 Ia
2298 778 2397 809 parter

1335 808 1407 838 dans
1428 807 1499 838 leurs
1518 811 1686 846 Provmces3
1711 807 1748 838 Sa
1768 807 1891 846 Majeste
1913 809 2064 838 commande
2083 818 2120 836 au
2145 807 2226 839 Lord
2245 807 2341 840 Maire
2356 810 2394 842 de

1335 846 1467 878 Londres
1481 847 1513 877 de
1519 847 1598 887 faire
1607 847 1712 885 publier
1726 846 1926 886 inreffiemment
1939 854 2007 876 cette
2016 846 2217 877 Proclamation
2230 847 2268 878 de
2279 847 2304 878 la
2320 847 2395 880 Rei-

1334 895 1370 916 ne
1393 885 1462 915 dans
1483 894 1571 917 toutes
1593 886 1630 915 les
1647 885 1736 925 places
1756 887 1904 916 ordinaires
1918 886 1950 915 de
1969 886 2000 915 la
2021 888 2049 914 V
2051 884 2115 923 ille,
2134 886 2260 923 pendant
2276 887 2348 916 deux
2361 898 2396 917 ou

1335 927 1402 954 trois
1413 927 1491 963 jours
1506 925 1539 954 de
1553 924 1677 963 marcha,
1695 923 1733 959 ὠ·
1747 924 1839 965 qu’elle
1853 925 1905 962 [bit
1920 925 1988 964 aust
1996 924 2100 962 publie‘e
2114 932 2168 962 par
2190 924 2227 954 les
2242 925 2349 956 Sherifs
2362 926 2396 956 de

1335 963 1494 994 Middlesex
1503 987 1512 1001 ‚
1528 964 1559 993 de
1575 963 1670 1002 Kent,
1687 963 1719 992 de
1737 964 1839 1004 Surrey
1855 963 1893 998 (ἐν
1906 937 2019 994 άἘ]1ΐ611
2033 974 2067 992 en
2080 963 2203 1005 quelques
2211 963 2301 1002 places
2314 965 2347 994 de
2354 975 2396 994 ces

1334 1004 1480 1032 Provinces
1500 1002 1596 1040 proche
1618 1003 1650 1032 de
1670 1001 1698 1031 la
1706 1000 1813 1041 Jusdite
1828 1004 1905 1040 Cite',
1932 1001 1989 1041 afin
2007 1012 2057 1040 que
2076 1002 2202 1041 persbnne
2215 1014 2249 1032 ne
2261 1003 2300 1044 ς’]
2312 1005 2394 1033 rende

1335 1041 1440 1070 durant
1458 1049 1526 1070 cette
1536 1039 1601 1079 fbte
1612 1041 1644 1070 de
1658 1040 1699 1071 St.
1715 1040 1884 1071 Barthelemi
1895 1063 1904 1078 ,
1915 1041 1980 1080 fiius
1990 1047 2117 1078 pretexte
2130 1041 2162 1070 de
2177 1041 2206 1070 la
2217 1044 2309 1081 Foire,
2330 1043 2348 1071 a*
2363 1042 2395 1072 la

1336 1077 1444 1118 reserve
1466 1079 1498 1109 de
1517 1090 1581 1109 ceux
1594 1083 1639 1120 qui
1661 1086 1762 1109 aurant
1778 1079 1866 1118 hesbin
1881 1079 1914 1108 de
1930 1079 2033 1108 vendre
2054 1089 2086 1108 ou
2107 1079 2249 1110 d’acheter
2263 1080 2300 1110 les
2320 1092 2397 1111 mar-

1334 1116 1473 1157 chandifl’s
1489 1129 1521 1147 en
1535 1129 1595 1155 gros
1606 1141 1616 1156 ,
1631 1114 1668 1152 ᾤ’
1683 1119 1701 1148 ἂ
1712 1117 1840 1148 l’endroit
1853 1117 1984 1154 ordwne‘,
2009 1118 2080 1156 ainfi
2090 1117 2161 1158 qu’il
2181 1118 2217 1157 est
2232 1123 2348 1160 marque‘
2359 1124 2396 1149 ci-

1333 1155 1438 1196 deffies,
1456 1155 1493 1190 ἔγ
1502 1155 1527 1195 fi
1540 1156 1683 1196 quelqu’un
1697 1157 1861 1194 entreprend
1871 1157 1903 1186 de
1907 1154 1988 1194 faire
2001 1156 2113 1199 quelque
2131 1157 2204 1194 chose
2224 1162 2359 1188 contraire
2376 1159 2395 1187 ἃ

1334 1203 1404 1225 cette
1419 1195 1608 1233 ordonnance,
1624 1194 1755 1235 qu’ilfhit
1765 1199 1833 1233 puni
1843 1204 1897 1234 par
1913 1206 1950 1224 un
1963 1196 2200 1262 empZiJonnement
2215 1198 2316 1234 e‘trot't,
2325 1198 2396 1236 sans

1336 1234 1395 1264 btre
1411 1234 1495 1262 admis
1510 1235 1528 1262 d
1543 1237 1667 1271 cantion,
1684 1235 1789 1263 durant
1804 1233 1828 1263 le
1845 1232 2003 1272 bon-plaifir
2038 1245 2051 1262 e
2067 1234 2103 1264 Sa
2126 1234 2248 1272 Majeste
2261 1258 2272 1273 ,
2297 1246 2329 1265 ou
2342 1244 2396 1274 par

1337 1272 1448 1313 quelque
1462 1280 1543 1302 autre
1559 1272 1711 1302 chdtiment
1718 1270 1800 1311 silon
1816 1272 1846 1302 la
1861 1279 1960 1303 nature
1972 1272 2004 1301 de
2023 1271 2156 1310 l'offense:

1375 1352 1417 1379 Et
1428 1358 1496 1388 pour
1510 1348 1645 1389 empisscher
1659 1360 1709 1389 que
1723 1349 1846 1391 quelques
1856 1349 1998 1388 perfimnes
2011 1348 2131 1378 malades
2145 1348 2178 1378 de
2193 1353 2350 1388 contagion,
2363 1361 2398 1381 ou

1337 1388 1538 1429 quelques-unes
1551 1389 1583 1418 de
1597 1388 1667 1418 leurs
1680 1388 1806 1418 Famillex
1823 1399 1855 1418 ne
1870 1392 2003 1418 vlennent
2017 1387 2035 1416 ἃ
2040 1388 2130 1425 fortir
2141 1410 2151 1425 ,
2181 1387 2220 1422 &
2240 1396 2340 1418 mettre
2359 1389 2399 1419 let

1338 1435 1428 1457 autres
1453 1439 1486 1457 en
1509 1427 1610 1465 danger
1625 1451 1635 1466 ,
1669 1425 1708 1461 &
1726 1435 1798 1495 1{our
1826 1431 1916 1457 mieux
1943 1426 2050 1456 arrdter
2070 1426 2098 1455 la
2127 1430 2266 1463 contagion
2290 1436 2346 1466 par
2368 1427 2398 1458 la

1334 1476 1415 1504 grace
1428 1467 1460 1496 de
1475 1469 1564 1503 Dieu,
1586 1466 1622 1496 Sa
1644 1464 1723 1504 Maje
1748 1465 1766 1496 ἑ
1778 1477 1797 1495 a
1813 1466 1936 1496 ordonne'
1949 1469 2079 1495 certaines
2098 1465 2261 1504 reglemens,
2279 1470 2324 1506 qui
2339 1467 2396 1496 doi-

1339 1513 1410 1535 vent
1423 1505 1482 1535 §tre
1490 1506 1617 1544 prescrits
1627 1512 1681 1542 par
1691 1503 1744 1544 an
1767 1503 1874 1544 Confiil
1885 1527 1895 1542 ,
1926 1502 1965 1539 όν
1979 1504 2103 1543 obfirve‘s
2115 1512 2167 1541 par
2182 1503 2208 1533 le
2222 1505 2300 1535 Lord
2316 1505 2395 1535 Mai-

1337 1554 1370 1612 ἓῑ
1384 1543 1490 1613 {00er
1506 1542 1544 1573 les
1559 1551 1650 1574 autres
1673 1542 1795 1583 Officiers
1816 1543 1862 1574 des
1879 1543 1999 1574 endroits
2012 1543 2164 1581 privilegii&
2183 1554 2240 1573 aux
2268 1548 2400 1575 environs

1437 1593 1456 1613 11
1477 1592 1527 1613 res.

1375 1661 1480 1690 Donne‘
1499 1660 1518 1688 a
1546 1666 1624 1690 notre
1649 1657 1777 1692 Chateau
1800 1659 1837 1691 de
1860 1659 2000 1692 Windsor
2024 1659 2047 1690 le
2074 1660 2102 1690 6.
2121 1659 2234 1691 d'Aout
2252 1671 2285 1691 en
2303 1660 2333 1691 la
2353 1668 2399 1700 35.

1340 1701 1425 1729 anne'e
1438 1699 1471 1729 de
1483 1706 1561 1730 notre
1575 1702 1671 1737 Regne.

2029 1776 2085 1808 Per
2103 1777 2191 1815 ipsam
2210 1776 2365 1817 Reginam.

1343 1904 1516 1942 Fridericus
1550 1907 1667 1941 Elector
1701 1907 1859 1940 Palatinus
1881 1904 1926 1939 ad
1946 1908 2091 1952 Reginam
2115 1920 2126 1947 3
2167 1909 2259 1954 fhper
2279 1908 2403 1943 horren.

1387 1955 1443 2040 2125
1481 1954 1681 2004 Dogmatibus
1718 1968 1789 1990 cum
1831 1955 2014 2001 Refhrmatis
2045 1956 2179 2000 Ecclefiis
2199 1956 2404 2006 *discrepanti-

1343 2091 1546 2150 SEreniffima
1565 2095 1671 2131 Regina
1688 2095 1811 2123 Domina
1830 2091 1868 2127 ᾤ’
1885 2091 2091 2132 Consanguinea
2111 2092 2262 2132 chariffima
2276 2116 2286 2132 ,
2322 2094 2406 2127 Sere-

1353 2172 1360 2178 .
1400 2133 1480 2202 nffiti
1497 2131 1598 2163 vestrae
1616 2131 1717 2171 Regiae
1732 2130 1842 2162 Officia
1862 2140 1926 2162 mea
1943 2132 1977 2163 &
1996 2131 2142 2170 obsequia
2162 2142 2232 2163 cum
2240 2132 2405 2167 Observan-

1338 2180 1378 2204 tla
1397 2181 1417 2201 o
1461 2182 1505 2202 ro.

1384 2209 1430 2241 Ex
1443 2210 1545 2241 Literis
1557 2212 1721 2240 Serenitatis
1735 2207 1834 2249 vestrae
1843 2231 1852 2247 ‚
1870 2209 2014 2249 superiore
2026 2207 2128 2240 Mense
2138 2209 2232 2248 Aprili
2246 2210 2279 2241 ad
2296 2221 2343 2242 me
2356 2212 2408 2244 da-

1346 2251 1396 2288 tis,
1424 2249 1566 2288 intellexi,
1590 2248 1620 2280 in
1640 2258 1724 2287 quarn
1747 2248 1922 2278 Sententiam
1947 2251 2084 2278 Serenitas
2104 2247 2198 2286 vestra
2214 2248 2404 2282 Illustriffimo

1343 2289 1490 2327 Principi‚
1509 2288 1626 2325 Agnato
1642 2297 1710 2318 meo
1723 2286 1904 2326 chariffimo,
1922 2286 2043 2324 Philippo
2059 2287 2204 2317 Ludovico
2228 2291 2326 2318 comiti
2346 2291 2407 2320 Pa·-

1345 2327 1435 2358 Iatino
1448 2327 1625 2364 Rheni,&c.
1643 2326 1679 2357 de
1694 2325 1758 2356 Lite
1776 2326 1848 2356 mihi
1862 2325 1891 2354 in
1909 2324 1971 2362 ipsis
1987 2324 2213 2356 Gubernationis
2230 2337 2304 2358 meae
2318 2328 2410 2368 auspi-

1344 2368 1415 2404 ciis,
1440 2366 1520 2397 mota
1535 2367 1568 2397 &
1581 2365 1674 2396 adhuc
1690 2363 1890 2400 controversa,
1915 2364 2051 2401 scripserit
2066 2375 2076 2402 3
2100 2363 2272 2404 Ipsumque,
2294 2374 2326 2397 ut
2339 2374 2404 2398 tum

1346 2405 1412 2436 Mei
1428 2414 1493 2436 turn
1508 2404 1667 2444 Religionis
1680 2414 1713 2434 ac
1722 2403 1845 2441 publicae
1859 2401 2038 2433 Concordiae
2051 2404 2191 2434 rationem
2203 2404 2331 2443 haberet,
2338 2415 2404 2444 pru-

1345 2444 1444 2475 denter
1457 2444 1654 2481 admonuerit,
1672 2444 1706 2474 ὃς
1721 2441 1788 2480 quid
1802 2440 1924 2472 vicissim
1947 2440 1990 2480 Is,
2008 2441 2044 2472 de
2064 2441 2116 2471 suis
2137 2451 2204 2480 erga
2223 2446 2404 2474 serenitatem

1345 2483 1466 2522 vestram
1478 2481 1608 2519 Officiis,
1630 2483 1661 2511 in
1675 2491 1723 2511 me
1735 2480 1850 2510 summo
1867 2480 1977 2510 Amore
1991 2479 2145 2518 Dignitatis
2160 2491 2234 2512 meae
2249 2491 2333 2520 atque
2340 2482 2404 2514 Sta-

1346 2520 1392 2551 tus
1406 2521 1502 2552 tuendi
1518 2519 1611 2550 studio
1622 2541 1632 2558 ,
1649 2529 1682 2549 ac
1697 2519 1827 2549 Paternae
1843 2518 2005 2554 Religionis
2019 2519 2048 2548 in
2064 2517 2220 2549 Palatinam
2229 2521 2403 2552 conservan-

1343 2560 1389 2590 dae
1404 2559 1606 2594 sollicitudine,
1625 2557 1747 2595 denique
1761 2556 1797 2586 de
1810 2556 1958 2586 horrendis
1969 2555 2154 2595 quibusdam,
2172 2567 2242 2588 cum
2258 2558 2402 2599 Augusta-

1343 2609 1381 2628 na
1401 2597 1485 2638 Confi
1503 2608 1562 2627 ione
1585 2594 1812 2634 Reformatisque
1833 2594 1964 2637 Ecclesiis
1987 2594 2222 2634 discrepantibus,
2250 2594 2405 2636 Dogman'-

1346 2637 1416 2675 bus,
1434 2639 1465 2667 in
1512 2637 1615 2667 itiones
1629 2644 1704 2666 meas
1716 2635 1792 2664 nove
1809 2632 1979 2664 introductis
1994 2632 2167 2670 responderit
2182 2635 2215 2665 &
2230 2636 2405 2677 conquestus

1340 2675 1436 2706 fuerit:

1379 2714 1497 2754 Qibus
1509 2713 1656 2752 perleetis,
1674 2711 1761 2741 fateor
1777 2711 1907 2741 animum
1923 2719 2021 2741 meum
2045 2710 2123 2741 varie
2141 2709 2278 2743 affictum
2303 2712 2405 2753 fuistin

1344 2753 1394 2783 hic
1409 2754 1489 2783 enim
1503 2762 1564 2782 non
1581 2751 1682 2789 parurn
1697 2759 1744 2779 me
1759 2749 1942 2788 commovit,
1959 2748 2097 2787 ejusmodi
2113 2759 2160 2781 me
2175 2751 2249 2788 apud
2263 2755 2401 2782 Serenita-

1345 2798 1401 2821 tem
1413 2791 1534 2832 vestram
1551 2790 1741 2820 insimulatum
1756 2797 1869 2826 rerum,
1887 2796 2007 2826 quarum
2024 2786 2168 2827 Culpam,
2185 2790 2206 2820 11
2220 2791 2258 2821 ita
2271 2790 2298 2821 se
2313 2791 2403 2822 habe-

1345 2840 1425 2868 rent,
1444 2831 1496 2861 toti
1513 2828 1649 2860 Ecclefiae
1669 2826 1884 2865 depraecandam
1901 2834 2049 2864 putarem,
2066 2826 2129 2857 istic
2144 2830 2215 2858 vero
2229 2838 2277 2858 me
2295 2839 2405 2861 recrea—

1344 2870 1388 2900 vit
1403 2871 1565 2899 serenitatis
1579 2867 1677 2906 vestre
1692 2865 1831 2904 singularis
1843 2874 1909 2902 erga
1925 2874 1973 2895 me
1986 2864 2211 2905 Benevolentiae,
2221 2868 2402 2907 undiquaque

1345 2917 1379 2938 ex
1401 2907 1457 2937 istis
1478 2907 1591 2938 Litteris
1612 2905 1814 2942 elucescentis,
1837 2903 2013 2941 testificati0‚
2037 2903 2092 2942 qua
2110 2904 2140 2934 fit
2161 2914 2191 2935 ut
2212 2915 2271 2936 non
2292 2907 2401 2944 poffim

1344 2956 1404 2976 non
1413 2969 1422 2984 ,
1442 2955 1495 2984 pro
1508 2954 1566 2976 tam
1578 2942 1775 2975 *amantissimis
1789 2942 2208 2980 admonitionibus,Serenitati
2222 2943 2321 2984 vestrae
2329 2945 2404 2976 Gra-

1342 2986 1393 3016 tias
1412 2994 1491 3024 agere
1517 2983 1740 3022 quammaximas
1758 2994 1768 3020 3
1805 2981 1861 3012 Sed
1888 2981 1974 3019 longe
1992 2982 2019 3011 se
2038 2990 2079 3010 res
2095 2981 2171 3012 aliter
2190 2983 2294 3014 habent
2311 2985 2401 3022 quam

1343 3026 1467 3062 Princeps
1494 3022 1630 3061 Philippus
1655 3021 1812 3051 Ludovicus
1836 3020 1886 3050 sibi
1913 3019 2068 3057 persuaderi
2080 3020 2179 3089 <passus
2195 3020 2236 3051 est
2254 3044 2264 3060 ,
2301 3024 2335 3054 &
2353 3026 2400 3052 Se-

1341 3070 1446 3093 renna:
1471 3060 1564 3101 vestra
1590 3071 1650 3092 non
1674 3060 1736 3091 satis
1760 3059 1864 3090 certior
1883 3059 1958 3089 facta
1975 3058 2032 3088 effe
2049 3059 2079 3089 vi
2100 3067 2159 3089 etur
2185 3059 2221 3090 de
2239 3061 2273 3091 iis
2289 3083 2300 3099 ,
2337 3071 2402 3099 quae

1341 3103 1414 3132 inter
1439 3100 1625 3139 Evangelicos
1650 3100 1679 3129 in
1699 3099 1856 3129 Germania
1872 3097 1961 3128 hodie
1986 3096 2086 3135 fiunt,
2123 3098 2144 3127 it
2180 3108 2215 3129 ue
2236 3109 2300 3129 rem
2318 3100 2397 3140 paul-

1339 3140 1371 3171 lo
1387 3141 1481 3177 altius,
1501 3149 1588 3178 quam
1606 3137 1776 3176 paucissimis
1792 3145 1890 3167 tamen
1908 3135 2108 3174 repetendam,
2123 3137 2177 3166 exii
2194 3138 2296 3168 imavi:

1377 3179 1423 3209 Ac
1444 3178 1508 3209 sane
1529 3187 1589 3208 non
1610 3175 1739 3213 inficior,
1764 3175 1798 3206 &
1823 3174 1946 3205 eundem
1967 3174 2116 3211 Agnatum
2139 3184 2255 3214 meum,
2272 3175 2397 3214 aliosque

1343 3216 1581 3253 Consanguineos
1593 3215 1757 3252 Principes,
1774 3215 1790 3243 a
1806 3212 1906 3244 Morte
1918 3223 1978 3243 non
1999 3212 2092 3243 solum
2115 3212 2239 3244 Parentis
2261 3214 2401 3244 Ludovici

1343 3255 1495 3293 Elecroris,
1511 3254 1556 3284 sed
1569 3254 1656 3284 etiam
1672 3253 1766 3283 Patrui
1781 3253 1815 3284 &
1829 3252 1947 3282 Tutoris
1958 3250 2081 3290 Joannis
2102 3251 2241 3291 Cafimiri‚
2259 3253 2353 3283 utrius
2367 3263 2401 3284 ue

1344 3296 1434 3326 beatae
1459 3293 1624 3331 memoriae,
1647 3292 1746 3329 saepius
1765 3291 1799 3322 &
1821 3291 1947 3329 pluribus
1960 3291 2053 3321 verbis
2068 3290 2140 3319 mihi
2153 3289 2283 3320 auctores
2297 3290 2339 3321 fui
2364 3302 2397 3330 6,

1347 3344 1378 3365 ut
1390 3331 1511 3370 vestigia
1523 3331 1648 3363 Parentis
1661 3331 1694 3361 &
1709 3329 1847 3369 aliorum,
1865 3329 2019 3368 praesertim
2035 3328 2128 3366 quoad
2143 3327 2250 3360 Placita
2269 3328 2403 3366 Religio-

2446 2093 2513 2132 ιιι-,1,

256 3351 361 3376 renitas
385 3343 478 3383 vestra
501 3342 537 3372 de
561 3339 657 3370 nostro
683 3347 748 3378 erga
769 3336 795 3367 se
822 3335 953 3372 singulari
978 3335 1076 3376 animo
1101 3331 1130 3362 id
1156 3332 1206 3362 sibi
1225 3333 1310 3370 polli-

257 3394 353 3414 ceatur
371 3407 381 3422 ,
417 3381 498 3421 quod
524 3380 638 3418 ipsamet
663 3377 786 3414 dignum
818 3373 911 3404 nostra
935 3371 1116 3411 Cognatione
1149 3371 1183 3401 &
1210 3371 1313 3416 ⁸Prosp-

258 3422 309 3461 pia
325 3431 388 3460 erga
406 3431 467 3453 tarn
486 3416 713 3450 Potentisfimam
730 3411 1032 3449 Prudentiffimamque
1058 3408 1154 3455 Regni
1177 3408 1217 3439 sui
1243 3410 1316 3440 Mo-

260 3459 426 3491 deratricem
453 3459 587 3498 putabit,
624 3464 713 3494 quam
737 3452 813 3484 hisce
840 3453 900 3481 Deo
919 3452 1106 3488 Omnipotents
1126 3449 1315 3480 commenda-

260 3506 334 3528 mus.

1348 3374 1409 3410 nis,
1433 3370 1574 3408 sequerer,
1599 3376 1824 3406 revocaruntque
1840 3369 1911 3399 mihi
1931 3368 1963 3398 in
1978 3367 2149 3397 memoriam
2165 3366 2278 3397 Paterni
2299 3367 2403 3400 Testa-

1350 3410 1443 3442 menti
1461 3409 1605 3445 Tabulas,
1628 3408 1748 3446 quibus,
1772 3407 1840 3445 quid
1861 3408 1908 3438 ille
1930 3406 1966 3437 de
1988 3405 2142 3444 Religione
2166 3405 2230 3442 post
2250 3404 2406 3437 Excessum

1349 3449 1409 3481 fieri
1427 3448 1447 3467 ²*
1465 3447 1565 3485 vellet,
1583 3447 1688 3485 sanxit,
1705 3447 1842 3484 simulque
1858 3445 2030 3477 Discrimina
2045 3444 2086 3473 ob
2099 3444 2201 3474 oculos
2212 3444 2403 3483 posuerunt&
2420 3452 2441 3472 ιιι
2468 3454 2551 3488 XVL·

1351 3485 1562 3524 Incommoda,
1578 3486 1597 3516 si
1612 3487 1706 3516 minus
1721 3485 1764 3514 his
1777 3495 1889 3516 morem
1906 3492 2044 3526 gererem.
2148 3519 2153 3524 ·
2228 3520 2234 3525 ⁸
2449 3495 2511 3522 2¹⁶·

1388 3526 1463 3556 Haec
1475 3526 1568 3562 itaque
1582 3524 1643 3554 talia
1652 3547 1662 3562 ,
1679 3525 1695 3554 a
1709 3523 1855 3563 Sanguinis
1869 3519 2076 3564 necessitudine
2086 3519 2248 3557 conjunctis
2259 3520 2387 3560 profesta
2396 3545 2407 3562 ,

1354 3564 1432 3596 haud
1449 3564 1539 3594 flocci
1554 3563 1701 3601 facienda,
1716 3562 1761 3593 sed
1775 3572 1874 3593 meum
1890 3560 1946 3591 effe
1959 3559 2107 3602 arbitr-atus·
2125 3557 2207 3602 sum,
2220 3559 2357 3602 quidnam
2372 3562 2406 3592 il-

1353 3604 1404 3635 lud
1425 3602 1495 3633 esset
1515 3601 1551 3632 de
1577 3611 1654 3640 quo,
1678 3603 1751 3631 inter
1773 3600 1874 3632 Socios
1894 3598 2074 3636 Religionis,
2099 3605 2129 3640 ir)
2143 3595 2294 3635 Religione
2309 3599 2407 3631 minus

1355 3642 1541 3676 conveniret,·
1562 3640 1684 3679 quidque
1699 3639 1772 3669 mihi
1789 3638 1906 3670 tandem
1917 3636 2081 3678 faciendum
2097 3633 2237 3679 Videretur
2252 3636 2405 3676 investiga-

1354 3692 1384 3712 re
1399 3680 1569 3717 diligentius.
1607 3679 1651 3709 Ac
1664 3677 1838 3718 deprehendi
1851 3677 1914 3707 sane
1935 3674 2045 3712 statim,
2062 3683 2092 3702 in
2107 3674 2251 3703 nonnullis
2266 3674 2407 3714 Relligjo-

1353 3722 1396 3750 nis
1417 3717 1581 3756 Capitibus,
1605 3717 1680 3747 haud
1699 3719 1844 3754 vulgarem
1869 3713 2104 3756 Discrepantiam.
2141 3710 2213 3749 Qio
2230 3713 2336 3750 majore
2357 3716 2410 3747 ita-

1353 3768 1409 3796 que
1435 3757 1609 3786 Animorum
1625 3756 1841 3786 exacerbatione
1856 3752 2066 3782 Contentiones
2086 3748 2160 3792 illas,
2185 3749 2244 3793 astu
2261 3753 2404 3793 quodam,

1352 3794 1511 3828 efferbuisse
1524 3794 1608 3831 sensi,
1625 3797 1707 3824 tanto
1722 3793 1879 3824 accuratius
1893 3788 2098 3835 dispiciendum
2117 3787 2191 3817 m1h1
2207 3792 2318 3828 putavi,
2344 3801 2407 3824 utra

1352 3845 1415 3872 pars
1433 3835 1567 3863 niteretur
1583 3833 1784 3863 Fundamentis
1799 3832 1831 3861 &
1847 3830 1964 3860 Norma
1980 3826 2077 3863 Fidei,
2092 3835 2156 3863 quae
2177 3825 2241 3857 sunt
2255 3838 2406 3866 perpetuus

1352 3872 1592 3910 Propheticorum
1616 3872 1648 3901 &
1676 3869 1912 3908 Apostolicorum
1937 3864 2198 3907 Monumentorum
2229 3867 2376 3899 consensus
2393 3880 2404 3907 ς

1353 3923 1418 3952 quae
1434 3912 1504 3941 item
1520 3919 1554 3939 ex
1567 3910 1616 3939 illis
1630 3909 1744 3947 praedita
1756 3907 1825 3938 effer
1839 3906 1913 3936 notis
1925 3904 1980 3934 illis
1993 3901 2152 3947 certilsimis
2166 3905 2299 3939 genuinae
2314 3906 2406 3937 Relli-

1350 3950 1443 3990 gionis
1457 3947 1637 3986 Christianae,
1645 3947 1806 3983 Charitate,
1821 3941 2038 3975 Mansuetudine
2047 3964 2056 3979 ,
2071 3940 2205 3986 Pacisque
2218 3943 2251 3973 &
2267 3943 2405 3975 Concor-

1349 3991 1406 4020 diae
1427 3987 1530 4018 studio.
1572 3986 1620 4016 Sic
1643 3995 1708 4023 me,
1734 3985 1822 4014 ductu
1836 3982 1956 4017 divino,
1980 3980 2061 4010 facile
2076 3980 2281 4024 expedivip&
2295 3983 2403 4020 ample-

1355 4026 1489 4058 ctendam
1504 4024 1577 4055 mihi
1589 4024 1714 4061 judicavi
1727 4032 1790 4054 earu
1806 4020 1968 4059 Religionis
1983 4018 2174 4056 Doctrinam,
2192 4028 2238 4049 cui
2261 4021 2326 4052 haec
2339 4030 2405 4064 om-

2363 4069 2411 4089 nia

299 3573 375 3605 Data
389 3573 468 3604 cellis
484 3584 510 3613 7.
528 3571 650 3611 Augusti
669 3579 752 3611 1593.

577 3651 738 3680 serenitatis
757 3645 854 3686 vestrae

857 3719 1062 3760 Addic‘liffimus
1069 3741 1080 3757 ,

299 3801 429 3842 Ernestus
444 3825 453 3841 ,
484 3805 537 3833 Dei
554 3800 659 3833 Gratid
674 3824 684 3840 ,
712 3803 782 3830 Dux
800 3797 1044 3839 Brunswicenfium
1072 3806 1104 3825 ac
1124 3793 1319 3831 Luneburgen-

326 3841 397 3882 fium
406 3864 416 3879 ‚

694 3914 876 3945 Enussrus
894 3913 971 3944 Dux
990 3911 1104 3944 Baua.
1124 3916 1170 3940 ET
1191 3908 1282 3939 LuN.
