2557 4279
12 2075 32 2098 0
51 2076 135 2105 XVI.

32 2123 101 2153 344·

0 2285 130 2316 Biblcot-

668 179 778 221 ET
851 178 1117 220 ACTA
1189 158 1674 229 pumici.

1282 266 1588 313 Perjueundadenique
1602 271 1696 316 auditu
1710 273 1762 304 fuit
1778 277 1865 312 Regiae
1876 276 1932 314 [ἂι
1952 268 2098 316 Majel'lati
2113 276 2224 308 Sororia
2246 278 2290 308 i'lla
2308 276 2383 305 Arm.
2397 272 2437 304 D.-

1240 306 1416 350 Crarulano,
1428 309 1558 353 ¹pnffimo
1571 310 1712 353 sellettatis
1727 321 1798 342 voto
1815 315 1967 349 conjuncta
2004 325 2063 346 tam
2084 315 2181 353 Regio
2205 316 2286 345 Con-
2326 311 2411 349 1598.

1238 354 1320 388 jugio
1333 354 1447 382 optimis
1462 347 1601 383 Auipiciis
1615 349 1727 378 incoata
1740 350 1844 387 dicata,
1864 353 1948 388 quam
1962 338 2161 384 damnationis
2173 353 2286 384 Solem·
2303 349 2434 416 40REliz÷

2360 398 2398 424 eg.

0 267 71 300 Ann-
84 261 129 294 D·
174 267 268 301 Estoit
284 269 370 310 Signe
379 291 388 307 ‚

0 300 127 380 giga.

29 382 88 414 Reg.

298 345 387 376 Tno.
407 342 576 374 anm-on
596 339 633 372 C.
652 339 683 372 S.

297 383 402 414 Esssx.

295 421 531 452 NonoirAM.

297 459 339 489 G.
357 458 534 489 Hui-imon.

298 497 339 528 R.
357 496 498 526 Nomii.

297 536 337 565 T.
355 534 571 566 Bucaiiuasr.

299 573 354 604 W.
371 572 538 603 KNoLLYs.

300 611 447 642 Roma-r
466 610 614 641 CacrLL.

300 649 488 680 FORTEscu.

323 748 329 755 -
350 726 387 758 V.
402 727 675 758 Duvanvommz.

323 774 415 796 enan
437 772 507 795 van
526 762 877 792 OLDENBARNEVELT.

299 804 412 843 JEHAN
431 810 500 832 vAN
517 800 662 830 WARcK.

299 842 414 882 JEHAN
432 849 501 871 VAN
520 838 723 869 Horrmoi.

306 880 396 911 ΑΜΒ.
416 878 605 909 n’Hassisz.

304 918 405 949 Nom.
418 917 454 948 de
472 915 608 947 Canon.

190 992 234 1027 'Et
247 992 366 1025 cachette
378 993 414 1023 du
428 991 530 1022 cachet
546 990 680 1021 d'Armes
699 991 744 1020 des
765 989 828 1020 ditz
849 989 986 1026 Seigmurs
999 986 1034 1016 du
1054 983 1159 1025 Confiil
1169 984 1201 1013 de

148 1032 188 1073 121
204 1033 357 1072 Manis-ri:
367 1053 377 1068 ,
396 1029 434 1065 ὠ·
450 1032 494 1061 des
502 1029 615 1069 fi1sditz
630 1033 758 1069 Deputez
772 1029 818 1059 des
832 1030 969 1065 seigneurs
984 1025 1117 1056 EsTATz
1132 1023 1203 1053 GE-

152 1078 316 1102 NERAULX
333 1067 566 1109 rffec‘i‘ivement.

191 1146 279 1178 Nous
294 1155 379 1186 ayans
392 1147 532 1185 agreables
545 1154 606 1176 tous
623 1145 656 1176 &
671 1144 783 1175 chacun
799 1143 839 1174 les
846 1142 993 1186 Pointz&
1008 1140 1126 1184 Articltes
1133 1148 1205 1169 con-

150 1194 239 1217 tenuz
254 1185 288 1216 &
302 1186 434 1216 declaires
452 1195 487 1215 en
501 1185 542 1214 dit
555 1184 690 1222 Trastste,
709 1192 797 1213 avons
814 1182 904 1221 iceluy
922 1180 1039 1211 Traicte
1054 1177 1138 1209 ratifie
1153 1188 1204 1215 ap-

171 1234 258 1254 rouve
274 1225 307 1255 &
322 1222 479 1260 confirme,
497 1222 621 1253 ratifions
637 1231 821 1260 approuvons
836 1222 869 1252 &
892 1219 1068 1250 confirmons
1089 1227 1136 1254 par
1157 1225 1204 1259 ces

148 1234 310 1299 PresenteS,
328 1262 506 1292 Promettans
663 1270 728 1290 eans
737 1269 771 1289 en
787 1260 885 1289 bonne
900 1258 961 1297 Foy
976 1254 1204 1306 derl’accomplir

148 1302 184 1332 δε
195 1300 322 1331 satisfaire
336 1308 399 1330 tous
414 1301 447 1331 &
462 1300 573 1330 chacun
589 1299 626 1329 les
639 1299 838 1334 Pointz,p0ur
853 1297 956 1327 aultant
971 1306 1009 1333 qu
1021 1294 1039 1324 il
1053 1304 1125 1324 nous
1140 1302 1206 1324 tou-

149 1339 207 1370 che
336 1340 517 1369 contrevenir
533 1338 722 1370 direfiement
740 1346 779 1367 ou
794 1335 1009 1366 indiredtement
1035 1342 1072 1364 en
1087 1332 1206 1372 quelque

146 1377 222 1408 sorte
234 1387 273 1408 ou
286 1378 408 1407 maniere
422 1387 476 1415 que
486 1387 520 1408 ce
537 1377 600 1407 soit.

188 1453 235 1484 En
257 1452 419 1491 Tesmoing
441 1452 478 1483 de
499 1462 578 1494 quoy
603 1462 690 1482 avons
711 1451 781 1481 faict
803 1450 945 1488 appendre
968 1460 984 1479 a
1001 1458 1047 1479 ces
1066 1447 1209 1481 Psesentes

152 1492 248 1522 nostre
263 1491 364 1522 Grand
377 1491 457 1528 Seel,
475 1493 509 1524 &
524 1492 611 1537 signer
626 1500 676 1528 par
692 1489 785 1519 nostre
800 1489 926 1519 Greffier
942 1499 957 1518 a
973 1488 996 1518 la
1006 1490 1083 1525 Haye
1097 1497 1128 1516 en
1136 1486 1208 1516 Hol-

149 1529 248 1567 lande,
267 1529 292 1559 le
307 1530 472 1568 vingtiesme
487 1530 523 1560 de
537 1529 724 1566 septembre,
743 1528 810 1558 l’An
834 1527 893 1558 Mil
907 1528 976 1564 cinq
999 1534 1087 1556 centz
1111 1534 1207 1563 quatre

148 1569 249 1608 vingtz
261 1567 397 1599 dixhuict.

881 1641 908 1681 J.
928 1641 1135 1673 Ho-rrmeffi

293 1721 352 1751 Par
370 1720 551 1751 Ordonnance
568 1721 613 1751 des
630 1720 706 1751 diblz
725 1722 863 1758 Seigneurs
882 1717 986 1758 Estatz
1003 1719 1171 1750 Generaulx.

1029 1795 1207 1832 AERssENS.

190 1872 246 1904 Sub
261 1872 351 1912 Sigillo
373 1874 510 1905 Ordinum
534 1874 621 1913 Belgis·
641 1875 673 1905 de
689 1877 758 1906 Cera
773 1873 855 1905 rubea
873 1874 1008 1913 pendente
1023 1872 1109 1914 afilis
1117 1872 1211 1911 sericis

223 1911 263 1948 ό
276 1917 407 1951 argenteis
427 1916 597 1943 intertextis.

173 2057 202 2085 *ἓ
229 2058 288 2094 Ad
309 2064 460 2109 Reginam
483 2064 551 2096 Rex
574 2065 702 2105 Danu,
726 2063 817 2109 fitper
840 2061 1035 2110 Ambaffizgio
1058 2059 1186 2106 Christo-

556 2110 645 2158 pheri
667 2110 814 2158 Parking.

256 2194 422 2237 Sereniffima
435 2197 561 2236 Princeps
577 2195 777 2236 Confinguinea
791 2194 829 2233 ό
845 2199 924 2229 Soror
940 2196 1109 2239 chariffimag

151 2271 289 2328 REdiit
304 2273 338 2304 ad
352 2273 423 2305 Nos
443 2273 609 2306 clariffimus
631 2274 683 2306 Vir
705 2275 854 2306 Dominus
877 2274 994 2306 Doc'tor
1014 2273 1214 2315 christopherus

228 2312 350 2350 Parking
367 2322 437 2343 cum
451 2312 553 2343 Literis
573 2313 736 2344 Serenitatis
759 2314 876 2352 vestrae,
902 2315 1004 2351 quibus
1026 2314 1111 2352 plene
1133 2314 1213 2344 illum

127 2385 134 2392 ,
153 2351 326 2385 ἰηίὶτυᾶιιττι
348 2350 405 2381 effe
424 2349 460 2381 ad
480 2351 561 2388 hujus
584 2351 750 2389 Legationis
765 2352 873 2383 Munus
888 2352 1056 2382 obeundum
1077 2352 1216 2383 intellexi—

154 2401 234 2429 mus,
259 2399 347 2428 quem
368 2389 401 2420 δε
422 2388 625 2427 libentissime,
650 2389 811 2421 Serenitatis
827 2390 927 2422 vestrae
942 2391 1079 2427 nomine,
1104 2390 1216 2421 audivi-

154 2441 236 2467 mus,
255 2429 307 2467 &,
327 2428 368 2458 uti
382 2436 466 2458 tantae
481 2427 621 2465 Principis
634 2435 678 2458 tot
693 2429 827 2467 tantisque
842 2430 1009 2459 nominibus
1021 2428 1106 2460 nobis
1114 2439 1217 2459 cumu-

153 2469 294 2500 latifflmae
308 2467 341 2497 &
356 2465 553 2496 amantiffimae
564 2467 677 2504 decuit,
696 2476 787 2505 quum
800 2468 849 2498 diu
864 2468 913 2499 hic
937 2467 1072 2505 substitit,
1092 2467 1216 2507 benigne

154 2507 324 2544 habuimus;
340 2505 376 2535 de
391 2504 490 2535 Literis
499 2506 584 2535 etiarn
600 2505 683 2536 nobis
696 2505 852 2542 plurimum
867 2507 1100 2544 gratulatiffimis,
1119 2516 1217 2538 amore

151 2547 188 2577 δε
204 2544 411 2576 benevolentiae
425 2542 578 2575 affectione
592 2543 793 2583 refertiffimis3
809 2545 860 2575 hiis
874 2545 998 2583 denique
1013 2547 1172 2577 constantis
1186 2556 1216 2576 a-

158 2585 280 2615 micitiae
302 2581 435 2619 Indiciis,
460 2591 524 2621 qtiae
543 2583 642 2612 vivam
664 2583 822 2621 imaginem
836 2584 925 2613 animi
942 2584 1102 2615 Serenitatis
1118 2584 1217 2616 vestrae

156 2623 264 2660 optimi
278 2622 311 2653 &
324 2620 431 2651 Sororii
446 2620 529 2650 nobis
544 2620 703 2651 indubitate
711 2621 814 2652 referre
827 2622 987 2661 potuerint3
1006 2623 1075 2654 Nos
1091 2624 1216 2655 viciffim

153 2661 185 2692 in
208 2671 245 2691 eo
266 2661 334 2690 totis
348 2659 453 2690 viribus
470 2660 688 2697 incumbamus,
706 2670 741 2690 ne
758 2661 834 2699 quod
849 2660 883 2690 ad
903 2662 1008 2698 optimi
1030 2663 1129 2693 Amici
1153 2662 1218 2692 Fra-

153 2700 200 2730 tris
213 2701 246 2731 &
263 2696 478 2735 Consanguinei
499 2695 650 2728 fidelissimi
669 2707 760 2735 partes
780 2699 902 2738 spectare
926 2699 1070 2731 videbitur
1090 2702 1120 2731 in
1136 2701 1219 2731 nobis

153 2736 300 2768 defideiari
313 2746 439 2775 unquam
453 2735 546 2775 poffit.

194 2776 244 2807 De
264 2775 317 2805 hac
338 2775 457 2805 fraterna
472 2775 506 2806 δε
521 2775 731 2813 promptissima
747 2775 841 2807 nostra
858 2775 1013 2809 affeeuone
1028 2777 1100 2808 baud
1115 2777 1217 2815 dubio,

160 2824 214 2854 pro
235 2813 357 2844 candore
379 2815 412 2844 &
433 2814 591 2851 integritate
614 2815 677 2852 sua,
711 2814 818 2852 plenius
840 2824 937 2846 coram
957 2816 1110 2847 Serenitate
1132 2815 1222 2846 vestra

160 2852 306 2882 testabitur
323 2852 408 2882 nobis
423 2852 566 2889 imprimis
579 2852 697 2883 dileetus
717 2854 835 2891 (magnae
851 2857 988 2893 Dominae)
1010 2855 1146 2894 Legatus;
1172 2856 1221 2885 cui

161 2891 237 2921 circa
255 2900 304 2927 ea,
323 2900 386 2928 quae
399 2890 450 2934 liic
465 2890 527 2920 aeta
542 2890 621 2929 sunt,
635 2899 665 2922 ut
678 2891 751 2922 Viro
768 2902 852 2930 quam
867 2894 982 2930 optimo
992 2917 1001 2933 ,
1019 2893 1107 2924 fidem
1123 2894 1220 2924 haberi

159 2937 335 2967 peramanter
349 2936 480 2972 petimus.

199 2966 264 2996 Hiis
280 2967 427 2997 Serenitati
444 2966 543 2997 vestrae
558 2967 721 3007 longaevam
739 2970 772 3000 &
791 2969 981 3002 suavissimam
1004 2971 1131 3009 corporis
1145 2971 1224 3001 vale-

165 3005 293 3035 tudinem
302 3026 312 3041 ,
328 3004 493 3041 Rerumque
506 3007 537 3036 &
555 3005 728 3044 Regnorum
741 3008 856 3038 suorum
865 3008 965 3039 statum
974 3009 1223 3048 exoptatissimum,

163 3044 180 3074 *a
195 3042 263 3073 Deo
278 3042 307 3071 O
329 3044 404 3072 tirno
419 3042 552 3072 Maximo
566 3053 629 3074 toto
645 3046 742 3074 animo
757 3056 905 3083 precamur
926 3048 1031 3080 Eidem
1054 3058 1143 3079 omne
1166 3049 1224 3078 stu-

161 3080 244 3112 dium
259 3090 298 3111 no
327 3090 391 3111 rum
405 3089 579 3118 peramanter
591 3082 756 3114 deferentes.

165 3233 341 3282 Responsitm
368 3234 640 3280 Commiffizriorum
672 3235 848 3279 Sereniffimi
879 3249 915 3270 ac
941 3237 1131 3282 Potentiffimi
1164 3244 1223 3274 Re-

205 3287 256 3331 gis
287 3286 388 3315 Daniae
410 3284 585 3330 Noruegiae,
603 3287 666 3321 &a
691 3285 734 3318 ad
753 3298 788 3318 ca
814 3298 875 3333 quae
899 3287 1080 3330 Sereniffimae
1103 3300 1140 3321 ac
1164 3293 1222 3323 Po-

211 3330 368 3374 tentiffimae
394 3334 505 3377 Reginae
532 3331 641 3377 Angliae
662 3336 791 3366 Francia
817 3339 853 3374 ὠ
876 3334 1025 3369 Hibernia:
1049 3336 1135 3369 Fidei
1160 3341 1226 3371 De-

206 3381 378 3426 fenfitericis
400 3382 553 3426 Legatus‚
578 3382 737 3426 Generosits
761 3385 907 3416 Dominus
931 3388 1008 3417 Baro
1035 3385 1228 3419 Edowardus

216 3427 381 3469 Zachaeus,
405 3440 459 3475 per
482 3428 688 3475 JMagniflcum
715 3433 875 3465 Oratorem
901 3436 1026 3480 Regium
1057 3436 1226 3467 Dominum

212 3475 449 3523 Christophorum
475 3478 689 3525 Parchingium
708 3481 866 3526 proposuit.

23 3581 155 3611 Biston·
170 3575 391 3632 SErenissimus
405 3577 482 3612 Rex,
500 3582 530 3604 ut
543 3574 683 3605 Fraternae
698 3574 872 3606 Dileffionis
894 3576 1026 3608 Studium
1044 3581 1077 3611 ὃς
1093 3579 1227 3611 constan-

24 3625 157 3696 {aalys
174 3655 282 3695 guineae
303 3653 336 3684 &
360 3652 458 3682 Sorori
472 3653 526 3681 suae
541 3650 753 3689 amantiffimae,
776 3653 896 3689 probare
914 3655 1013 3693 poffit,
1040 3657 1112 3686 nihil
1124 3667 1227 3688 eorum

21 3703 91 3730 ⁴¹95·

224 3616 258 3646 tis
278 3615 423 3645 Amicitiae
439 3614 577 3649 Vigorem
592 3635 600 3651 ,
627 3613 813 3644 Sereniffimae
834 3618 942 3652 Regma?
963 3617 1075 3654 Angliae
1096 3618 1227 3649 Consan-

175 3692 282 3731 prorsus
295 3691 455 3721 intermittit
472 3700 535 3728 quae
551 3690 585 3719 ad
609 3690 709 3720 sincer'r
722 3691 837 3721 Amoris
853 3691 962 3721 cultum
987 3696 1097 3732 ejusque
1114 3696 1227 3725 conser—

170 3732 312 3761 vationem
327 3730 465 3769 pertinere
480 3737 600 3766 queant,
616 3729 695 3766 cujus
708 3738 767 3759 non
781 3728 933 3759 obscurum
946 3731 1088 3768 judicium
1098 3756 1106 3771 ‚
1116 3735 1226 3771 magni—

171 3769 232 3799 ficis
249 3768 383 3798 Dominis
399 3769 512 3803 Legatis
525 3768 723 3804 presentibus,
742 3767 875 3797 exhibere
888 3770 1011 3807 censuit,
1030 3771 1139 3801 summa
1156 3782 1225 3802 cum

170 3808 306 3837 alacritate
319 3807 407 3836 animi
420 3806 606 3836 exauditionis
619 3805 782 3835 ciuffimam
803 3807 892 3843 (quod
908 3806 964 3836 fieri
981 3812 1105 3839 maxime
1121 3812 1226 3846 potuit>

174 3843 427 3874 Commoditatem
443 3844 600 3874 clementer
614 3843 786 3878 deferendo‚·
797 3854 920 3881 quorum
935 3845 1086 3882 diligenter
1101 3858 1134 3877 ac
1143 3858 1227 3877 com-

177 3882 308 3912 mendate
323 3883 458 3919 expositas
472 3882 720 3918 Commiffiones,
741 3882 868 3911 dilucido
884 3884 921 3912 sui
936 3883 1025 3914 senius
1040 3894 1136 3915 tenore
1151 3888 1226 3923 opti-

180 3921 229 3949 me
245 3920 393 3957 intellexit,
412 3922 444 3951 &
457 3922 590 3958 plurimas
601 3922 657 3958 agit
674 3921 787 3951 Gratias
801 3921 841 3949 ob
857 3923 1026 3961 Sereniffimae
1041 3928 1148 3961 Reginae
1159 3924 1229 3954 No-

178 3959 257 3986 mine
269 3958 466 3989 denunciatam
484 3959 687 3989 Salutationem
700 3981 708 3996 ,
728 3968 813 3996 quarn
837 3959 953 3988 sumu-:ne
976 3962 1074 3992 Salutis
1098 3963 1230 3994 relatione

177 4004 350 4036 peramanter
365 3996 398 4026 &
410 3996 530 4027 fraterne
548 3998 739 4035 prosequitur,
758 4007 880 4034 eamque
892 3998 1127 4029 desideratiffimae
1143 4001 1231 4030 Soro-

178 4035 200 4076 ri
215 4033 416 4077 suaeredderej,
433 4044 464 4079 ut
481 4035 635 4074 Magnifici
649 4036 771 4066 Domini
787 4036 888 4074 Legati
906 4036 1054 4075 diligenter
1069 4038 1157 4069 velint
1179 4049 1233 4069 cu-

174 4080 215 4109 pit
232 4081 314 4108 quim
331 4081 464 4102 maxime.

205 4113 276 4139 Tum.
294 4112 358 4141 Vll.
374 4111 404 4139 P.
422 4113 445 4139 I.

2221 208 2297 248 203

1242 390 1323 426 nitati
1348 383 1484 427 perastae,
1510 385 1586 421 quod
1610 389 1680 416 vero
1697 387 1816 417 honoris
1834 390 1866 418 &
1881 392 2128 428 congratulationis
2145 401 2233 431 ergo,
2251 391 2286 422 ad

1241 420 1329 451 dicitas
1345 421 1497 466 Nuptniales
1517 423 1549 453 ὃς
1568 422 1770 455 Coronationis
1798 426 1991 458 Solemnitates
2013 433 2096 466 Regia
2112 431 2166 467 fica
2195 432 2292 467 Map-

1239 458 1298 497 ssas
1313 469 1370 489 non
1385 460 1559 504 sit-imitata,
1574 461 1646 491 nulla
1659 462 1698 493 sui
1710 464 1858 494 oblivione
1867 465 1973 495 factum
1990 467 2095 498 soi-one
2107 470 2230 498 arbitrari
2239 469 2290 506 ,&

1241 506 1403 542 temporum
1419 499 1652 531 incommoditati
1668 522 1678 538 ‚
1705 501 1877 538 expeditioni
1891 503 1923 531 ad
1938 506 2046 540 Regiam
2054 506 2135 542 jisam
2154 506 2291 545 Majesla-

1242 536 1497 579 temtinstituendae
1519 538 1629 574 prorsus
1649 541 1814 576 contrariae,
1839 539 1950 577 aliisque
1972 542 2066 571 multis
2080 545 2291 581 impedimentis

1245 573 1381 604 ascribere
1395 576 1478 610 velit,
1496 575 1713 613 perhonorificae
1727 586 1822 607 tamen
1837 578 1918 615 hujus
1942 578 2146 611 Declarationis
2167 584 2289 613 nomine

1244 611 1367 642 summas
1381 615 1437 651 agit
1450 612 1561 644 Gratias
1574 618 1658 652 Regia
1671 614 1820 655 Majestar,
1837 625 1870 646 ac
1885 616 1903 645 si
1926 615 1985 653 ipso
2005 617 2084 647 iaeto
2103 619 2268 651 constitisset
2278 644 2288 659 ,
2307 617 2327 636 '¹‘
2355 616 2439 647 XVL‘

1242 651 1276 680 &
1302 650 1483 720 sui‘iiirtnopere
1504 661 1584 692 rogat
1606 661 1637 684 ut
1659 653 1726 683 huic
1750 654 1769 673 *Ξ
1794 654 1963 684 excusationi
1989 655 2162 688 Sereniffima
2180 659 2293 697 Regina

1241 698 1335 719 conce
1356 699 1370 719 a
1385 713 1391 718 .

1281 726 1331 757 De
1344 736 1466 764 caetero,
1484 727 1518 759 ad
1534 727 1710 759 Officiorum
1724 730 1757 760 &
1771 728 1933 760 Studiorum
1947 730 2204 763 excellentissimam
2212 735 2293 765 obla-

1244 765 1356 796 tionem
1372 766 1448 804 quod
1463 768 1577 805 attinet,
1586 768 1747 835 (gratissima
1759 768 1821 798 sane
1834 768 1903 798 facit
1918 771 2005 806 Regiae
2012 768 2075 807 ficae·
2087 771 2243 810 Majcstati‚
2254 775 2287 803 ὃς

1246 805 1414 846 pervetustae
1434 804 1584 835 Necessitu
1607 806 1674 844 inis,
1702 816 1767 844 quae
1789 805 1875 836 Divis
1897 805 2054 844 Majoribus
2069 807 2119 837 suis
2132 818 2198 838 cum
2212 810 2291 841 Sere-

1245 841 1357 872 nissima
1376 847 1480 881 Regina
1503 843 1618 881 Angliae
1633 844 1800 882 interceffit,
1825 845 1947 875 minime
1962 845 2056 875 dubiae
2075 845 2296 882 significationis

1244 883 1381 917 perpetuo
1401 891 1535 919 memor,
1558 881 1628 912 nihil
1648 892 1773 921 unquam
1794 892 1895 913 eorum
1915 885 2103 921 intermittet,
2127 887 2189 922 quae
2200 885 2235 915 ad
2249 886 2296 915 fo-

1244 918 1371 950 vendam
1390 921 1423 952 &
1442 920 1666 950 continuandam
1682 943 1692 959 ,
1729 921 1901 952 haereditario
1916 923 1978 960 jure
1995 922 2046 952 sibi
2071 922 2199 953 reliCtam
2217 946 2226 961 ,
2263 925 2298 955 &

1244 957 1317 1024 guasi
1342 967 1392 995 per
1416 967 1515 989 manus
1537 957 1667 990 traditam
1685 981 1696 997 ,
1733 959 1901 991 Amicitiam
1920 960 2059 998 pertinere
2076 962 2198 992 omnino
2223 963 2302 993 vide*=

1266 1002 1357 1026 untur.
1431 1026 1433 1029 ,

1286 1033 1451 1073 Legationis
1465 1030 1584 1064 demum
1600 1035 1681 1074 hujus
1695 1036 1855 1076 magnificae
1869 1047 1929 1078 pars
1947 1047 2060 1076 quoque
2072 1038 2142 1077 fuit,
2167 1046 2198 1069 ut
2216 1037 2300 1069 Mer-

1248 1078 1381 1113 catorum
1399 1072 1576 1110 quorundam
1591 1073 1756 1112 Anglorum
1771 1075 1889 1114 Causae,
1909 1077 2030 1106 nomine
2042 1076 2229 1107 Sereniffimae
2241 1077 2300 1107 Re÷

1248 1117 1326 1145 ginae
1342 1111 1476 1154 Angliae,
1495 1120 1676 1155 peragantur3
1694 1113 1751 1143 Cui
1769 1124 1881 1152 quoque
1894 1115 2028 1154 Negotio
2048 1115 2141 1152 Regia
2159 1115 2301 1154 Mnjestae,

1248 1156 1282 1190 ex
1298 1147 1437 1180 Petitione
1454 1151 1672 1185 magnificorum
1689 1151 1887 1183 Dominorum
1911 1153 2104 1191 Legatorum,
2124 1153 2303 1185 Commina-

1250 1187 1485 1231 rioslcoiistitui't:
1509 1188 1710 1220 Mercatorum
1726 1192 1796 1220 vero
1811 1201 1911 1221 eorum
1929 1193 2116 1229 querimonia:
2138 1192 2207 1222 ctim
2231 1202 2304 1230 prae-

1250 1222 1372 1269 sentibus
1388 1225 1484 1269 Regiis
1492 1226 1666 1269 ,Consiliariis
1681 1228 1875 1259 exaudirentur
1890 1239 2071 1267 compertum
2084 1229 2142 1268 est,
2161 1230 2193 1260 &
2204 1231 2304 1268 procul

1249 1272 1333 1292 omni
1348 1259 1438 1294 dubio
1452 1265 1500 1302 ipsi
1514 1264 1612 1304 Legati
1628 1266 1738 1304 liquido
1758 1268 1932 1302 cognoscere
1947 1277 2100 1305 potuerunt
2116 1269 2307 1306 quemadmo-

1250 1300 1322 1344 dum
1341 1303 1526 1333 commissam
1545 1304 1673 1335 fraudem
1692 1305 1891 1342 apertissimam
1919 1307 1946 1335 in
1965 1306 2136 1346 designandis
2155 1307 2306 1338 Mercibus

1251 1338 1304 1368 suis
1321 1362 1331 1377 ,
1367 1340 1462 1371 multis
1486 1341 1623 1373 affeetatis
1647 1344 1681 1373 &
1706 1343 1839 1374 simulatis
1862 1346 2001 1375 erroribus
2020 1368 2030 1382 ,
2068 1345 2178 1383 palliare
2204 1346 2238 1376 ὃς
2255 1356 2306 1376 ex-

1250 1377 1344 1408 cusare
1367 1381 1463 1410 conati
1483 1381 1534 1410 sint
1549 1403 1558 1418 ,
1595 1390 1626 1412 ut
1650 1380 1679 1411 id
1699 1380 1810 1422 ulterius
1833 1391 1916 1420 atque
1934 1384 2068 1421 prolixius
2091 1384 2231 1414 deducere
2247 1386 2308 1415 nori

1253 1419 1428 1461 magnopere
1461 1419 1645 1450 necessarium
1676 1419 1743 1449 esset
1762 1431 1772 1457 3
1807 1420 1989 1452 nihilominus
2020 1431 2116 1452 tamen
2135 1445 2145 1460 ,
2182 1431 2211 1452 ut
2236 1423 2310 1461 ipso-

1254 1464 1329 1499 rum·
1340 1457 1471 1494 iniquitas
1489 1466 1569 1488 tanto
1587 1458 1746 1489 evidentius
1763 1467 1906 1495 appareat,
1931 1461 1964 1489 ad
1983 1460 2089 1496 singula
2107 1461 2230 1499 ipsorum
2248 1471 2311 1500 gni-²

1252 1503 1400 1538 vammum
1416 1496 1507 1533 capita
1520 1496 1666 1534 sequentes
1680 1495 1877 1527 Refutationes
1889 1497 2085 1535 subjiciuntur.

1278 1530 1378 1574 ‘Initio
1391 1542 1423 1564 ac
1441 1535 1471 1564 in
1487 1542 1604 1573 genere,
1626 1533 1799 1565 Procurator
1815 1534 2014 1566 Mercatorum
2030 1546 2079 1566 ore
2094 1545 2190 1575 tenus,
2210 1547 2309 1574 quam·

1255 1579 1297 1598 vrs
1312 1572 1342 1600 in
1358 1573 1486 1602 exhibito
1500 1573 1604 1610 scripto
1620 1582 1678 1603 non
1694 1573 1726 1602 sit
1744 1575 1912 1612 repetitum,
1939 1574 2103 1612 constanter
2121 1575 2233 1611 protulit
2247 1577 2311 1605 nul-

1254 1604 1310 1637 lam
1326 1619 1380 1652 nec
1397 1610 1500 1648 justam
1523 1621 1577 1641 nec
1601 1609 1779 1651 probabilem
1800 1612 1911 1642 causam
1929 1610 2148 1643 Confiscationis
2168 1612 2311 1644 bonorum

1256 1645 1447 1689 Anglicorum
1461 1649 1597 1688 adfuiffe,
1611 1649 1657 1679 sed
1674 1657 1772 1679 contra
1789 1650 1872 1687 jus&
1887 1660 2019 1689 aequum,
2036 1649 2222 1686 veetigalium
2240 1662 2312 1689 prae—

1255 1682 1317 1715 stita
1331 1685 1487 1726 solutione,
1506 1696 1607 1725 quanta
1620 1687 1679 1718 fieri
1696 1687 1809 1726 debuit,
1826 1688 1958 1727 adempta
1978 1691 2012 1721 &
2036 1691 2067 1720 in
2082 1689 2315 1721 Commiffiirani

1253 1722 1364 1754 redaua
1378 1726 1442 1756 esse.

1292 1762 1392 1801 Qam
1414 1765 1511 1802 inique
1532 1772 1627 1795 autem
1642 1765 1675 1796 &
1689 1764 1846 1801 petulanter
1868 1765 1899 1795 in
1910 1760 2032 1803 justiciae
2045 1764 2190 1797 summum
2212 1766 2316 1797 Admi-

1253 1800 1449 1841 nistratorem,
1468 1803 1583 1843 Regem
1599 1803 1738 1833 nimirum
1761 1801 1890 1833 nostrum
1911 1802 2179 1843 clementissimum,
2204 1805 2315 1836 didium

1254 1841 1304 1879 sit,
1324 1840 1401 1879 quod
1415 1841 1569 1879 quidquam
1586 1841 1666 1879 hujus
1683 1842 1792 1878 generis
1807 1842 1956 1872 committi
1970 1842 2312 1883 consenserit,causarum

1255 1879 1387 1919 negieeta
1402 1879 1648 1918 consideratione,
1668 1879 1725 1910 sani
1739 1879 1972 1922 judiciiquisque
1986 1880 2071 1912 facile
2079 1882 2195 1919 vident,
2212 1883 2245 1912 &
2258 1883 2315 1912 mi-

1255 1928 1322 1949 rum
1337 1919 1456 1957 quinam
1471 1927 1531 1950 tam
1545 1919 1675 1949 audatiter
1689 1918 1832 1948 causarum
1846 1919 2034 1957 ignorantiam
2052 1919 2229 1951 Mercatores
2244 1931 2315 1958 prae-

1257 1956 1390 1996 tendant,
1408 1967 1477 1988 cum
1489 1957 1523 1988 &
1536 1954 1714 1996 Helsingorae
1729 1957 1857 1994 primurn
1872 1957 1905 1987 ὅ(
1920 1957 2036 1988 Hafniae
2052 1958 2081 1989 in
2102 1959 2218 1996 publico
2230 1958 2314 1997 Judi-

1256 1996 1324 2033 ci0‚
1342 2004 1471 2034 tempore
1485 1995 1595 2034 arresti,
1611 2004 1677 2026 ante
1691 1996 1909 2033 pronunciatam
1923 1995 1959 2026 de
1982 1995 2185 2028 confiscatione
2203 1997 2314 2028 senten-

1257 2035 1348 2073 tiam,
1366 2035 1428 2066 satis
1447 2034 1582 2073 superque
1597 2033 1664 2072 ipfae
1685 2034 1773 2064 causae
1786 2033 1954 2064 sufficientes
1973 2035 2002 2064 in
2025 2035 2153 2066 medium
2168 2036 2315 2073 productae'

1257 2072 1311 2103 fint
1324 2074 1358 2105 ὃς
1372 2074 1552 2112 examinat-ae,
1569 2081 1599 2104 ut
1607 2073 1718 2111 justicia
1731 2072 1816 2110 hujus
1831 2071 2047 2105 Confiscationis
2061 2074 2121 2105 satis
2136 2083 2170 2105 cx
2178 2075 2318 2112 sequentie

1258 2111 1310 2142 bus
1323 2112 1338 2142 :¹1
1353 2112 1478 2150 quolibet
1490 2111 1610 2151 intelligi
1627 2112 1742 2148 poterit.

1295 2150 1428 2182 Primum
1442 2160 1583 2189 namque,
1600 2150 1780 2182 Mercatores
1797 2149 1917 2188 probare
1932 2152 2027 2182 conati
2036 2150 2116 2190 sunt,
2132 2151 2206 2182 nihil
2219 2152 2316 2182 omni-

1258 2199 1299 2220 no
1315 2199 1415 2221 eorum
1431 2189 1572 2221 reticuisse
1586 2197 1634 2220 aut
1648 2189 1747 2221 celafle
1761 2188 1788 2218 se
1803 2188 1919 2220 suorum
1941 2191 2087 2221 bonorum
2097 2212 2107 2228 ,
2124 2190 2168 2221 sed
2183 2192 2318 2221 omnium

1258 2227 1373 2266 plenam
1388 2227 1485 2259 fecisse
1500 2228 1725 2266 indicationem,
1743 2227 1828 2265 idque
1845 2237 1924 2259 more
1941 2225 1974 2260 &
1988 2229 2191 2259 consuetudine
2211 2230 2240 2259 in
2256 2230 2318 2260 An-

1258 2267 1314 2306 glia
1337 2267 1463 2298 Londini
1485 2267 1638 2305 praesertim
1660 2275 1772 2303 recepta
1794 2276 1846 2304 qua
1859 2267 1992 2297 vendi&
2007 2269 2064 2298 emi
2086 2268 2191 2298 ibidem
2211 2267 2319 2305 solent3

1260 2307 1412 2345 Qoniam
1431 2309 1502 2336 vero
1516 2306 1570 2336 hac
1586 2306 1696 2343 ratione
1711 2305 1833 2336 Pellium
1854 2305 1965 2335 suarum
2010 2304 2046 2336 de
2061 2307 2160 2344 quibus
2180 2315 2258 2336 nunc
2273 2308 2319 2336 in-

1260 2353 1302 2376 ter
1313 2344 1363 2376 alia
1380 2343 1512 2382 Quaestio
1526 2343 1584 2382 est,
1601 2343 1746 2374 Indicium
1762 2342 1939 2381 praestiterint
1950 2327 2147 2382 '1²helonariis‚
2165 2354 2220 2375 nec
2235 2344 2318 2382 quid-'²

1260 2393 1345 2421 quam
1367 2391 1490 2413 erratum
1513 2382 1540 2412 se
1562 2382 1746 2419 arbitrantur,
1775 2380 1958 2420 significando
1981 2382 2185 2419 quadringenta
2210 2391 2320 2413 tantum

1260 2422 1347 2451 millia
1363 2421 1501 2458 Pellium,
1520 2420 1676 2451 secundum
1692 2420 1771 2450 illam
1785 2422 1863 2449 suam
1879 2421 2044 2458 praetensam
2061 2423 2200 2452 rationem
2220 2422 2322 2459 (quan-

1262 2460 1359 2498 doque
1372 2459 1458 2497 duas,
1478 2459 1646 2498 quandoque
1662 2458 1751 2496 plures
1774 2457 1863 2489 Pelles
1883 2468 1937 2496 pro
1959 2469 2014 2489 una
2038 2459 2232 2497 numerando)
2252 2461 2322 2490 cum

1261 2507 1360 2529 tamen
1376 2499 1529 2536 quingenta
1543 2497 1631 2527 millia
1647 2497 1809 2534 simpliciter
1823 2497 2019 2534 computando
2040 2498 2070 2527 in
2085 2499 2262 2536 inquisitione
2278 2508 2323 2528 re-

1263 2545 1341 2574 perta
1355 2537 1423 2567 sint:
1443 2538 1545 2575 Quum
1561 2544 1654 2566 autem
1669 2536 1814 2573 praeteritis
1831 2536 2009 2573 temporibus
2024 2545 2140 2567 cautum
2158 2537 2188 2567 fit
2205 2537 2237 2567 &
2258 2546 2325 2575 pro·

1262 2575 1403 2613 hibitum,
1422 2577 1460 2605 ne
1480 2575 1530 2605 sub
1545 2575 1600 2605 hac
1621 2574 1754 2611 praetensa
1771 2574 1892 2613 Anglica
1908 2575 2072 2604 numerandi
2090 2574 2181 2606 forma
2203 2575 2325 2606 Pellium

1264 2614 1397 2650 vectigal
1410 2613 1579 2644 Thelonarii
1596 2613 1651 2643 reci
1673 2620 1767 2649 erent,
1786 2620 1819 2642 ut
1831 2622 1943 2650 quoque
1958 2613 1986 2642 id
2005 2614 2164 2650 petentibus
2179 2613 2248 2651 saepe
2264 2615 2325 2645 An-

1263 2653 1314 2693 glis
1330 2652 1459 2690 piiffimae
1473 2653 1623 2683 memoriae
1671 2660 1705 2680 ex
1721 2650 1876 2681 Fridericus
1893 2661 2036 2689 nunquam
2051 2651 2209 2683 consentire
2223 2654 2325 2692 voluit,

1264 2692 1310 2722 sed
1325 2689 1454 2728 expresso
1471 2690 1605 2720 mandato
1624 2690 1747 2719 inhibuit
1762 2692 1800 2719 ne
1813 2691 1841 2719 in
1856 2689 1911 2720 ulla
1928 2689 2075 2721 Mercium
2090 2691 2182 2728 specie
2204 2692 2261 2722 talis
2276 2691 2325 2722 fie-

1266 2740 1307 2761 ret
1321 2729 1464 2766 recensio,
1482 2738 1512 2760 ut
1526 2738 1620 2760 rerum
1636 2728 1830 2765 separabilium
1847 2727 1968 2757 Pellium
1989 2729 2141 2767 praesertim
2163 2730 2253 2768 plures
2270 2740 2324 2768 pro

1265 2779 1322 2800 una
1335 2769 1369 2799 ad
1388 2768 1580 2807 Veetigalium
1594 2767 1763 2797 solutionem
1778 2776 1847 2796 corn
1870 2774 2011 2797 utarenter
2022 2789 2031 2804 ,
2056 2777 2114 2797 non
2134 2769 2229 2806 itaque
2244 2778 2324 2799 nunc

1266 2819 1299 2839 ea
1313 2809 1420 2838 ratione
1436 2806 1622 2844 computandi
1635 2806 1760 2845 permitti
1777 2807 1856 2842 potes
1879 2815 1889 2842 ,-
1917 2805 1936 2835 si
1953 2815 2020 2836 vero
2034 2806 2116 2843 hujus
2131 2809 2240 2846 generis
2254 2811 2326 2837 fraus

1267 2847 1304 2877 ab
1319 2845 1422 2882 Anglis
1436 2845 1590 2876 commissa
1605 2844 1651 2881 fit,
1671 2845 1787 2881 impune
1805 2853 1907 2874 contra
1923 2843 2047 2883 Regiam
2074 2844 2236 2875 sententiam
2252 2846 2326 2877 hanc

1267 2885 1397 2916 fraudem
1411 2885 1534 2914 minime
1549 2884 1578 2913 in
1593 2882 1826 2913 consuetudinem
1843 2883 1947 2913 licitam
1960 2883 2100 2914 deducere
2113 2884 2219 2914 debent
2230 2885 2328 2921 ,ἅπτῃ

1268 2923 1362 2954 insciis
1376 2922 1557 2961 vectigalium
1577 2921 1744 2959 Deputatis,
1769 2929 1874 2952 tentata
1888 2921 1935 2960 fit3
1962 2922 2188 2960 unumquodque
2206 2922 2329 2960 denique

1270 2962 1407 3000 Regnum
1425 2959 1470 2991 sua
1485 2961 1572 2991 habet
1589 2960 1723 2999 Regalia,
1744 2970 1806 2998 quae
1821 2959 1854 2990 ad
1870 2970 1981 2990 morem
1998 2962 2208 2998 peregrinarum
2224 2963 2329 2999 gravis-

1270 3002 1344 3031 simis
1366 3000 1437 3036 saepe
1463 2999 1499 3029 de
1524 2999 1612 3029 causis
1637 2999 1759 3028 minime
1790 2999 1930 3036 componi
1955 3007 2000 3028 aut
2026 3000 2154 3036 restringi
2182 3000 2328 3037 possunt·‚

1270 3039 1381 3069 idcirco
1402 3037 1606 3069 Mercatorurn
1626 3038 1655 3066 in
1675 3037 1782 3074 Anglia
1806 3036 2065 3067 Consuetudinibus
2088 3038 2117 3067 in
2133 3038 2328 3077 praejudicium

1270 3077 1425 3116 Regalium
1444 3099 1453 3114 ,
1492 3077 1540 3115 qui
1569 3076 1627 3106 hoc
1653 3084 1781 3113 tempore
1799 3076 1855 3107 suas
1878 3075 1969 3107 causas
1986 3085 2072 3114 agunt
2092 3098 2102 3114 ,
2138 3076 2164 3106 se
2180 3077 2330 3107 defendere

1273 3117 1392 3146 minime
1412 3123 1545 3152 poterunt
1564 3124 1570 3143 :
1609 3116 1703 3153 negari
1721 3116 1812 3161 itaque
1829 3123 1888 3144 non
1908 3113 1998 3152 potest
2016 3114 2104 3145 Pelles
2127 3115 2188 3145 istas
2205 3126 2305 3145 omnes
2321 3137 2332 3152 ,

1271 3164 1391 3223 qqarum
1415 3153 1608 3193 designatione
1633 3153 1731 3184 falsum
1757 3153 1957 3184 Lommiffum
1980 3152 2021 3183 est
2039 3176 2050 3192 ,
2082 3154 2144 3192 jure
2168 3153 2332 3185 confiscatas

1270 3197 1296 3224 ei
1311 3203 1336 3223 e.

1307 3231 1534 3269 Conqueruntur
1553 3230 1681 3261 secundo
1708 3231 1737 3260 in
1766 3229 1994 3261 commissuram
2011 3229 2139 3260 redauos
2157 3229 2213 3260 esse
2227 3231 2328 3269 viginti

1275 3272 1411 3302 Truncos
1426 3268 1542 3307 Stanni,
1562 3268 1651 3299 soluto
1669 3268 1695 3299 V
1697 3269 1809 3308 ectigali
1823 3269 1980 3299 secundum
1993 3268 2150 3307 Anglicum
2173 3269 2330 3305 ponderan—

1272 3310 1302 3340 di
1318 3309 1456 3347 modum,
1476 3309 1526 3339 ubi
1540 3317 1661 3339 centum
1673 3308 1706 3338 δε
1721 3307 1878 3338 duodecim
1895 3307 1990 3337 Librae
2008 3316 2060 3344 pro
2074 3307 2201 3336 centenis
2217 3315 2329 3338 tantum

1274 3349 1429 3385 habentur,
1454 3347 1540 3385 idque
1565 3346 1616 3376 sibi
1636 3356 1749 3384 quoque
1771 3347 1800 3376 in
1813 3345 1962 3377 Thelonio
1981 3344 2079 3382 Regio
2092 3344 2216 3375 concedi
2235 3346 2331 3377 deberi

1271 3386 1449 3417 existimant:

1310 3424 1398 3455 Plane
1414 3425 1486 3454 vero
1502 3423 1646 3454 notorium
1661 3421 1701 3453 est
1716 3421 1792 3460 quod
1814 3421 1928 3461 Anglici
1954 3421 2130 3452 Mercatores
2152 3418 2259 3453 nullum
2281 3423 2331 3454 ad-

1272 3463 1461 3494 ditamentum
1477 3462 1631 3493 duodecim
1645 3461 1758 3492 illarum
1773 3461 1907 3491 librarum
1924 3459 2109 3497 Emptoribus
2130 3461 2160 3490 in
2185 3461 2244 3492 hoc
2267 3461 2329 3492 Re-

1271 3511 1331 3540 gno
1356 3501 1586 3532 contrahentibus
1615 3502 1645 3530 in
1669 3498 1875 3530 Centenarium
1902 3498 2060 3529 concedant
2074 3521 2083 3536 ,
2121 3508 2176 3530 nec
2205 3500 2327 3531 demum

1275 3539 1431 3571 Officiariis
1446 3539 1542 3578 Regiis
1557 3538 1628 3577 fiepe
1642 3538 1783 3568 Stannum
1799 3538 1828 3567 in
1845 3536 2017 3567 Sereniffiini
2031 3535 2119 3575 Regis
2135 3538 2214 3568 usum
2229 3549 2329 3569 emen-

1275 3580 1364 3617 tibus,
1385 3579 1429 3608 sed
1448 3577 1609 3614 simpliciter
1623 3584 1772 3613 centena53
1790 3584 1966 3612 nequaquam
1983 3576 2054 3604 vero
2069 3584 2201 3607 centenas
2219 3577 2327 3608 duode-

1274 3628 1322 3648 nas
1343 3622 1359 3634 '‘
1380 3617 1477 3647 Libras
1491 3615 1687 3652 computando
1702 3626 1711 3651 3
1744 3614 1868 3655 adeoque
1881 3611 1993 3642 constat
2010 3612 2123 3643 Divum
2146 3614 2328 3646 Fredericuni

1272 3656 1437 3686 Secundum
1455 3663 1513 3684 non
1536 3654 1627 3682 minus
1646 3654 1674 3682 in
1689 3653 1743 3682 hac
1758 3652 1874 3687 Staniir3
1900 3660 1985 3687 quam
2002 3652 2085 3681 etiarn
2108 3653 2230 3690 pelliaria
2244 3664 2329 3684 com-

1273 3696 1438 3731 putatione,
1464 3692 1620 3728 simplicem
1640 3701 1738 3720 verani
1759 3698 1791 3719 ac
1813 3689 1979 3719 consuetam
2001 3693 2167 3722 numerandi
2189 3694 2329 3723 rationem

1271 3733 1474 3763 constitutione
1488 3729 1619 3770 peculiari
1633 3728 1783 3758 mandasse.

1311 3771 1435 3807 Tertio,
1454 3769 1619 3807 Queruntur
1637 3766 1815 3796 Mei-catores
1835 3765 1937 3795 multos
1958 3764 2011 3807 sibi
2032 3776 2141 3807 pannos
2162 3769 2327 3800 confiscatos

1273 3809 1349 3846 effe,
1367 3818 1402 3838 ex
1420 3813 1497 3838 caula
1513 3807 1588 3844 quod
1606 3805 1749 3846 pauciores
1770 3813 1891 3834 numero
1911 3804 2090 3839 designarunt
2107 3810 2192 3845 quarn
2216 3819 2244 3839 re
2267 3810 2320 3848 ipsa

1278 3847 1394 3885 postea,
1412 3847 1510 3876 habita
1525 3844 1723 3883 inquisitione,
1743 3843 1841 3886 reperti
1858 3844 1936 3880 sunt,
1954 3842 2037 3881 idque
2052 3845 2089 3875 ita
2103 3847 2233 3877 excusant
2250 3847 2328 3885 qnod

1275 3887 1422 3916 decimum
1440 3892 1582 3921 quemque
1604 3881 1734 3910 Pannum
1753 3889 1805 3921 pro
1828 3880 1982 3910 involucro
2002 3882 2161 3914 immunem
2177 3886 2252 3924 esse,
2277 3896 2327 3915 ne-

1277 3935 1332 3962 que
1346 3924 1396 3953 sibi
1413 3921 1570 3959 computari
1585 3919 1681 3949 deberi
1697 3919 1870 3955 censuerint,
1888 3919 1979 3955 Quod
1995 3920 2012 3949 si
2036 3924 2210 3958 permittatur
2225 3947 2234 3961 ,
2256 3925 2325 3953 nihii

1279 3964 1293 3993 {i
1309 3962 1334 3991 sc
1354 3961 1490 3992 delictum
1509 3958 1583 3995 effe,
1603 3966 1693 3996 neque
1714 3958 1867 3996 quicquam
1889 3958 1918 3986 in
1941 3956 2170 3990 Commiss‘uram
2195 3963 2326 3992 cccidisse

1275 4000 1446 4031 existimant:

1316 4039 1376 4068 Hic
1392 4039 1462 4066 vero
1478 4036 1494 4064 ὲ
1509 4042 1610 4064 contra
1624 4033 1828 4063 evidentissime
1843 4034 1967 4071 constat,
1991 4035 2065 4066 hanc
2090 4037 2175 4073 ipsam
2189 4038 2223 4067 de
2247 4038 2328 4065 invo-

1278 4078 1360 4107 lucris
1375 4074 1579 4112 quaestioneiti,
1598 4081 1725 4140 tempo&
1742 4071 1811 4101 Divi
1828 4072 1961 4103 Fridcri'ci
1975 4074 2117 4111 Secundi,
2143 4077 2158 4104 a
2181 4075 2328 4105 Μεταπο-

1733 4120 1748 4140 c
1769 4120 1786 4139 2
2254 4114 2332 4142 ritant

2352 3594 2370 3614 “²
2396 3597 2478 3624 XVI.

2391 3636 2454 3670 346-
