2557 4279
34 268 112 301 Ann.
121 265 164 297 D.

48 307 138 345 1623.

36 345 163 381 ziJacJ.

64 383 131 412 Jbid.

29 1275 156 1304 *XVIL

65 1314 130 1350 489.

25 2708 115 2739 :Ann.
133 2704 174 2736 D.

57 2745 145 2783 1623.

39 2787 97 2812 Par.
113 2794 155 2812 21.

41 2821 173 2859 J1p.19.

40 2861 103 2896 dors.

786 142 895 202 ET
978 143 1241 186 ACTA

183 313 231 345 De
256 312 453 357 Commtffi'one
476 315 598 360 speciali
633 318 754 362 Geor-gio
788 316 966 350 Marchiom’
991 316 1084 356 Bucks
1112 320 1148 355 ὠ·
1175 316 1244 349 aliis

223 372 277 442 prl‘o
302 360 436 395 omnibns
462 364 584 408 Offenfis
607 363 758 407 commiffis
782 364 866 410 infra
895 364 1146 398 Admiralitatem
1174 367 1242 398 An-

222 422 301 457 gne.

185 499 244 553 R
254 497 279 528 E

183 574 266 613 gliae,

181 615 335 682 slsihisgffq
355 618 504 647 Vicecomiti
519 616 686 656 Mana'evill,
703 616 841 647 Domino
857 615 1019 647 Praesidenti
1035 616 1143 648 Privati
1158 617 1242 648 Con-

193 662 201 680 1
218 664 496 728 Jacobgljlsarchioni
512 693 672 731 Hamilton,

214 729 326 771 *Thomae
349 734 446 762 Comiti
466 731 639 762 Arundelliae
661 730 698 765 (γ’
720 733 823 761 Surriae
850 730 963 762 Comiti
992 731 1160 763 Marescallo
1179 732 1241 763 An-

181 767 353 837 ghIaexl’ecnon
371 808 538 844 praedilecstis
551 810 584 840 ὃς
598 817 733 846 perquam
750 807 878 838 fidelibus
894 807 1064 838 Consiliariis
1079 809 1192 846 nostris,

217 846 328 882 Georgia
350 845 465 876 Calvert
483 846 573 877 Militi
593 847 642 877 uni
664 846 869 885 Principalium
889 846 1111 878 Secretariorum
1127 848 1238 878 nostro-

180 891 262 920 rum,

218 919 256 951 Et
270 921 351 959 Julio
367 921 457 960 Caefizr
470 921 564 954 Militi
585 921 728 961 Magistro
745 921 918 954 Rotulorum
940 922 1038 954 Curiae
1053 922 1238 955 Cancellariae

179 957 404 1029 Ποίέῗὲεᾏῦεᾶὸ
425 998 459 1029 &
474 998 549 1030 fideli
570 1000 685 1039 nostro,
708 1004 828 1031 Hem-ico
848 1002 965 1031 Marten
989 999 1079 1031 Militi
1101 1000 1237 1039 supremae

179 1034 277 1066 Curiae
289 1036 491 1068 Admiralitatis
505 1038 609 1071 nostrae
624 1040 843 1080 Angliaejudici
858 1038 914 1071 five
928 1039 1041 1071 Praesidi
1050 1063 1060 1079 ,

214 1073 323 1103 Thomae
337 1075 448 1105 Talbott
455 1099 466 1115 ‚

217 1115 329 1151 Hugoni
342 1115 471 1154 Barker,

216 1153 358 1183 Barnabae
372 1154 462 1183 Gooch
471 1177 480 1192 ,

218 1192 333 1229 Legum
352 1191 548 1231 Do&oribus,

215 1230 352 1262 Salutem.

213 1270 233 1290 *ἵ
253 1270 307 1301 Per
326 1271 490 1302 vicinorum
509 1273 699 1310 quorumdam
709 1272 1057 1311 Principum&Statuum
1067 1272 1189 1304 Foedere
1202 1272 1236 1304 δε

177 1308 318 1339 Αωίεὶῑὶᾶ
342 1310 425 1339 nobis
446 1311 667 1348 conjunecorum
688 1312 827 1352 Legatos,
853 1314 931 1351 gravi
950 1322 1018 1343 cum
1038 1311 1181 1350 Querela,
1200 1311 1235 1341 ad

177 1357 230 1378 nos
250 1356 338 1384 nuper
355 1347 479 1378 delatum
498 1350 606 1387 exritit3
626 1351 721 1389 Qiod
740 1351 943 1388 praedictorum
953 1350 1117 1388 Principum
1133 1349 1236 1380 &Sta-

177 1394 258 1416 tuum
272 1385 383 1417 Subditi
398 1386 471 1416 dum
495 1388 525 1417 in
545 1387 621 1418 Mari
643 1388 742 1419 nostro
762 1389 922 1420 Britannico
943 1389 1019 1420 ultro
1037 1391 1166 1426 citroque
1186 1397 1237 1417 na-

177 1425 274 1464 vigant
287 1425 366 1462 juxta
384 1423 495 1456 Littora
514 1425 627 1464 nostra,
652 1427 779 1466 adeoque
799 1429 828 1458 in
846 1429 908 1465 ipsis
927 1429 1064 1466 portubus
1083 1427 1185 1457 nostris
1202 1426 1236 1457 &

177 1464 208 1493 in
227 1464 384 1500 conspeetu
402 1462 534 1494 Navium
553 1464 712 1495 nostrarum
731 1466 902 1506 Regalium,
931 1476 996 1504 quas
1013 1466 1048 1496 ad
1067 1465 1156 1495 Maris
1173 1465 1236 1495 Tu-

175 1502 263 1532 telam
280 1503 313 1533 &
329 1501 541 1538 Navigantium
551 1498 717 1534 Praesidium
737 1504 932 1542 deputavimus
944 1527 954 1543 ,
971 1513 1071 1534 contra
1089 1504 1128 1534 fas
1145 1505 1178 1534 &
1192 1504 1236 1546 jus

172 1540 190 1570 ὲ
213 1539 398 1571 Praedonibus
413 1539 484 1577 saepe
501 1542 661 1580 capiuntur,
681 1542 818 1581 Bonisque
832 1544 968 1573 omnibus
986 1544 1018 1573 δε
1038 1542 1237 1572 Mercimoniis

175 1578 276 1609 misere
293 1578 462 1616 spoliantur,
484 1579 615 1617 Quarum
634 1582 767 1611 omnium
788 1580 968 1611 Miseriarum
987 1582 1020 1611 &
1037 1580 1236 1611 Calamitatum

176 1616 280 1647 Causas
297 1618 328 1647 in
345 1616 481 1654 quosdam
503 1617 603 1647 Claffis
621 1618 724 1649 nostrae
746 1619 844 1658 Regiae
863 1620 1011 1657 praefecios
1029 1621 1061 1650 ὃς
1076 1618 1237 1648 Officiarios

175 1655 320 1694 referunt3
337 1655 525 1693 affirmantes,
546 1655 621 1693 quod
641 1657 696 1694 illi,
718 1656 861 1687 potestate
881 1658 931 1687 sibi
947 1657 1054 1688 credita
1065 1657 1137 1687 male
1156 1666 1238 1687 uten-

174 1702 235 1732 tes,
254 1695 287 1725 &
305 1694 350 1725 vel
359 1693 498 1724 Mercede
517 1695 659 1732 corrupti,
677 1695 721 1726 vel
743 1695 796 1725 alia
814 1696 919 1726 sinistrai
930 1697 1042 1726 ratione
1059 1695 1237 1733 dueti,vim

175 1733 210 1764 &
228 1732 364 1771 Injuriam
389 1732 597 1771 Navigantibus
616 1733 674 1763 fieri
703 1743 772 1763 cum
790 1734 895 1771 poffint
913 1744 971 1764 non
992 1734 1160 1771 prohibent:
1180 1743 1234 1763 nec

177 1781 215 1802 eo
233 1772 382 1807 contenti,
408 1770 513 1801 Praedae
534 1770 646 1801 Partem
665 1773 682 1802 a
700 1771 875 1811 Raptoribus
895 1773 1055 1811 accipiunt,
1080 1773 1112 1802 ὃ(
1128 1774 1156 1802 in
1177 1771 1238 1801 Mi-

176 1809 334 1840 nistrorum
352 1809 514 1839 nostrorum
535 1809 687 1847 Manibus,
711 1818 741 1841 ut
760 1809 901 1850 asseritur,
925 1813 1098 1842 Amicorum
1115 1811 1148 1842 &
1168 1809 1239 1841 Foe-

178 1847 342 1880 deratorum
357 1847 519 1878 nostrorum
538 1847 599 1877 Res
613 1849 803 1879 inveniuntur.

217 1886 316 1918 Sciatis
336 1887 422 1922 igitur
442 1885 521 1924 quod
542 1885 626 1924 Nos,
646 1887 806 1924 hujusmodi
826 1887 965 1918 Facinora
985 1887 1083 1918 nostris
1102 1889 1239 1926 tempori-

179 1926 232 1956 bus
250 1926 365 1964 indigna
383 1925 439 1954 esse
455 1932 626 1963 reputanteS,
646 1927 679 1957 &
700 1926 845 1956 Laesorum
857 1927 988 1964 Querelis
1004 1926 1239 1964 Delinquentium

179 1965 278 1995 Poenis
296 1963 628 2002 satisfacere<cupientes3
650 1964 710 1994 Vos
727 1964 763 1995 de
782 1974 903 2003 quorum
923 1965 1046 1996 Scientia
1061 1965 1189 2003 Justitia,
1206 1966 1239 1996 &

180 2004 210 2033 in
230 2004 308 2033 rebus
321 2002 448 2041 gerendis
457 2002 794 2040 Dexteritateplurimi'im
804 2003 991 2041 confidimus,
1007 2013 1040 2033 ex
1058 2003 1241 2035 certaScien-

178 2043 217 2072 tia
236 2043 269 2072 &
290 2041 380 2071 Mero
400 2040 489 2070 Motu
507 2039 627 2078 nostris,
646 2042 679 2073 &
698 2051 731 2071 ex
751 2042 924 2079 plenitudine
943 2041 1089 2072 Potestatis
1105 2044 1138 2074 ὃς
1164 2042 1243 2072 Prae-

179 2081 318 2119 rogativae
337 2079 441 2110 nostrae
462 2078 583 2117 Regiae,
609 2089 674 2117 quas
692 2082 768 2120 argui
786 2089 833 2111 aut
852 2080 953 2111 discuti
973 2080 1122 2119 nolumus,
1145 2081 1179 2111 ad
1198 2082 1241 2110 in-

177 2117 220 2148 fra
238 2118 349 2155 Scripta
368 2118 590 2148 Commissarios
601 2117 717 2155 Judices
736 2119 890 2158 Delegatos
907 2121 940 2151 &
955 2119 1115 2159 Deputatos
1130 2118 1242 2150 nostros

181 2156 303 2186 facimus
321 2156 523 2187 constituimus
542 2157 575 2188 &
592 2156 755 2188 ordinamus
772 2167 822 2195 per
839 2157 1006 2188 Praesentes:

220 2195 330 2226 Dantes
347 2196 380 2227 ὅ(
399 2195 590 2225 concedentes
605 2196 707 2233 vobis,
722 2205 767 2227 aut
784 2196 919 2234 aliquibus
937 2197 1025 2228 tribus
1039 2195 1165 2227 vestrum
1184 2197 1245 2234 ple-

183 2243 251 2264 nam
270 2235 304 2264 ὃς
322 2233 523 2265 omnimodam
535 2255 545 2270 ,
563 2233 682 2265 Tenore
693 2234 891 2272 Praesentium,
908 2235 1077 2266 Potestatem
1095 2235 1131 2265 de
1149 2237 1246 2265 omni-

186 2273 238 2302 bus
258 2271 381 2302 Damnis
409 2271 518 2309 Injuriis
544 2271 667 2302 Delictis
685 2272 968 2310 Transgreffionibus
992 2273 1143 2304 Maleficiis
1162 2273 1245 2304 Con-

188 2311 374 2341 ventionibus
399 2311 518 2347 illicitis,
548 2309 791 2348 Corruptionibus
806 2311 1021 2342 Extortionibus
1045 2312 1247 2350 Oppreffioni-

188 2349 242 2380 bus
263 2348 495 2379 Concelamentis
513 2347 736 2387 Contemptibus
755 2348 897 2388 Offensis,
923 2349 1128 2382 Mandatorum
1148 2351 1248 2381 Viola-

189 2388 333 2424 tionibus,
355 2387 389 2418 &
417 2387 622 2418 Stellationibus
647 2388 862 2428 quibuscunque
884 2388 963 2428 super
995 2390 1053 2420 alto
1074 2388 1171 2427 Mari,
1198 2389 1243 2420 vel

188 2426 365 2463 ubicumque
383 2426 454 2456 infra
469 2425 701 2464 jurisdictionem
720 2426 920 2458 Admiralitatis
938 2427 1044 2459 nostrae
1052 2428 1180 2467 Angliae,
1197 2437 1248 2466 per

289 497 320 529 X
335 500 397 531 &c.
412 500 633 532 Praeclariffimis
647 500 872 540 Consanguineis
886 501 919 532 &
936 501 1107 533 Confiliariis
1122 502 1243 538 nostris,

283 540 392 576 Georgia
401 540 560 571 Marchioni
572 539 758 577 Buckingham
773 539 886 578 Magno
897 539 997 570 nostro
1013 541 1058 572 Ad
1063 542 1170 572 miralio
1180 542 1242 571 An-

213 2554 263 2586 De
290 2550 486 2598 Commzffione
504 2552 628 2600 speciali
658 2552 819 2591 Wllielmo
842 2550 938 2602 Jones
969 2554 1076 2587 Militi
1099 2553 1224 2590 direfla.

235 2687 263 2720 A
272 2697 299 2720 M
308 2698 325 2719 Ε
336 2697 349 2719 S
358 2712 368 2726 ,
382 2690 422 2728 by
435 2689 486 2720 the
496 2687 592 2720 Gracc
604 2689 641 2721 of
650 2689 721 2721 God
729 2712 738 2728 ,
746 2692 821 2727 King
836 2688 872 2729 of
881 2688 1013 2727 England
1022 2689 1154 2721 scotland
1160 2695 1248 2722 Fran-

233 2739 259 2756 ce
275 2727 334 2756 and
344 2729 462 2758 Ireland
476 2728 622 2759 Defendet
635 2728 672 2759 os
683 2730 732 2759 the
746 2729 836 2766 Fuith,
850 2727 911 2763 &a
948 2728 999 2758 To
1020 2739 1072 2758 our
1084 2729 1178 2760 trustie
1194 2731 1249 2761 and

235 2765 422 2796 wellbeloved
431 2769 477 2795 Sir
486 2767 611 2796 William
618 2767 710 2805 Jones
718 2766 830 2806 Knight
844 2776 899 2797 one
913 2765 950 2797 of
960 2766 1136 2806 ourJustices
1150 2769 1188 2800 of
1197 2779 1248 2800 our

192 2807 287 2837 Court
301 2804 338 2834 of
346 2813 486 2834 common
499 2803 579 2834 Pleas
588 2826 597 2841 ,

227 2848 272 2875 Sir
287 2842 419 2872 Nicholas
435 2842 575 2882 Fortefiue
593 2840 721 2881 Knight,

229 2887 272 2913 Sir
287 2884 402 2912 Francis
417 2880 513 2922 Goston
529 2880 657 2919 Knight,

227 2925 273 2951 Sir
287 2919 410 2949 Richara'
421 2922 523 2949 Sutton
538 2918 665 2957 Knight‚

229 2963 273 2990 Sir
289 2957 419 2988 William
433 2960 496 2987 Pitt
513 2956 572 2987 Kni
594 2958 640 2994 lit,

229 3001 275 3028 Sir
289 2998 384 3032 Henry
399 2995 546 3026 Bourchier
562 2995 573 3024 l
592 2995 694 3033 night,

229 3035 299 3067 And
315 3038 358 3064 Sir
373 3036 469 3074 Henry
483 3032 577 3071 Spiller
593 3033 724 3073 Knighc,

228 3074 347 3105 Greetin
371 3097 377 3102 .

227 3082 369 3144 Whereags
385 3110 529 3151 amongest
544 3111 592 3142 the
608 3121 693 3151 many
713 3112 889 3142 memorable
904 3112 1016 3143 Works
1032 3114 1205 3145 undertaken
1214 3115 1249 3146 fi-

190 3152 297 3183 thence
316 3161 368 3180 our
389 3152 492 3188 happie
506 3149 616 3189 Raigne
636 3159 706 3180 over
721 3150 774 3180 this
791 3160 843 3180 our
862 3150 965 3181 Realm
983 3151 1061 3182 those
1075 3152 1111 3182 os
1123 3153 1170 3182 the
1186 3155 1248 3183 En-

186 3188 253 3228 glish
268 3188 386 3219 Colonies
402 3189 462 3218 and
476 3187 652 3218 Plantations
670 3191 699 3217 in
720 3191 748 3217 V
748 3191 847 3226 irginia
869 3189 924 3219 and
947 3189 993 3219 the
1007 3194 1125 3220 Summer
1141 3191 1247 3229 Iflands

189 3240 236 3260 are
258 3229 294 3259 of
311 3227 413 3265 special
434 3226 633 3266 Importance,
657 3236 685 3257 as
710 3226 800 3265 being
818 3228 867 3258 the
889 3227 948 3257 first
970 3228 1110 3267 forraigne
1129 3229 1248 3260 Colonies

189 3266 305 3306 planted
320 3267 357 3306 by
374 3276 426 3296 our
439 3264 560 3301 English
575 3265 703 3301 Nmion,
718 3265 771 3295 and
787 3265 904 3304 tending
920 3274 971 3297 not
987 3267 1055 3306 only
1071 3275 1102 3298 to
1118 3268 1166 3298 the
1174 3268 1248 3299 Pro-

213 3306 327 3343 agation
338 3304 375 3334 of
384 3303 468 3334 Gods
483 3303 584 3333 Glorie
598 3303 652 3334 and
669 3301 812 3333 Christian
827 3303 960 3343 Religion
970 3327 979 3342 ,
1001 3306 1051 3336 but
1065 3305 1138 3336 alsoe
1155 3315 1186 3337 to
1201 3307 1248 3338 the

220 3345 396 3382 nlargement
410 3341 447 3372 of
457 3342 504 3373 the
520 3342 691 3373 Territories
707 3342 762 3372 and
777 3341 963 3381 Domynions
978 3343 1014 3373 of
1031 3353 1084 3374 our
1100 3343 1245 3384 Crowne,

192 3383 250 3414 and
262 3383 309 3412 the
329 3380 449 3411 increase
463 3380 500 3411 of
514 3380 610 3410 Trade
627 3379 683 3410 and
705 3379 899 3419 Commerce,
921 3381 1054 3422 whereby
1069 3392 1122 3413 our
1136 3382 1244 3422 People

192 3422 247 3452 and
262 3420 391 3457 Subjeets
406 3429 472 3458 may
482 3420 518 3449 be
533 3418 682 3449 enriched:
701 3418 755 3449 and
769 3418 909 3449 therefore
916 3429 963 3450 we
977 3420 1065 3458 being
1081 3423 1246 3460 gracioussie

192 3460 334 3500 enclyned
355 3467 385 3489 to
401 3458 431 3488 so
446 3457 571 3494 glorious
593 3457 648 3487 and
664 3457 797 3495 publique
811 3467 826 3487 a
842 3457 972 3496 Worke,
992 3460 1063 3490 have
1077 3461 1153 3490 from
1168 3469 1245 3500 tyme

193 3505 226 3528 to
245 3507 341 3538 ryme,
361 3495 415 3526 and
437 3505 534 3535 uppon
556 3495 590 3525 all
607 3495 752 3526 occasions
767 3496 940 3527 vouchsafed
961 3506 1013 3527 our
1028 3497 1169 3529 Gracious
1190 3501 1245 3530 and

193 3535 298 3577 Royall
315 3534 469 3567 Affistance
488 3543 520 3564 to
538 3535 586 3564 the
604 3533 779 3564 furtherance
798 3533 852 3564 and
874 3534 1104 3574 incouragement
1120 3537 1247 3577 thereof3

196 3583 249 3604 not
264 3575 348 3614 onely
371 3575 409 3614 by
432 3573 563 3610 grantinv
585 3580 654 3602 unto
674 3572 722 3602 the
741 3571 932 3602 Adventurers
953 3574 1008 3603 and
1030 3574 1157 3606 Planters
1171 3576 1247 3614 large

195 3612 328 3643 Charters
349 3614 405 3644 and
428 3611 521 3649 ample
541 3596 733 3647 Rriviledges,
753 3610 803 3640 but
825 3610 923 3654 enable
943 3611 1024 3641 them
1046 3621 1075 3642 to
1090 3613 1156 3644 raise
1190 3623 1246 3645 reat

193 3650 328 3681 Sommes
341 3651 377 3682 of
382 3651 492 3690 Money
506 3647 629 3680 towards
638 3648 686 3679 the
699 3648 875 3693 undergomg
889 3648 927 3679 of
935 3649 983 3679 the
998 3651 1149 3694 necessarie
1155 3623 1247 3684 ghar-

194 3697 244 3727 ges
259 3689 295 3719 of
311 3689 360 3720 the
377 3690 431 3720 said
445 3688 632 3719 Plantations:
654 3686 710 3717 and
723 3697 791 3717 now
804 3687 889 3726 being
902 3686 1070 3728 advertised,
1084 3700 1112 3719 as
1129 3691 1193 3721 well
1207 3693 1245 3733 by

194 3727 245 3757 the
265 3728 385 3759 humble
399 3728 523 3758 Petition
539 3725 576 3756 of
593 3725 672 3755 some
692 3725 728 3755 of
745 3726 793 3755 the
814 3725 1003 3756 Adventurers
1016 3727 1197 3767 themselves,
1218 3739 1247 3760 as

196 3765 362 3803 otherwise,
376 3767 434 3797 that
456 3776 485 3796 as
500 3765 566 3795 well
587 3765 622 3803 by
642 3763 777 3794 occasion
793 3764 829 3793 of
844 3763 969 3794 Discord
991 3765 1046 3795 and
1063 3766 1247 3798 Discontent-

193 3811 277 3874 3⁶31
292 3801 1083 3872 Zmssnge‘hii‘lsdvssfilrssssss'tfisuffissielssisgeffifissnfflgnff
1097 3805 1246 3874 ²⁰3⁰15he‘

194 3850 565 3919 ceedsdgaardeGiiouthnol}
581 3880 640 3910 that
656 3863 753 3909 Wc'irk
770 3850 836 3908 hail]
852 3850 943 3922 biyne,
958 3879 1011 3910 and
1027 3881 1048 3910 is
1062 3853 1150 3924 daglie
1166 3855 1247 3912 mgr'e

195 3918 250 3948 and
267 3925 346 3947 more
365 3916 420 3946 like
441 3925 472 3946 to
488 3917 541 3955 be,
562 3917 750 3955 interrupted,
766 3916 842 3946 unles
857 3927 902 3948 we
918 3927 946 3947 in
966 3927 1016 3948 our
1034 3917 1163 3958 Princely
1177 3921 1248 3950 Pro-

196 3956 317 3986 vidence
342 3953 410 3984 shall
424 3962 485 3990 putt
500 3965 516 3984 a
529 3955 668 3987 Remedie
690 3957 857 3992 thereunt03
878 3965 922 3985 we
935 3955 1075 3987 therefore
1088 3968 1185 3996 uppon
1199 3959 1249 3989 de-

194 3996 308 4026 liberate
322 3991 526 4022 consideration
542 3994 643 4023 hereof
652 4004 698 4023 are
721 3992 886 4024 constantlie
902 3994 1025 4024 resolved
1043 4004 1073 4026 to
1088 3996 1183 4033 persue
1197 4007 1249 4027 our

196 4033 303 4064 former
323 4030 466 4069 Purpose,
485 4030 539 4062 and
557 4031 594 4069 by
615 4031 651 4063 all
674 4033 755 4070 good
772 4042 884 4064 meanes
903 4041 934 4064 to
954 4033 1059 4073 express
1079 4034 1126 4065 the
1146 4044 1251 4074 conty-

1144 4083 1255 4104 nuance

1323 144 1794 195 PUBLICA.

1296 231 1491 275 quoscumque
1509 234 1640 268 Navium
1659 240 1816 271 nostrarum
1834 242 1879 273 vel
1894 242 2088 283 Navigiorum
2109 244 2271 277 nostrorum
2288 247 2352 278 Re-

1294 270 1400 306 galiiim
1428 271 1582 318 Praefedios
1606 276 1778 314 Capitaneos
1805 278 1977 320 Magistros,
2004 284 2048 314 vel
2067 283 2137 314 alios
2154 284 2350 323 quoscumque

1294 308 1462 353 eorumdem
1478 310 1671 350 Nawgiorum
1690 317 1734 347 vel
1754 317 1883 349 Navium
1902 319 2067 352 Officiarios
2092 322 2202 353 Nautas
2220 331 2266 353 aut
2286 323 2351 354 Mi-

1294 344 1351 375 lites
1366 347 1410 390 vel
1429 348 1498 390 alios
1517 350 1709 390 quoscumque
1733 354 1868 386 Subditos
1888 357 2014 397 nostros,
2037 361 2053 390 a
2072 360 2156 390 Festo
2175 361 2274 392 Sancti
2295 361 2350 400 Jo-

1294 382 1393 415 hannis
1410 384 1545 432 Baptistae·
1567 388 1671 420 ultimo
1691 394 1836 430 praeterito
1854 395 1936 426 saitis
1956 398 1989 428 ὃς
2012 398 2182 438 commistis,
2208 401 2260 430 una
2279 410 2349 431 curn

1294 431 1401 466 eorum·
1412 424 1599 456 incidentibus
1617 432 1828 467 emergentibus
1845 432 2067 469 dependentibus
2083 439 2197 468 annexis
2216 440 2350 469 connexis

1294 461 1534 502 qmbuscumque‚
1552 464 1701 496 summarie
1714 468 1748 498 &
1766 468 1801 497 de
1813 469 1921 511 pleno,
1939 472 1995 503 sola
2005 473 2082 504 Faeti
2094 475 2220 507 Veritate
2238 477 2349 514 inspec-

1294 498 1342 536 ta,
1356 500 1435 536 juxia
1452 502 1526 539 leges
1543 501 1652 533 Civiles
1669 506 1703 535 &
1721 504 1879 537 Maritimas
1896 508 1974 545 hujus
1989 509 2087 548 Regni
2100 513 2204 553 nostri,
2222 515 2349 547 &Con-

1291 535 1465 581 suetudinem
1483 540 1620 577 supremae
1637 541 1736 573 Curiae
1751 544 1855 576 nostrae
1873 546 2075 579 Admiralitatis
2097 550 2225 591 Angliae,
2241 561 2300 584 tam
2313 563 2348 584 ex

1293 573 1404 606 Officio
1423 588 1522 617 mero,
1548 581 1636 617 quam
1662 580 1697 610 ad
1726 581 1840 612 Sectam
1860 584 1984 615 nostram
2007 596 2052 617 aut
2071 589 2188 620 aliorum
2209 601 2346 628 quorum-

1291 622 1432 659 cumque,
1452 626 1504 654 pro
1523 617 1638 656 Nobis,
1661 627 1708 649 aut
1728 629 1779 656 pro
1796 620 1894 658 Seipsis
1912 624 1946 654 ὃ(
1963 623 2075 663 Nobis,
2097 636 2195 658 coram
2214 629 2296 660 vobis
2314 631 2345 660 in

1285 650 1401 696 Judicio
1419 657 1558 692 conqueri
1578 658 1611 688 &
1637 658 1781 696 prosequi,
1805 660 1851 689 vel
1869 660 2010 692 Officium
2033 663 2154 694 vestrum
2174 676 2348 703 promovere

1289 689 1464 735 volentium,
1478 694 1672 732 Appellatione
1686 697 1814 735 remota,
1836 698 1995 735 inquirendi
2010 703 2201 740 cognoscendi
2216 706 2347 737 audiendi

1289 728 1322 758 ὃ(
1335 727 1451 761 finaliter
1462 733 1647 763 terminandi:

1326 765 1536 811 sententiasque
1550 778 1609 801 tam
1631 773 1857 804 interlocutorias
1881 775 1966 813 quam
1986 774 2080 807 finales
2096 778 2203 810 ferendi
2217 782 2250 812 &
2268 782 2347 814 Exe-

1287 813 1397 836 cutlom
1413 807 1618 839 demandandi:
1637 810 1717 841 Cum
1733 811 1876 843 Potestate
1891 813 2023 844 Personas
2040 816 2230 856 quascumque
2246 821 2273 850 in
2291 822 2344 852 hac

1286 844 1532 910 gartensuspee‘cas,
1560 855 1617 877 tam
1635 848 1706 879 infra
1726 850 1880 881 Libertates
1899 852 1931 883 δε
1952 852 2127 884 Franchesias
2150 857 2234 891 quam
2253 867 2346 897 extra,

1286 883 1510 952 &erfrangrive
1528 884 1666 916 arestandi
1683 887 1727 918 seu
1745 889 1856 919 arestari
1874 890 1907 920 &
1927 899 2027 921 coram
2048 892 2128 923 vobis
2145 893 2211 924 duci
2225 897 2346 933 jubendi

1350 930 1428 951 acien
1451 931 1475 951 i:

1323 956 1359 988 Et
1376 969 1448 1003 quos
1462 961 1493 990 i'n
1512 960 1663 1004 Praemiffis
1683 962 1889 1002 Delinquentes
1907 965 2024 998 Noxios
2048 977 2094 1000 aut
2114 968 2276 1008 Culpabiles
2300 973 2344 1003 in-

1286 1002 1438 1042 veneritis,
1452 1008 1501 1036 per
1518 999 1600 1029 Fines
1616 1000 1839 1040 Redemptiones
1854 1003 2091 1037 Incarcerationes
2107 1007 2346 1049 Amerciamenta,

1287 1034 1321 1064 &
1338 1044 1387 1079 per
1404 1037 1473 1066 alios
1489 1038 1689 1081 quoscumque
1707 1040 1818 1072 Modos
1839 1041 1998 1081 legittimos
2016 1045 2061 1076 vel
2078 1047 2271 1087 rationabiles,
2290 1059 2344 1086 pro

1286 1074 1416 1140 pualitate
1431 1075 1544 1106 Delien
1559 1086 1633 1107 extra
1656 1078 1788 1109 ordinem
1805 1081 1958 1120 castigandi
1976 1084 2009 1113 &
2028 1085 2177 1122 puniendi,
2196 1093 2241 1116 aut
2259 1089 2345 1118 etiarn

1296 1123 1304 1141 i
1324 1111 1450 1144 Insontes
1469 1114 1502 1144 &
1521 1114 1707 1159 inculpabiles
1723 1118 1904 1157 inveneritis,
1917 1122 1996 1158 juxta
2013 1121 2059 1157 Jus
2077 1124 2110 1154 &
2125 1124 2264 1162 justitiam
2283 1127 2344 1157 eos-

1285 1149 1533 1195 demabsolvendi
1554 1154 1738 1197 dimittendi,
1761 1158 1794 1188 &
1818 1158 1855 1189 ab
1873 1159 2003 1190 ulteriore
2016 1160 2125 1199 Judicii
2149 1162 2346 1195 observatione

1288 1187 1407 1220 finaliter
1424 1190 1570 1221 liberandi.

1324 1227 1360 1258 Et
1379 1227 1489 1259 ulterius
1507 1230 1607 1269 vobis,
1625 1239 1655 1262 ut
1674 1234 1871 1275 praemittitur,
1888 1235 2064 1268 Potestatem
2083 1238 2116 1269 &
2134 1239 2345 1272 Authoritatem

1287 1264 1391 1310 damus*
1403 1267 1592 1312 quascumque
1610 1269 1757 1314 Personas,
1775 1273 1790 1302 a
1804 1275 1903 1311 quibus
1921 1284 1966 1306 aut
1985 1286 2034 1312 per
2052 1287 2123 1314 quos
2142 1277 2293 1310 Veritatem
2311 1280 2343 1311 in

1287 1302 1438 1349 Praemisiis
1461 1307 1560 1337 melius
1581 1317 1638 1338 erui
1660 1309 1694 1339 &
1714 1311 1821 1348 exquiri
1841 1313 1918 1349 polle
1937 1315 2124 1353 credideritis,
2142 1327 2239 1347 coram
2259 1319 2344 1349 vobis

1287 1343 1427 1387 vocandi,
1444 1345 1564 1383 eosque,
1576 1347 1606 1375 in
1620 1347 1843 1386 vimJuramenti
1859 1360 1959 1381 coram
1974 1354 2055 1382 vobis
2069 1355 2252 1394 corporaliter
2267 1367 2344 1394 prae-

1285 1379 1498 1427 standi,·super
1520 1385 1742 1425 quibuscumque
1767 1387 1899 1418 Articulis
1924 1390 1978 1420 sive
2004 1390 2242 1432 Interrogatoriis,
2264 1396 2344 1433 quta

1283 1419 1357 1458 Juris
1374 1420 1477 1452 Civilis
1494 1423 1528 1454 ὃς
1547 1422 1690 1454 Maritimi
1708 1425 1788 1463 hujus
1810 1425 1907 1465 Regni
1922 1428 2012 1458 nostri
2030 1431 2144 1467 Angliae
2170 1434 2343 1471 exigentiam

1286 1460 1495 1503 proponendis,
1514 1462 1876 1503 examinandi,caeteraque
1894 1468 1994 1496 omnia
2010 1469 2043 1499 &
2056 1469 2160 1507 singula
2177 1470 2343 1504 faciendi&

1286 1497 1452 1534 expediendi
1469 1509 1549 1538 quae,
1566 1500 1600 1530 ad
1617 1502 1848 1534 commodiorem
1858 1503 2065 1536 Executionem
2085 1507 2245 1545 &Justitiae
2259 1520 2345 1542 com-

1288 1535 1467 1578 plementum
1485 1538 1586 1577 vobis,
1612 1547 1657 1570 aut
1683 1540 1820 1578 aliquibus
1843 1543 1931 1573 tribus
1949 1543 2093 1582 vestrum,
2121 1547 2270 1579 necessaria
2288 1549 2346 1581 esse

1287 1572 1458 1618 videbuntur
1475 1578 1520 1606 vel
1538 1577 1758 1615 quomodolibet
1778 1589 1936 1618 oportuna:

1325 1610 1441 1643 Provsso
1460 1613 1567 1652 semper
1586 1617 1664 1653 quod
1685 1617 1712 1647 in
1731 1618 1880 1655 cujussibet
1899 1619 2054 1653 Sententiae
2078 1623 2200 1655 ferendae
2219 1626 2350 1666 calculo,

1288 1659 1341 1679 vos
1365 1651 1496 1687 praefatos
1521 1655 1755 1690 praechariffimos
1782 1655 2016 1695 Consanguineos
2042 1661 2153 1692 nostros
2167 1686 2176 1701 ,
2210 1667 2347 1702 Georgium

1288 1688 1475 1720 Marchionem
1490 1692 1675 1729 Buckingham
1691 1693 1836 1730 Magnum
1856 1696 1985 1727 nostrum
2003 1698 2194 1731 Admirallum
2211 1703 2346 1743 Angliae,

1288 1728 1436 1770 Henricitm
1458 1732 1638 1759 Vicecomitem
1663 1733 1820 1763 Mandevill
1837 1733 2000 1766 Dominum
2019 1737 2220 1770 Praefidentern
2244 1741 2351 1773 Privati

1289 1763 1410 1796 Consilii
1428 1767 1536 1807 nostri,
1551 1768 1687 1806 Jacobum
1703 1771 1892 1802 Marchlom'm
1908 1774 2050 1806 Hamilton
2061 1800 2069 1815 ‚
2084 1777 2213 1808 Thomam
2220 1783 2349 1811 Comitem

1287 1804 1460 1834 Arundelliae
1478 1805 1516 1841 ῥ’
1537 1810 1638 1837 Surriae
1659 1808 1809 1841 Comitem
1836 1810 2035 1843 Marescallum
2056 1816 2184 1855 Analiae,
2205 1821 2347 1857 Georgium

1289 1841 1409 1873 Calvert
1433 1843 1560 1875 Militem
1584 1845 1788 1885 Principalium
1809 1848 2031 1881 Secretariorum
2054 1840 2218 1885 noffrorum
2239 1868 2348 1896 unum,

1288 1880 1446 1923 &Julium
1459 1884 1550 1921 Caesar
1572 1883 1696 1916 Militem
1715 1886 1889 1924 Magistrum
1908 1888 2086 1922 Rotulorum
2106 1892 2203 1923 Curiae
2223 1894 2350 1927 Cancel-

1287 1917 1362 1949 lariae
1379 1920 1502 1958 nostrae,
1523 1924 1541 1941 ³¹³
1561 1932 1608 1953 aut
1627 1926 1749 1964 quinque
1766 1935 1882 1964 quatuor
1903 1936 1956 1958 tres
1975 1929 2018 1958 vel
2039 1930 2096 1960 duo
2116 1931 2241 1962 vestrum
2250 1937 2351 1966 omni—

1290 1959 1495 2001 norpraesentes
1511 1961 1566 1991 effe
1583 1962 1735 1993 volumus:
1764 1965 1929 1995 mandantes
1944 1968 2079 1998 omnibus
2096 1970 2128 1999 &
2148 1970 2257 2008 singulis
2277 1973 2350 2005 Pro-

1290 1997 1399 2041 ceribus
1425 1997 1563 2029 Dominis
1588 1999 1735 2032 Militibus
1750 2002 1917 2040 Justiciariis
1942 2003 2101 2043 Majoribus
2125 2008 2351 2044 vicecomitibus

1289 2033 1398 2078 Ballivis
1417 2035 1579 2067 Senescallis
1602 2038 1824 2071 Constabulariis
1844 2042 2006 2080 caeterisque
2031 2044 2186 2077 Officiariis
2207 2048 2350 2081 Ministris

1291 2072 1432 2105 Fidelibus
1448 2075 1572 2106 Subditis
1586 2078 1619 2108 &
1641 2078 1737 2116 Ligeis
1751 2078 1852 2110 nostris
1873 2082 2111 2122 qiiibulciinique,
2130 2093 2187 2115 tam
2206 2087 2277 2119 infra
2297 2089 2350 2120 Li-

1292 2111 1409 2155 bertates
1424 2115 1509 2157 quam
1524 2123 1619 2153 extra,
1641 2117 1721 2153 quod
1741 2119 1821 2148 vobis
1837 2119 1870 2148 ὃς
1886 2120 2005 2151 cuilibet
2025 2122 2149 2154 vestrum
2169 2124 2205 2154 de
2221 2134 2350 2164 tempore

1291 2159 1321 2178 in
1336 2158 1466 2191 tempus,
1485 2162 1515 2182 in
1534 2155 1699 2185 executione
1717 2154 1931 2188 Praemissorum
1950 2160 2123 2192 intendentes
2138 2162 2263 2196 faventes
2279 2167 2351 2198 obe-

1293 2188 1401 2219 dientes
1418 2191 1517 2227 parirer
1535 2192 1569 2222 &
1586 2193 1746 2225 auxiliantes
1760 2195 1812 2226 sint
1828 2197 1858 2225 in
1873 2198 2011 2228 omnibus
2025 2208 2111 2237 prout
2130 2199 2220 2233 decet.

1332 2226 1365 2258 In
1380 2230 1461 2267 cujus
1479 2230 1536 2268 rei,
1560 2230 1620 2261 &c.

1329 2303 1418 2337 Teste
1427 2305 1511 2344 Rege
1525 2308 1597 2345 apud
1614 2307 1888 2350 Westmonasterium,
1907 2311 1985 2344 sexto
2001 2313 2060 2345 Die
2075 2314 2159 2347 Maii.

2045 2394 2099 2422 Per
2115 2392 2199 2432 ipfttm
2216 2398 2321 2433 Regem.

1322 2554 1534 2591 Commission
1562 2553 1692 2603 spe‘ciale
1725 2556 1858 2653 aereffe'e
1882 2571 1922 2594 au
1953 2559 2122 2596 chevalier
2147 2563 2334 2600 Guillaurne

1797 2619 1883 2641 ones.

1334 2691 1430 2730 Aques
1447 2701 1502 2731 par
1517 2689 1546 2721 Ia
1565 2701 1643 2729 grace
1665 2690 1697 2721 de
1721 2693 1811 2728 Dieu,
1834 2691 1895 2722 Roi
1921 2692 2134 2734 d'Angleterre,
2153 2696 2301 2739 d’EcosIe,
2319 2700 2355 2731 de

1341 2731 1448 2761 France
1470 2731 1503 2761 &
1524 2728 1662 2760 d‘Irlande
1696 2729 1849 2769 Defenfi’ur
1869 2730 1902 2759 de
1920 2730 1948 2760 la
1964 2734 2027 2770 Fui,
2046 2735 2106 2765 &c.
2145 2737 2182 2764 A
2203 2747 2249 2766 nos
2264 2737 2357 2777 fideles

1341 2767 1379 2804 όν
1397 2769 1569 2806 bien-armes,
1597 2752 1760 2800 Guillaume
1783 2770 1875 2808 jones
1900 2780 1937 2800 un
1960 2770 2004 2800 des
2029 2771 2116 2810 Juges
2132 2774 2165 2804 de
2187 2782 2264 2806 notre
2286 2779 2356 2814 Coun

1298 2807 1344 2837 des
1363 2807 1516 2848 Plaidoyers
1535 2817 1682 2844 commum,

1335 2846 1371 2877 N
1374 2847 1461 2877 icolas
1480 2845 1649 2883 Fortescue‚

1336 2885 1360 2915 F
1362 2886 1468 2923 raiiqois
1486 2883 1603 2914 Goston
1611 2902 1627 2921 ,2

1332 2923 1461 2953 Richard
1479 2922 1594 2960 Sutton,

1335 2961 1504 2991 Guillaume
1522 2959 1598 2998 Pitt,

1334 2998 1429 3030 Henri
1448 2998 1619 3037 Bourchier,

1336 3040 1378 3067 Et
1396 3037 1487 3068 Henri
1504 3037 1605 3074 Spiller
1616 3059 1627 3075 ,

1334 3075 1510 3114 chevaliers,
1529 3075 1619 3105 Salui.

1335 3115 1475 3144 D'autant
1492 3125 1543 3154 que
1556 3117 1647 3152 parmi
1658 3113 1787 3152 plufieurs
1805 3117 1950 3154 Ouvrages
1964 3118 2136 3149 me‘morables
2154 3126 2284 3159 entrepris
2304 3124 2352 3153 de-

1290 3157 1351 3191 puis
1369 3161 1445 3183 notre
1463 3153 1582 3182 heureux
1600 3156 1688 3190 Regne
1704 3152 1749 3190 sicr
1767 3165 1795 3183 ce
1814 3157 1959 3193 Roiaume,
1984 3157 2022 3186 les
2047 3158 2186 3188 Colonies
2205 3160 2352 3198 Angloises

1296 3193 1329 3223 ὃς
1349 3192 1524 3223 Plantations
1542 3191 1610 3221 dans
1628 3192 1653 3221 la
1674 3190 1803 3228 Virginie
1821 3193 1855 3223 &
1873 3194 1911 3223 les
1929 3194 1982 3224 iles
1998 3194 2059 3225 sous
2076 3196 2103 3226 le
2122 3205 2189 3227 vent
2207 3198 2273 3235 fimt
2292 3199 2353 3228 d’u-

1296 3241 1329 3259 ne
1343 3234 1504 3268 importance
1515 3228 1808 3269 particuliere,comme
1825 3233 1905 3260 e'tant
1924 3231 1960 3261 les
1974 3236 2116 3269 premieres
2124 3234 2240 3265 Colonies
2255 3238 2353 3268 estran-

1292 3279 1365 3305 gerer
1379 3268 1501 3308 plante'es
1510 3278 1565 3305 par
1581 3276 1658 3298 notre
1671 3271 1780 3297 Nation
1794 3268 1940 3309 Angloise‚
1958 3270 2045 3309 lequel
2058 3276 2186 3309 Ouvrage
2204 3275 2272 3304 tend
2285 3287 2352 3306 non-

1288 3305 1438 3346 JEulement
1456 3306 1474 3336 ἃ
1489 3307 1690 3336 l'avancement
1705 3308 1736 3336 de
1755 3306 1783 3335 la
1801 3307 1892 3337 Gloire
1909 3308 1940 3337 de
1948 3311 2019 3338 Dieu
2038 3309 2076 3344 ό·
2090 3311 2109 3340 ἃ
2129 3311 2156 3339 la
2170 3318 2350 3351 propagation

1294 3347 1326 3375 de
1344 3346 1372 3375 la
1391 3345 1509 3383 Religion
1527 3345 1702 3382 Chretienne,
1721 3348 1789 3374 mais
1810 3356 1900 3375 encore
1919 3346 1937 3375 ἂ
1955 3347 2202 3386 l'agrana'tffi’ment
2219 3351 2263 3381 des
2284 3355 2350 3382 Ter-

1292 3387 1399 3414 ritoires
1417 3383 1456 3420 &⁶
1474 3386 1563 3414 Etats
1580 3385 1612 3413 de
1629 3391 1705 3412 notre
1723 3386 1876 3431 Cauronne,
1896 3383 1932 3418 ὄν
1946 3384 1965 3414 ἂ
1989 3386 2202 3424 l’accroiffement
2214 3389 2250 3419 du
2272 3394 2351 3421 Com-

1293 3433 1392 3461 merce,
1402 3431 1453 3461 par
1467 3422 1500 3452 οἰι
1514 3433 1559 3451 nos
1580 3422 1670 3458 Sujets
1681 3425 1833 3458 pourroient
1853 3430 1910 3452 etre
1923 3424 2052 3453 enrichis:
2073 3427 2114 3453 Et
2132 3437 2206 3465 nous,
2221 3436 2287 3464 pour
2307 3437 2348 3459 cet

1295 3460 1359 3500 effit
1377 3463 1457 3491 etant
1465 3461 1668 3499 gracieuftment
1690 3459 1799 3489 incline‘s
1818 3460 1836 3489 ιὲ
1855 3467 1897 3489 cet
1916 3465 2046 3499 Ouvrage
2082 3462 2152 3493 ublic
2171 3464 2192 3503 fi
2206 3465 2347 3508 glorieux,

1295 3511 1383 3530 avons
1401 3500 1432 3530 de
1447 3507 1514 3528 tems
1533 3509 1566 3527 en
1583 3505 1650 3527 rems
1667 3495 1705 3530 (ἐν
1727 3498 1797 3527 dans
1818 3505 1907 3528 toutes
1928 3499 1964 3528 les
1985 3511 2044 3529 occa
2056 3511 2127 3540 tons,
2146 3505 2259 3533 accord(
2271 3513 2350 3536 notre

1293 3538 1430 3577 assistance
1444 3534 1576 3575 gracieuse
1591 3535 1628 3570 ᾤ’
1642 3535 1726 3565 roiale
1737 3536 1754 3565 ἂ
1771 3535 1913 3566 l’avancer
1927 3535 1965 3570 ὠ
1979 3537 1998 3567 ἃ
2011 3537 2203 3580 l'encourager‚
2222 3542 2350 3583 non-fiu-

1293 3577 1393 3607 lement
1409 3588 1441 3607 en
1460 3575 1604 3605 accordant
1617 3584 1674 3603 aux
1693 3577 1886 3604 Avanturiers
1901 3573 1939 3609 ᾤ’
1955 3575 2103 3608 Planteurs
2116 3579 2246 3619 d'ampler
2260 3583 2349 3612 clmr-

1293 3623 1332 3645 tei
1355 3614 1394 3649 ὠ
1410 3613 1574 3651 Privilege5‚
1591 3616 1658 3642 mais
1681 3622 1714 3641 en
1729 3612 1766 3641 les
1784 3619 1904 3642 mettant
1919 3624 1952 3642 en
1968 3614 2027 3643 e‘tat
2043 3616 2075 3644 de
2093 3616 2171 3647 lever
2186 3619 2219 3648 de
2228 3621 2346 3657 grandes

1286 3655 1399 3693 ftmmes
1417 3653 1451 3682 de
1471 3653 1573 3681 deniers
1581 3659 1649 3689 pour
1661 3647 1780 3692 fhurnir-
1795 3662 1851 3680 aux
1864 3650 1951 3691 fraix
1965 3651 2117 3692 ne‘ceffin'res
2130 3656 2244 3695 defiiites
2259 3658 2345 3688 Plan-

1293 3696 1415 3722 tations:
1434 3693 1476 3720 Et
1491 3691 1571 3718 e‘tant
1589 3691 1697 3718 avertis
1707 3689 1919 3727 presentement,
1941 3696 2010 3720 tant
2026 3701 2081 3730 par
2094 3692 2219 3725 l'humble
2239 3697 2348 3736 requ5te

1293 3731 1326 3760 de
1357 3729 1537 3769 uelques-uns
1557 3727 1602 3756 des
1616 3729 1818 3766 Avanturiers,
1836 3728 2036 3768 qu’autrement
2046 3753 2054 3767 ,
2067 3731 2132 3770 qu'd
2146 3733 2279 3774 l'occafion
2303 3735 2348 3765 des

1293 3741 1422 3808 drssordes
1437 3764 1474 3801 ὠ
1496 3767 1539 3796 des
1561 3767 1794 3795 mecontentemens
1816 3766 1884 3806 qu'il
1892 3777 1914 3804 y
1933 3778 1951 3794 a
1967 3768 2104 3807 entr'eux,
2119 3770 2156 3805 όν
2173 3772 2206 3800 de
2223 3774 2348 3815 quelques

1286 3804 1386 3846 fantes
1399 3805 1469 3845 qu'il
1475 3815 1495 3842 y
1509 3816 1527 3833 a
1542 3803 1610 3833 dans
1627 3803 1651 3831 le
1669 3806 1886 3834 Gouvernement
1901 3803 1939 3839 ό»
1952 3805 2074 3836 d’autres
2088 3809 2226 3839 embarras
2239 3810 2277 3845 ό
2292 3823 2349 3842 em-

1288 3845 1459 3884 pechemem,
1472 3843 1672 3872 l'avancement
1684 3841 1722 3875 (ξφ
1738 3841 2110 3910 l’accroffmentfavorable
2129 3846 2167 3881 ὠ»
2181 3848 2301 3879 heureux
2314 3851 2348 3881 de

1295 3891 1362 3912 cette
1376 3881 1519 3920 entreprise
1534 3891 1550 3909 a
1564 3881 1611 3909 ίίε(
1621 3879 1658 3915 &⁶
1669 3878 1736 3918 stra
1747 3882 1834 3919 proba
1853 3880 1952 3910 lement
1966 3885 2130 3921 interrompu
2148 3893 2207 3916 tous
2222 3887 2260 3917 les
2267 3889 2347 3927 jourr

1297 3922 1329 3950 de
1337 3921 1398 3959 plus
1413 3932 1445 3950 en
1454 3919 1525 3959 plus,
1542 3921 1559 3947 a*
1574 3921 1655 3947 moins
1669 3930 1719 3958 que
1734 3929 1797 3947 nous
1812 3920 1855 3954 n’y
1874 3924 2026 3958 apportions
2039 3921 2076 3951 du
2089 3925 2192 3954 remede
2201 3934 2257 3964 par
2268 3935 2347 3957 notre

1291 3963 1453 3999 prffvot'ance
1469 3957 1565 3992 roiale‚¹
1584 3956 1650 3994 C'est
1660 3960 1787 3996 pourquoi
1801 3958 1965 3995 nous‚apre'5
1979 3963 2062 3989 avoir
2074 3960 2191 3991 de‘libe‘re'
2199 3972 2344 3994 murement

1295 3997 1342 4036 sin·
1360 3997 1415 4027 cela
1425 4021 1434 4035 ‚
1446 3998 1552 4033 [ommes
1560 3994 1746 4033 constamment
1762 3994 1861 4034 refilus
1875 3996 1906 4025 de
1915 3996 2054 4035 pourfiaire
2066 4007 2146 4029 notre
2157 4006 2270 4038 premier
2286 4003 2346 4042 des:

1294 4035 1368 4075 fiam,
1387 4034 1424 4070 (ἐν
1438 4034 1469 4065 de
1484 4037 1626 4071 tomoigner
1634 4041 1689 4072 par
1704 4040 1790 4064 toutes
1805 4034 1895 4073 firtes
1910 4034 1943 4065 de
1966 4035 2031 4067 bons
2053 4041 2151 4068 moiens
2165 4038 2194 4068 la
2209 4042 2350 4070 continua-

2299 4083 2357 4111 tion

2299 167 2327 203 6
2330 164 2355 218 3'

2370 241 2446 274 Ann.
2459 243 2502 276 D.

2398 281 2483 319 1623.

2371 319 2501 357 21Jac.i.

2370 1934 2502 1966 *xva

2396 1983 2464 2011 490-
