2557 4279
680 174 791 223 ΕΤ
875 180 1148 222 ACTA
1232 178 1712 227 PUBL1CA.

2268 209 2311 236 11

0 279 66 310 Αῃῃ,
77 273 119 304 D.
135 272 202 310 pells
228 271 380 310 belonging
404 278 436 301 to
460 268 509 299 the
534 268 608 299 firme
635 268 690 299 and
707 270 793 307 being
811 267 914 299 within
933 276 990 297 one
1008 266 1084 297 Mile
1101 265 1136 295 of
1148 263 1196 294 the
1230 262 1311 302 pelles
1318 276 1339 303 y
1354 267 1839 309 appartenant,&quiftntdanrl‘e
1847 274 2065 311 paced'unmille
2079 275 2097 305 ᾰ
2111 274 2230 308 l'entour
2238 279 2296 309 des·
2317 274 2448 306 Anno.

12 316 94 352 1617.

135 311 209 341 same
235 310 328 348 Abeys
343 318 376 338 or
397 307 587 337 Monasteries
602 329 612 346 ,
637 307 692 337 and
712 308 766 337 also
782 307 816 338 all
833 307 888 337 and
906 305 1025 343 finguler
1044 305 1092 334 the
1112 303 1188 333 OW-
1235 304 1291 331 dits
1301 303 1429 343 Abbayes
1443 315 1475 333 ou
1483 306 1664 343 Monasteres,
1674 318 1768 337 comme
1775 320 1823 339 aus
1834 322 1843 338 ι
1860 312 1879 341 ἃ
1893 322 1952 342 tous
1967 313 2005 348 ὠ·
2018 315 2037 343 ἃ
2053 313 2154 344 chacun
2166 316 2212 344 des
2224 318 2277 346 Pro

2337 314 2426 352 1617.

0 353 117 392 15Jac.1.
136 359 197 380 ners
217 349 344 378 Tenants
361 346 416 376 and
435 346 594 382 Occupiers
611 345 648 375 of
659 345 706 375 the
723 345 776 375 said
794 345 907 384 Abbeys
925 354 959 374 or
981 341 1190 377 Monasteries,
1229 342 1390 379 prie‘taires,
1407 345 1531 380 Tenum,
1550 345 1588 377 &0
1611 347 1745 383 Occupanx
1767 347 1812 376 des
1832 351 1900 379 dites
1920 352 2049 392 Abbayes
2059 363 2092 382 0„
2107 353 2292 392 Monasteres‚
2313 354 2446 390 157452.

0 1131 5 1146 θ
20 1130 118 1157 xvn.

0 1179 62 1236 iiia.
75 1204 116 1235 D.

0 1287 42 1312 'an
63 1293 104 1318 15.

13 1244 95 1281 1617.

0 1321 18 1347 F.
34 1328 95 1358 1.p.

5 1369 58 1392 οαι.
66 1368 75 1386 ι
84 1368 108 1386 ι.

0 3155 3 3229 l

0 3231 3 3273 ἶ

0 3335 113 3401 ian.

0 3403 5 3413 ι

0 3416 5 3428 2

0 3461 5 3571 l

2 3574 7 3621 l

17 3408 94 3448 ¹⁶17·

18 3453 100 3484 τηις.

133 387 257 419 Howses
271 409 281 422 ‚
307 384 401 416 Lands
425 384 481 414 and
505 383 681 415 Tenements
707 383 808 414 within
826 393 884 413 one
902 382 979 412 Mile
996 379 1143 417 compasse
1157 379 1194 408 of
1232 378 1357 418 Maisbns
1370 378 1408 414 ῤ’
1429 383 1523 409 Terres
1542 381 1670 426 distantes
1687 383 1752 412 d'un
1774 385 1846 416 mille
1859 389 1891 416 de
1904 388 1951 425 la,
1965 391 1997 419 de
2011 391 2110 421 donner
2125 389 2164 426 ὠ
2178 393 2211 421 de
2224 392 2293 422 de‘li-

135 425 293 464 thevsame‚
319 432 395 459 upon
416 422 573 453 reasonable
591 421 700 459 request
714 430 746 452 to
763 422 841 452 them
859 423 888 451 in
903 421 962 451 that
977 419 1075 450 behalf
1089 417 1191 454 made,
1232 427 1301 466 vrer
1310 417 1383 485 scr
1403 429 1454 447 une
1472 425 1582 458 requete
1601 421 1766 450 convenable
1787 423 1805 452 ἃ
1826 436 1878 454 eux
1916 428 2028 465 re‘ftnte‘e
2050 429 2068 457 ἃ
2092 440 2119 458 ce
2155 430 2228 467 u'et,
2255 430 2293 460 les

133 473 168 494 to
191 464 255 501 give
279 461 335 492 and
360 460 467 491 deliver
490 461 538 490 the
565 459 642 499 Keys
663 460 700 489 of
713 461 760 491 the
779 459 834 490 said
850 459 971 503 *Abbeys
989 468 1022 488 or
1039 455 1191 501 Monaste-
1231 454 1303 500 cles*
1334 467 1346 484 e
1369 466 1408 504 ‘ie‘
1426 456 1555 502 Aboayes
1577 466 1611 500 ⁰⁸.
1632 458 1818 501 MopasterH,
1837 435 1960 502 Eglssvft‘s,
1980 466 2116 504 chapelles
2200 471 2294 498 Πρω..

134 503 204 538 ries,
222 499 388 536 Churches,
405 498 538 535 Chapells
556 499 610 528 and
628 498 726 541 Places
743 497 876 528 aforesaid
894 505 964 527 unto
982 496 1030 539 the
1047 495 1103 525 said
1121 497 1190 523 Ma-
1230 493 1346 533 fhsdm,
1367 506 1385 523 a
1409 493 1438 541 {a
1458 494 1514 524 dtte
1536 494 1630 539 Marte
1644 493 1836 536 Midlemore‚
1843 503 1887 539 ses
1905 505 2086 541 Exe‘cuteurs,
2105 507 2294 545 Administra-

136 550 166 578 ν]
185 537 344 568 Midlemore
362 537 412 566 her
432 537 605 581 Execurors,
624 533 1041 603 AdtrginistratzgerDespuctileS,
1060 533 1192 601 ὃέῐξνίἓξε
1224 539 1323 610 stifft,
1342 531 1960 610 ῗῑὲιξέἕιέαἶίῗῖῗῇαΐι(ἶιὶτνὶεοζπΞβοην
1984 541 2008 570 le
2031 543 2128 581 deffein
2149 543 2186 579 &
2202 548 2294 584 projeg

134 575 872 652 sgrciialxaligogffiiiigrti'tgobethgylriigpbi‘nthgnkirffiveer?
880 581 988 640 &egre
1004 581 1191 648 'reu-pdelivery
1232 608 1262 637 la
1277 583 1432 648 rest‘i'tution
1449 610 1480 640 de
1495 620 1535 639 ces
1549 608 1610 639 cle‘s
1631 608 1650 638 ιὶ
1665 584 1747 640 telle?
1757 584 1907 652 Peersqolnjcg
1920 577 2008 656 5215?
2009 582 2294 657 {effnzjtrznttissgg

134 653 172 682 of
181 652 229 682 the
242 650 317 682 same
332 651 408 691 Keys
423 660 454 682 to
470 652 538 682 such
551 651 657 682 Person
671 650 727 681 and
740 649 858 681 Persons
874 656 905 679 to
924 648 1026 680 whom
1048 647 1097 678 the
1117 647 1192 677 same
1235 647 1267 677 de
1282 651 1376 677 Droit.

132 691 201 721 {hall
215 691 251 720 of
262 691 334 728 right
352 700 532 731 apperteyne:

170 728 320 767 Although
336 729 444 767 express
460 728 607 765 mention,
625 724 687 761 ἀι.

169 805 204 835 In
220 806 319 837 witnes
329 828 338 843 ‚
357 804 418 840 ὠς,

155 882 284 951 fNXitnfis
307 891 361 912 our
380 879 446 910 selfe
467 887 495 911 at
515 877 714 919 Wstminster‚
730 879 779 911 the
801 879 869 909 nine
892 875 947 909 and
961 875 1113 908 twentieth
1127 875 1192 914 Day

135 931 154 949 o
209 931 251 958 pri
274 943 280 950 .

610 998 662 1027 Per
677 1000 770 1028 Breve
787 994 819 1026 de
834 996 956 1025 Privato
971 991 1071 1032 Sigilla.

1270 724 1397 764 Quoique
1409 728 1527 754 mention
1541 725 1670 765 expreffl·‚
1687 726 1747 757 &c.

1271 802 1319 829 En
1335 801 1434 831 tcfmain
1449 802 1481 831 de
1494 806 1571 843 quoi,
1589 803 1650 835 ὅτε.

1269 877 1390 943 ssl'dmoins
1413 878 1611 909 Nous-memes
1632 878 1650 909 ἃ
1669 878 1890 920 westminster,
1910 891 1938 912 ce
1957 883 2200 919 vingt-neuvieme
2219 888 2294 920 d’Aq

1233 924 1280 943 ρυνι
1296 936 1302 943 .

1700 997 1755 1028 Per
1771 992 1862 1029 Breve
1877 996 1912 1028 de
1926 995 2041 1029 Privato
2056 997 2163 1037 sigillo„

333 1123 361 1150 ὃ*
387 1125 436 1156 De
459 1123 561 1170 Officio
584 1128 684 1170 Virgae
706 1123 810 1168 Bajrcli
835 1121 964 1169 concesso.

136 1204 254 1261 REX
269 1208 433 1247 Omnibus,
449 1208 483 1239 ad
500 1219 587 1247 quos,
603 1210 663 1241 &c.
681 1209 816 1240 Salutem.
1115 1244 1120 1249 .
1144 1243 1148 1248 ¹

233 1246 314 1277 Cum
330 1246 414 1285 Nos,
434 1257 483 1284 per
499 1248 604 1278 Literas
617 1248 722 1278 nostras
738 1247 884 1283 Parentes,
899 1245 948 1275 sub
963 1244 1074 1283 Magno
1092 1241 1191 1286 Sigillo

132 1283 233 1314 nostro
256 1285 367 1324 Angliae
381 1308 391 1322 ‚
419 1294 544 1323 gerentes
563 1286 670 1316 Datam
693 1286 765 1323 apud
789 1282 1191 1327 Wstmorzasteriumtdecnimo

130 1319 250 1360 septimo
264 1323 322 1354 Die
336 1324 476 1355 Octobris
489 1325 576 1354 Anno
592 1324 685 1362 Regni
698 1324 788 1354 nostri
805 1323 960 1360 (videlicet)
978 1321 1090 1359 Anghae
1106 1320 1192 1363 israu-

131 1362 184 1391 ciae
199 1362 232 1391 ὃς
247 1361 395 1392 Hiberniae
411 1364 511 1400 tertio,
531 1364 564 1394 ὃς
578 1363 683 1395 Scotiae
697 1363 839 1394 tricesimo
860 1371 958 1398 nono,
977 1369 1028 1398 pro
1048 1361 1136 1402 ⁴caulis
1158 1359 1190 1388 δε

130 1401 397 1431 considerationibus
422 1403 449 1430 in
474 1401 575 1432 eisdem
594 1401 695 1432 Literis
710 1401 873 1431 Patentibus
888 1401 1086 1443 mentionatis,
1107 1396 1191 1440 dede7

130 1438 218 1468 rimus
241 1439 274 1469 &
296 1438 516 1470 concesserimus
536 1440 651 1469 Ricarda
673 1439 799 1477 Cognisby
816 1439 969 1475 Armigero
984 1434 1191 1480 modo-Militi

129 1478 180 1506 uni
195 1477 407 1508 Generoiorum
425 1477 636 1508 Hostiariorum
662 1477 795 1508 Camerae
816 1476 917 1506 nostr-cr:
940 1477 973 1507 δε
992 1477 1104 1518 Georgto
1128 1471 1190 1517 Reli

128 1514 198 1544 lard
208 1515 358 1554 Armigero
375 1515 516 1546 Servienti
531 1516 629 1546 nostro
647 1515 789 1546 Officium
815 1514 911 1554 Virgae
931 1513 1018 1551 Bajuli
1039 1514 1102 1543 ali-Eis
1121 1511 1191 1540 dieti

131 1553 270 1592 virgarii,
286 1554 320 1584 ad
335 1554 504 1591 portandum
521 1554 640 1592 Virgam
656 1564 755 1585 coram
771 1552 870 1584 Nobis
889 1561 935 1583 aut
957 1552 1192 1596 Locuintenenre

127 1592 229 1622 nostro
250 1592 407 1622 Haeredum
429 1593 462 1623 &
486 1592 688 1623 Succefforurn
710 1593 892 1629 nostrorum,
909 1590 942 1621 ad
961 1589 1078 1620 Festum
1093 1590 1192 1618 §aneti

128 1630 251 1668 Georgii
270 1629 343 1661 infra
362 1629 497 1660 Castrum
517 1631 645 1661 nostrum
664 1630 700 1661 de
719 1631 858 1662 Windsor
878 1631 905 1659 in
924 1628 1076 1658 Comitatu
1104 1625 1192 1671 Berks

126 1668 173 1698 seu
200 1669 290 1708 alibi3
320 1668 414 1705 Qod
437 1667 554 1706 quidem
581 1668 723 1699 Officium
747 1669 895 1706 praediCtus
910 1665 1042 1696 Ricardus
1060 1663 1190 1732 Cognthby

127 1706 285 1775 (dpraedit‘sso
307 1709 420 1745 Georgia
445 1706 563 1737 Pollard
583 1717 662 1738 nunc
688 1706 844 1744 defuncto)
873 1707 932 1743 jam>
948 1706 1035 1736 habet
1052 1703 1085 1734 &
1104 1712 1142 1741 po
1166 1713 1191 1731 i-

151 1754 179 1777 et

166 1768 340 1815 H’abendum
359 1784 393 1816 ὃς
410 1784 613 1822 occupandum
631 1781 774 1816 Officium
804 1782 976 1826 praedietum
1001 1779 1121 1826 praefatis
1144 1779 1193 1808 Ri-

126 1824 208 1853 cardo
225 1823 350 1862 Cognisby
368 1824 401 1854 &
420 1826 533 1861 Georgia
551 1823 668 1854 Pollard
682 1826 715 1855 ὃς
731 1833 833 1854 eorum
853 1822 944 1859 alteri,
962 1819 1142 1864 conjunctim
1158 1818 1192 1848 &

127 1862 241 1892 divisim
257 1884 267 1899 ,
292 1871 345 1899 pro
367 1863 492 1892 termino
517 1860 647 1893 Vitarum
673 1870 774 1892 eorum
800 1863 833 1893 &
857 1859 934 1890 Vitae
961 1859 1073 1888 alterius
1092 1866 1193 1902 eorum

127 1900 230 1930 diutius
253 1900 374 1930 viventis
387 1921 396 1938 ,
424 1899 616 1931 exercendum
640 1910 689 1938 per
705 1899 836 1938 praefatos
851 1896 996 1928 Ricardum
1015 1895 1143 1933 cogmsby
1158 1896 1192 1926 δε

127 1941 269 1976 Georgium
288 1937 405 1968 Pollard
419 1938 448 1968 in
467 1938 586 1976 propriis
606 1938 734 1969 Personis
750 1938 801 1968 suis
821 1945 868 1968 aut
885 1945 935 1974 per
953 1944 1056 1965 eorum
1074 1934 1192 1964 alterum

128 1977 160 2006 in
179 1978 291 2015 propria
309 1976 430 2006 Persona
448 1977 509 2013 sua,
525 1986 574 2009 aut
592 1987 641 2016 per
657 1975 841 2007 sufficientem
862 1975 911 2005 De
931 1983 1040 2018 uratum
1059 1972 1115 2016 five
1129 1970 1192 2001 De-

128 2023 240 2052 putatos
263 2014 434 2046 sufficientes
459 2024 559 2045 eorum
585 2015 695 2046 alterius
719 2015 883 2046 durantibus
930 2021 974 2043 itis
989 2011 1193 2055 praedictorum

129 2054 241 2083 Ricardi
258 2054 290 2084 &
310 2055 416 2090 Georgii
433 2054 466 2085 &
485 2053 552 2083 Vita
571 2064 673 2084 eorum
692 2052 801 2084 alterius
816 2053 918 2083 diutius
934 2052 1073 2094 viventis,

167 2091 337 2122 Dederimus
355 2093 440 2121 etiarn
456 2091 489 2120 &
508 2092 729 2123 concesserimus
747 2102 795 2129 per
813 2090 922 2122 easdem
942 2089 1049 2133 Literas
1065 2087 1192 2131 Parentes

128 2130 233 2161 eisdem
250 2129 368 2160 Ricardo
385 2129 513 2168 Cognisby
530 2130 563 2160 &
580 2133 693 2168 Georgia
710 2130 828 2160 Pallard
842 2139 896 2166 pro
914 2127 1027 2158 Officio
1053 2125 1193 2164 praedicto

128 2169 159 2198 in
189 2168 281 2197 forma
307 2166 442 2204 praedidta
467 2168 628 2198 exercendo
650 2168 797 2205 quoddam
832 2167 959 2197 Vadium
988 2166 1033 2195 scu
1063 2164 1195 2194 Feodum

127 2206 276 2237 Duodecim
294 2208 478 2236 Denariarum
496 2205 591 2242 legalis
608 2206 738 2237 Monetae
753 2206 866 2245 Angliae
884 2215 933 2243 per
949 2204 1059 2240 Diem,
1075 2213 1109 2247 ac
1127 2212 1194 2245 om-

129 2247 176 2275 nia
195 2245 244 2274 alia
264 2243 353 2274 Vadia
370 2243 502 2275 proficua
520 2245 553 2275 &
573 2245 748 2283 Advantagia
772 2246 866 2275 eidem
890 2241 1003 2273 Officio
1025 2250 1192 2279 pertinentia

130 2284 187 2314 five
210 2283 360 2320 spectantia
383 2281 546 2312 durantibus
575 2282 647 2313 Vitis
662 2292 762 2314 eorum
780 2281 893 2313 Ricardi
912 2282 945 2312 &
965 2283 1072 2317 Georgii
1092 2281 1123 2310 ὃ(
1142 2289 1193 2308 eo-

128 2331 195 2352 rum
213 2321 320 2351 alterius
336 2320 439 2350 diutius
454 2321 593 2358 viventis,
611 2323 642 2351 in
659 2329 717 2351 tam
732 2322 832 2359 amplis
848 2320 937 2350 modo
952 2321 984 2351 &
1002 2319 1096 2349 forma
1110 2324 1194 2355 prout

129 2359 283 2397 praedictus
297 2358 426 2388 Ricardus
440 2358 563 2397 Cognisby
578 2368 625 2389 aut
638 2369 704 2390 ante
715 2369 782 2390 eum
797 2363 888 2389 Simon
902 2361 1035 2396 Bowyer,
1051 2359 1194 2399 Antonias

130 2400 173 2428 W
175 2402 224 2434 ing
224 2395 303 2437 feild
308 2420 317 2434 ,
337 2399 378 2427 W
379 2396 502 2426 illielmus
516 2399 635 2434 Nonis,
654 2406 700 2428 aut
714 2399 811 2436 aliquis
824 2398 891 2427 alius
906 2397 962 2427 five
978 2396 1062 2434 aliqui
1075 2396 1119 2424 alii
1136 2394 1193 2424 Ot-

128 2435 229 2466 ficium
244 2435 412 2472 praedictum
426 2435 573 2466 exercend’
589 2436 674 2467 habet
695 2436 793 2467 habuit
814 2436 860 2467 seu
882 2435 1021 2473 percepit,
1040 2434 1196 2464 habuerunt

129 2475 175 2506 seu
211 2484 276 2504 erce
297 2481 393 2504 erunt·

167 2484 343 2543 Hibengum
369 2498 403 2542 ἐξ
425 2511 637 2549 percipiendum
660 2511 830 2550 praeditstum
852 2510 977 2542 Vadium
1000 2511 1045 2541 seu
1064 2509 1195 2541 Feodum

129 2551 276 2581 Duodecim
294 2553 477 2580 Denariorum
499 2550 590 2588 legalis
617 2549 749 2581 Monetae
773 2550 886 2589 Angliae
907 2560 956 2588 per
976 2549 1066 2579 Diem
1089 2548 1193 2578 eisdem

130 2590 249 2620 Ricardo
275 2588 404 2627 Cognisby
423 2589 456 2619 &
478 2591 590 2625 Georgia
615 2588 730 2619 Pollard
745 2588 908 2619 durantibus
931 2587 1002 2617 Vitis
1028 2587 1196 2629 naturalibus

128 2627 255 2664 ipsorum
278 2628 311 2658 &
335 2636 436 2657 eorum
459 2626 571 2657 alterius
594 2627 699 2658 diutius
723 2628 867 2665 viventis,
902 2625 1070 2656 solvendum
1095 2624 1111 2654 ὲ
1136 2624 1196 2667 Die

129 2666 216 2697 Datae
240 2666 440 2703 praedictarum
467 2665 625 2695 Literarum
651 2665 812 2696 Patentium
837 2665 872 2695 ad
897 2663 978 2695 Festa
1005 2663 1104 2694 Sanffi
1132 2663 1194 2692 Μι-

129 2705 235 2735 chaelis
252 2703 424 2742 Archangeli
439 2703 472 2733 δε
492 2702 604 2734 Paschae
621 2713 671 2741 per
688 2714 713 2734 ae
737 2704 807 2734 uales
824 2702 974 2734 Portiones
987 2727 996 2739 ,
1022 2701 1057 2733 ad
1076 2701 1194 2739 Recep-

133 2752 192 2773 ram
213 2743 352 2773 Scaccarii
373 2741 462 2772 nostri
482 2741 642 2772 Haeredum
663 2743 697 2773 ὃς
744 2742 923 2773 uccefforum
945 2740 1125 2777 nostrorum,
1144 2750 1195 2777 per

133 2790 233 2811 manus
247 2781 422 2811 Thesaurarii
437 2780 469 2811 &
489 2779 721 2811 Camerariorum
736 2780 901 2811 nostrorum
916 2779 1022 2810 ibidem
1065 2789 1098 2809 ro
1120 2786 1194 2809 tem-

133 2828 204 2855 pore
228 2818 424 2856 existentium‚
443 2820 587 2849 annuatim
605 2819 641 2849 de
663 2819 812 2850 Thesauro
835 2818 935 2849 nostro
959 2817 993 2848 ad
1009 2817 1036 2848 di
1068 2827 1116 2848 am
1133 2816 1194 2847 Re-

133 2865 246 2925 geptam
261 2856 401 2895 solvend’,
417 2865 499 2895 prout
515 2866 563 2895 per
577 2857 688 2889 easdem
705 2857 809 2890 Literas
825 2857 956 2889 Parentes
969 2857 1078 2895 plenius
1104 2856 1192 2894 liquet

184 2905 199 2924 a
239 2904 296 2925 aret

170 2904 288 2970 Εξὲυἰα
302 2918 413 2963 ³constat
426 2933 509 2964 nobis
522 2933 694 2970 praedictum
714 2936 854 2973 Georgium
878 2932 1009 2971 Pollam,
1026 2940 1058 2964 ut
1080 2932 1194 2973 praefer-

131 2978 179 3002 tur
196 2993 206 3008 ‚
230 2971 294 3001 fore
315 2971 483 3002 defunctum
505 2972 645 3010 praedieto
666 2974 781 3003 Ricardo
800 2972 951 3011 Coningsby
972 2972 1193 3010 supervivente,

131 3018 261 3046 cumque
276 3010 363 3040 etiam
376 3009 496 3048 Jacobus
511 3010 654 3039 Maxwell
665 3010 796 3049 Armiger
812 3021 884 3041 unus
897 3010 1111 3041 Gener-osorum
1126 3011 1193 3039 Ho-

134 3047 296 3077 stiariorum
311 3046 444 3077 Camerae
460 3047 563 3077 nostrae
581 3047 734 3078 humilime
751 3049 914 3087 supplicavit
929 3056 959 3078 ut
978 3048 1047 3078 Nos
1063 3049 1126 3079 alias
1143 3047 1194 3078 Li-

133 3094 204 3116 teras
220 3084 325 3115 nostras
338 3084 468 3115 Parentes
485 3085 520 3115 de
535 3085 712 3116 Reverfione
724 3086 825 3117 Officii
840 3086 968 3124 praedicti
990 3087 1082 3118 eidem
1104 3085 1192 3124 Jaco-

135 3230 184 3263 De
207 3229 344 3263 Licentia
360 3226 484 3274 speciali
502 3237 557 3274 pro
584 3225 734 3309 INZ'cholao
758 3226 907 3277 Hillyard
918 3255 929 3273 ‚
956 3229 1047 3276 fitper
1069 3231 1192 3264 Pictura

635 3286 704 3322 egis·

162 3378 274 3416 ΑΜες,
291 3379 311 3409 b
344 3377 392 3410 the
405 3376 503 3409 Gracc
519 3374 554 3408 of
565 3372 652 3414 Coa,
671 3375 732 3413 &a
750 3382 783 3409 to
795 3375 830 3409 all
843 3385 875 3409 to
889 3376 989 3410 whom
1015 3378 1100 3410 theise
1122 3378 1192 3411 Pte-s

129 3378 158 3450 J
179 3418 250 3449 sents
262 3387 329 3449 shall
344 3426 449 3454 come,
468 3416 589 3446 Greetin
613 3438 619 3444 .

171 3456 311 3487 Whereas
326 3465 382 3486 our
396 3454 573 3485 welbeloved
610 3461 706 3484 ervant
722 3453 852 3484 Nichalar
870 3453 1006 3494 Hillyard
1015 3455 1189 3487 Gentleman

30 3492 117 3522 ¹-P-9·
133 3503 188 3525 our
208 3494 354 3533 principall
381 3493 501 3524 Drawer
527 3492 570 3522 for
597 3491 645 3523 the
671 3492 750 3522 small
776 3492 911 3523 Purtraits
929 3494 983 3524 and
1003 3492 1143 3525 [mborser
1157 3495 1195 3526 of

42 3533 82 3560 ¹5·

133 3542 187 3562 our
217 3533 364 3564 Medallies
382 3532 419 3562 of
434 3530 517 3562 Gold
531 3553 540 3568 ‚
566 3531 595 3560 in
612 3528 718 3568 respect
736 3529 772 3560 of
782 3530 825 3560 his
845 3532 1048 3572 extraordinary
1067 3534 1119 3564 Art
1134 3535 1191 3565 and

135 3570 205 3601 Skill
229 3573 258 3601 in
285 3570 403 3602 Drawin

133 3610 331 3646 presentations
348 3609 383 3639 of

133 3656 179 3678 we
197 3648 251 3678 and
270 3648 382 3686 publish
396 3672 406 3686 ,
431 3656 460 3677 as
478 3646 515 3677 he
534 3656 587 3677 can
604 3645 644 3675 do
656 3667 666 3682 ‚
690 3644 736 3675 for
754 3644 812 3675 fear
829 3645 873 3675 his
890 3645 1016 3678 Workes
1034 3650 1132 3679 would
1152 3652 1190 3680 be

133 3685 337 3718 counterfeited
357 3688 393 3725 by
409 3685 525 3721 others,
552 3683 668 3727 whereb
703 3682 739 3712 he
758 3682 861 3729 should
879 3693 994 3715 receave
1012 3687 1082 3717 both
1103 3687 1190 3718 Loffe

135 3723 190 3752 and
217 3724 384 3762 Discredit3
409 3724 478 3754 hath
504 3722 586 3753 made
604 3723 648 3752 his
687 3721 784 3751 umble
803 3721 881 3751 burte
899 3731 971 3753 unto
986 3723 1034 3754 Us
1050 3726 1109 3756 that
1126 3727 1187 3756 We

136 3761 235 3792 would
249 3763 286 3792 be
302 3762 459 3800 gracioussy
475 3760 580 3801 pleased
596 3769 629 3792 to
646 3768 726 3799 grant
736 3760 802 3797 him
818 3759 876 3789 sole
892 3759 1032 3801 Privilege
1048 3764 1093 3794 for
1108 3765 1188 3794 some

135 3806 215 3836 tyme
228 3800 272 3830 for
286 3800 408 3839 Making
424 3801 556 3837 Graving
568 3798 622 3829 and
636 3798 808 3836 Imprinting
821 3798 889 3829 such
904 3798 941 3829 of
952 3799 1000 3830 the
1014 3801 1068 3833 said
1091 3803 1188 3833 Pictu-

136 3845 180 3866 res
192 3846 219 3866 as
233 3837 268 3867 he
281 3839 381 3869 should
395 3838 531 3869 hereafter
551 3839 634 3868 make
650 3837 707 3867 and
722 3837 839 3873 invent3

177 3874 276 3905 Know
295 3885 328 3913 ye
339 3877 397 3907 that
411 3877 488 3915 We,
505 3876 542 3906 of
554 3886 606 3906 our
623 3875 749 3914 especiall
767 3873 880 3913 Gracc,
899 3883 1029 3916 certeyne
1047 3877 1188 3910 Knowle-

136 3921 172 3949 ge
186 3913 240 3942 and
258 3922 349 3943 meere
364 3914 499 3951 Motion‚
516 3915 588 3944 have
602 3915 686 3953 given
709 3913 763 3943 and
787 3913 938 3951 graunted,
956 3915 1009 3945 and
1020 3939 1030 3954 ,
1047 3918 1083 3956 by
1103 3918 1188 3948 theise

137 3950 280 3987 Presents‚
294 3951 339 3980 for
352 3952 398 3981 U<
412 3963 465 3981 our
484 3952 582 3982 Heires
598 3952 651 3982 and
668 3951 846 3989 Successors,
865 3952 905 3981 do
924 3954 989 3991 give
1007 3955 1062 3985 and
1085 3966 1187 3993 graunt

136 3997 210 4019 unto
232 3987 280 4017 the
302 3988 355 4018 said
376 3991 504 4020 Nicholas
527 3990 662 4030 Hillyard
679 3991 720 4020 his
745 3990 918 4024 Executors,
942 3990 1189 4031 Administrators‚

136 4027 292 4063 Deputies,
311 4025 438 4057 Servants
452 4031 505 4058 and
520 4029 663 4067 Affignes,
679 4028 731 4059 full
746 4029 802 4058 free
815 4029 868 4058 and
882 4026 939 4059 tole
961 4029 1111 4072 Lycence,
1132 4032 1190 4062 Po-

137 4076 214 4101 wer,
235 4063 375 4103 Privilege
392 4066 445 4095 and
460 4067 611 4107 Authority
620 4089 630 4106 ,
646 4068 693 4098 for
706 4067 760 4098 and
773 4068 873 4108 during
890 4066 938 4098 the
951 4076 1040 4100 terme
1054 4071 1090 4101 of
1108 4070 1191 4103 twel-

171 4106 245 4136 Z'am.
263 4105 337 4134 VII.
355 4104 389 4133 Ρ.
408 4106 467 4135 ΠΙ.
1153 4119 1189 4142 ve

449 3568 578 3607 Graving
603 3568 658 3599 and
674 3567 844 3607 Imprinting
862 3569 897 3599 of
914 3570 1040 3601 Pictures
1055 3572 1109 3602 and
1131 3573 1191 3602 Re-

434 3618 446 3638 s
461 3607 515 3637 and
533 3608 647 3644 others,
661 3606 761 3638 which
779 3607 815 3637 he
829 3607 908 3637 durst
922 3617 973 3638 not
987 3609 1112 3641 hitherto
1126 3611 1190 3643 ihe-

1217 3649 1330 3691 jusqaes
1344 3652 1376 3680 ici
1387 3656 1506 3678 mantrer

1235 1113 1267 1142 bo
1282 1114 1426 1144 Maxwell
1438 1116 1468 1145 in
1481 1114 1576 1146 forma
1591 1116 1723 1155 sequente
1737 1119 1856 1157 gratiose
1871 1118 1963 1149 facere
1979 1119 2012 1149 ὃς
2028 1119 2185 1151 concedere
2196 1121 2296 1160 digna-

1233 1161 1334 1182 remur.

1248 1229 1253 1234 ·
1272 1190 1373 1221 Sciatis
1385 1192 1465 1230 quod
1485 1192 1573 1231 Nos,
1590 1192 1626 1223 de
1641 1193 1739 1224 Gratia
1758 1193 1850 1224 nostra
1865 1194 1992 1234 speciali,
2009 1206 2042 1227 ac
2056 1206 2091 1227 ex
2107 1206 2183 1228 certa
2197 1198 2298 1230 Scien-

1234 1237 1270 1259 tia
1285 1230 1317 1259 &
1334 1239 1415 1260 mero
1431 1229 1524 1261 Motu
1539 1231 1658 1269 nostris,
1677 1233 1710 1262 ὅ(
1726 1242 1779 1269 pro
1805 1234 1837 1263 &
1852 1234 1882 1262 in
1904 1234 2127 1266 consideratione
2149 1239 2218 1268 boni
2234 1240 2296 1269 veri

1233 1267 1266 1298 &
1283 1267 1369 1298 fidelis
1386 1268 1498 1298 Servitii
1514 1271 1597 1300 nobis
1616 1271 1734 1300 antehac
1756 1271 1876 1308 impensi
1899 1274 1931 1303 &
1953 1274 2047 1310 postea
2070 1275 2219 1313 impensuri
2245 1287 2296 1314 per

1232 1306 1382 1348 praefatum
1407 1306 1542 1345 Jacobum
1564 1308 1729 1346 Maxwell,
1756 1311 1842 1347 quam
1864 1321 1917 1348 pro
1939 1312 2052 1343 divertis
2072 1314 2129 1343 aliis
2151 1315 2237 1345 caulis
2259 1317 2294 1346 δε

1234 1345 1504 1386 conliderationibus
1517 1356 1570 1376 nos
1584 1347 1617 1376 ad
1635 1348 1751 1384 praesens
1768 1351 1968 1387 moventibus,
1983 1351 2112 1381 dedimus
2128 1352 2161 1382 &
2176 1363 2296 1384 conces-

1234 1384 1336 1420 fimus,
1351 1394 1402 1421 ac,
1424 1394 1472 1421 per
1485 1384 1653 1422 praesentes,
1673 1395 1725 1422 pro
1742 1385 1840 1416 Nobis
1852 1386 2023 1419 Haeredibus
2038 1391 2293 1423 &Successoribus

1235 1420 1352 1459 nostris,
1370 1422 1469 1453 damus
1483 1425 1515 1453 &t
1531 1425 1732 1461 concedimus,
1749 1425 1841 1454 eidem
1857 1425 1963 1463 Jacoho
1977 1428 2121 1457 Maxwell
2141 1429 2298 1461 Revcriio.

1234 1469 1303 1502 nem
1326 1461 1396 1490 dieti
1421 1460 1526 1491 Officii
1547 1462 1743 1500 Virgae-bajuli
1761 1463 1824 1492 alias
1841 1465 1909 1493 meti
1938 1464 2057 1503 Virgarii
2072 1467 2106 1496 ad
2123 1469 2295 1504 portandum

1234 1498 1286 1528 Vir
1306 1508 1352 1528 am
1365 1508 1463 1528 coram
1479 1499 1576 1530 Nobis
1592 1510 1638 1530 aut
1654 1500 1882 1531 Locumtcnente
1896 1502 1993 1533 nostro
2008 1504 2165 1534 l-laeredum
2179 1508 2211 1537 &
2222 1508 2296 1538 Suc-

1233 1540 1277 1566 cei
1292 1545 1375 1566 orum
1392 1537 1556 1568 nostrorum
1573 1538 1606 1568 ad
1624 1539 1740 1568 Festum
1759 1539 1855 1570 Sancti
1870 1539 1990 1580 Georgii
2006 1543 2078 1572 infra
2092 1542 2225 1575 Castrum
2241 1556 2295 1577 no-

1234 1574 1321 1604 strum
1337 1575 1372 1604 de
1386 1576 1534 1614 Wyndsor
1549 1578 1577 1606 in
1594 1575 1684 1607 Com.
1698 1577 1783 1608 Berks
1798 1580 1842 1608 ieu
1859 1579 1942 1618 alibi,

1269 1611 1446 1644 Habendum
1468 1615 1501 1645 &
1528 1617 1731 1653 occupandum
1760 1615 1903 1647 Officium
1944 1618 2012 1648 illud
2041 1619 2160 1656 praefato
2188 1620 2296 1658 Jacoba

1235 1651 1380 1680 Maxwell
1393 1662 1446 1689 pro
1459 1654 1584 1684 termino
1597 1652 1671 1684 Vitae
1685 1654 1740 1684 suae
1756 1656 1900 1692 naturalis,
1915 1665 1984 1686 cum
1998 1658 2062 1695 post
2078 1657 2212 1689 Mortem
2230 1661 2297 1690 Sur-

1234 1688 1501 1721 sum-redditionem
1517 1691 1573 1722 five
1590 1691 1871 1723 Determinationem
1886 1703 2089 1734 quamcunque
2105 1697 2232 1734 piaediffl
2246 1701 2296 1728 Ri-

1235 1728 1310 1757 cardi
1324 1729 1453 1767 Connisby
1466 1728 1567 1760 Militis
1583 1730 1726 1761 Officium
1743 1732 1910 1767 praedictum
1926 1742 2027 1763 vacare
2046 1736 2299 1774 contigerit‚exer-

1234 1765 1318 1796 cend’
1332 1776 1381 1803 per
1395 1767 1544 1805 praefatum
1559 1766 1697 1806 Jacobum
1716 1768 1861 1799 Maxwell
1873 1771 1902 1799 in
1918 1773 2030 1808 propria
2048 1773 2169 1804 Persona
2185 1774 2229 1804 sua
2247 1785 2293 1807 aut

1234 1814 1284 1881 ξεῖ
1308 1804 1495 1874 ἳᾳΗῘὶιὲῐεηῐεἯ
1516 1806 1697 1844 Deputatum
1717 1808 1799 1838 suurn
1820 1809 1937 1840 durante
1961 1809 2028 1841 Vita
2041 1813 2157 1843 naturali
2168 1814 2298 1850 praedicti

1263 1854 1309 1872 aso
1328 1855 1336 1872 l
1388 1856 1470 1874 ›2wa
1497 1868 1502 1873 -

1257 1882 1292 1924 ι*
1313 1881 1456 1913 Dedimus
1470 1884 1553 1914 etiam
1570 1885 1603 1915 &
1617 1883 1820 1921 conceffimus,
1839 1895 1889 1923 ac,
1907 1895 1955 1923 per
1967 1886 2132 1926 Praesentes‚
2149 1897 2203 1927 pro
2224 1890 2295 1922 No-
2313 1905 2328 1920 ο

1233 1919 1276 1950 b1s
1292 1919 1462 1952 Haeredibus
1474 1923 1506 1952 &
1520 1923 1733 1952 Succefforibus
1753 1923 1855 1953 nostris
1875 1926 1976 1954 damus
1994 1926 2027 1955 &
2047 1930 2233 1959 concedimus
2255 1932 2295 1961 ei·-

1234 1957 1302 1988 dem
1318 1960 1419 1997 Jacobo
1437 1960 1594 1998 Maxwell,
1610 1971 1662 1998 pro
1679 1960 1792 1991 Officio
1809 1963 1945 1999 praedicto
1963 1964 2052 1994 modo
2066 1967 2098 1997 &
2113 1966 2204 1996 forma
2222 1978 2296 2006 prae-
2318 1953 2325 1970 ¹

2350 1904 2446 1933 xviii

2332 1952 2359 1978 ς.

1233 1996 1316 2027 dietis
1329 1999 1504 2036 exercendo,
1523 2000 1593 2030 etim
1607 2001 1755 2036 acciderit,
1775 2001 1918 2037 quoddam
1943 2001 2064 2033 Vadium
2088 2004 2143 2035 rive
2164 2005 2295 2039 Feodum
2335 2006 2337 2009 ’

1234 2036 1380 2076 Duodecim
1396 2040 1579 2068 Denariorum
1594 2038 1686 2076 legalis
1705 2037 1839 2069 Monetae
1857 2040 1967 2078 Angliae
1984 2051 2032 2078 per
2055 2041 2142 2072 Diem
2153 2066 2163 2081 ‚
2179 2054 2212 2074 ac
2224 2055 2294 2075 om-

1233 2083 1278 2104 nia
1293 2075 1344 2105 alia
1360 2075 1447 2105 Vadia
1463 2076 1486 2106 F
1488 2077 1558 2106 eoda
1575 2075 1707 2106 Proficua
1722 2079 1756 2108 ὃς
1775 2078 1954 2115 Advmtagia
1969 2079 2061 2109 eidem
2077 2080 2189 2111 Officio
2207 2086 2295 2120 perti-

1235 2114 1329 2143 nentia
1351 2113 1407 2144 five
1429 2114 1598 2152 spectantia,
1615 2115 1733 2145 durante
1756 2115 1817 2146 tota
1839 2114 1906 2147 Vita
1929 2118 2009 2153 ipsius
2020 2118 2122 2156 Jacobi
2135 2121 2294 2161 Maxwell,

1235 2151 1268 2181 &
1286 2152 1314 2180 in
1329 2159 1387 2182 tam
1399 2153 1501 2190 amplis
1516 2153 1606 2183 modo
1620 2155 1653 2184 ὃς
1669 2153 1762 2184 Forma
1777 2164 1862 2192 prom
1884 2156 2012 2192 praefatus
2032 2157 2163 2188 Ricardus
2182 2163 2296 2191 Cannis-

1235 2189 1267 2228 by
1291 2189 1393 2228 Miles,
1410 2199 1457 2221 aut
1479 2191 1627 2229 praedictus
1644 2195 1733 2221 Simon
1751 2195 1886 2231 ’Βινιῳνονο
1912 2203 1958 2224 aut
1978 2204 2042 2224 ante
2063 2205 2130 2226 eum
2153 2201 2298 2229 Antonius·

1237 2227 1413 2267 lVingfeild,
1431 2238 1478 2260 aut
1494 2228 1657 2259 Willielmus
1670 2231 1786 2268 Nonis,
1806 2240 1854 2262 aut
1869 2231 1966 2269 aliquis
1981 2234 2047 2263 alius
2062 2235 2119 2265 five
2143 2237 2228 2274 aliqui
2252 2239 2297 2268 alii

1235 2266 1379 2297 Officrum
1400 2268 1570 2304 praedietum
1594 2269 1760 2307 exercend',
1781 2269 1879 2301 habuit
1899 2271 1943 2300 seu
1967 2274 2111 2310 percepit,
2135 2274 2296 2308 habuerunt

1234 2306 1280 2336 seu
1296 2315 1499 2343 perceperunt3

1270 2344 1446 2374 Habendum
1462 2345 1494 2375 ὃ(
1509 2345 1652 2375 annuatim
1668 2345 1883 2383 percipiendum
1899 2347 2071 2384 praeditfi'mm
2094 2349 2219 2381 Vadium
2240 2352 2298 2384 five

1236 2382 1369 2413 Feodum
1383 2383 1526 2412 Duodecim
1541 2386 1724 2413 Denariarum
1739 2384 1835 2420 legalis
1853 2383 1986 2415 Monetae
2004 2387 2116 2425 Angliae
2169 2400 2180 2419 r
2194 2389 2296 2429 Diem,

1235 2421 1328 2450 eidem
1351 2420 1456 2458 Jacobo
1478 2421 1639 2459 Maxwell,
1659 2423 1675 2451 a
1696 2430 1788 2452 morte
1811 2422 1882 2453 dieti
1905 2424 2016 2454 Ricardi
2030 2428 2126 2455 Cannis
2140 2439 2160 2467 y
2175 2427 2296 2469 Militis,

1233 2458 1351 2489 durante
1373 2458 1437 2489 Vita
1453 2460 1568 2491 naturali
1587 2460 1714 2497 praedie'ti
1731 2459 1832 2497 Jacabi
1852 2462 1996 2491 Max-well
2012 2486 2021 2499 ‚
2045 2464 2078 2493 ad
2099 2465 2177 2495 Festa
2197 2467 2295 2499 Sancti

1235 2496 1389 2527 Michaelis
1408 2498 1578 2536 Archangeli
1594 2499 1627 2528 &
1647 2498 1762 2527 Paschae
1780 2508 1829 2535 per
1845 2500 1964 2537 aequales
1981 2500 2130 2533 Portiones
2146 2526 2155 2540 ‚
2180 2506 2213 2534 ad
2234 2506 2295 2537 Re-

1233 2545 1344 2572 ceptam
1364 2536 1504 2565 Scaccarii
1523 2535 1611 2566 nostri
1632 2535 1791 2565 Haeredum
1819 2538 1852 2567 &
1876 2539 2077 2569 Succefforum
2103 2542 2267 2574 nostrornm
2283 2568 2294 2583 ,

1233 2583 1282 2610 per
1306 2583 1404 2602 manus
1422 2574 1601 2604 Thesaurarii
1625 2575 1659 2605 ὃς
1675 2574 1904 2605 Camerariorum
1918 2576 2082 2607 nostrorum
2106 2581 2214 2611 ibidem
2241 2594 2293 2620 pro

1234 2620 1366 2649 tempore
1380 2611 1558 2642 existentium
1572 2613 1718 2642 annuatim
1732 2612 1768 2642 de
1782 2611 1930 2644 Thesauro
1946 2615 2046 2644 nostro
2070 2617 2103 2647 :id
2130 2620 2295 2655 praedifflim

1235 2649 1394 2686 Receptam
1407 2650 1544 2681 solvend’:
1565 2651 1659 2688 aliquo
1675 2650 1806 2688 Statum,
1826 2651 1919 2689 Actu,
1939 2653 2129 2686 Ordinatione
2155 2658 2211 2688 five
2232 2660 2295 2691 Re-

1234 2688 1382 2718 strictione
1396 2689 1423 2717 in
1436 2690 1609 2719 contrarium
1624 2689 1740 2720 antehac
1755 2689 1834 2720 factis
1846 2690 1980 2723 ordinatis
1996 2692 2052 2723 five
2065 2696 2181 2731 provifis
2195 2698 2225 2729 in
2245 2699 2296 2730 ali-

1234 2736 1294 2765 quo
1306 2737 1367 2757 non
1382 2725 1567 2758 obstantibus.

1270 2815 1305 2848 In
1319 2817 1400 2855 cujus
1415 2816 1468 2855 rei,
1485 2817 1547 2849 &c.

1232 2901 1366 2979 paige-este
1387 2902 1469 2942 Rege
1490 2901 1565 2942 apud
1589 2901 1845 2943 Westmonasterium
1861 2926 1871 2942 ‚
1901 2905 2040 2937 vicesimo
2063 2916 2143 2939 nono
2167 2907 2226 2940 Die
2248 2910 2289 2943 Α-

1688 3029 1742 3058 Per
1756 3031 1850 3059 Breve
1864 3028 1896 3059 de
1909 3031 2027 3062 Privato
2037 3030 2143 3070 sigillo»

1264 3236 1446 3272 Permiffion
1464 3237 1662 3285 particuliere
1681 3235 1833 3271 accorde‘e
1854 3239 1868 3272 a
1890 3236 2024 3272 Nicolas
2042 3236 2197 3284 Hillyard
2213 3249 2251 3273 au

1529 3285 1608 3330 sujet
1629 3285 1681 3319 des
1702 3286 1853 3320 Portraits
1871 3285 1916 3320 du
1937 3285 2018 3320 Roi‚

1260 3379 1386 3417 AQUES,
1400 3387 1454 3417 par
1470 3377 1499 3408 Ia
1512 3381 1601 3408 Grace
1615 3376 1647 3408 de
1662 3380 1750 3417 Dico,
1770 3379 1830 3410 &c.
1850 3382 1886 3409 A
1897 3385 1956 3409 tous
1973 3390 2038 3410 ceux
2056 3380 2072 3409 a
2089 3384 2135 3421 qui
2156 3381 2193 3410 les
2221 3382 2287 3412 Pr!-

1269 3418 1364 3458 fi’ntes
1375 3418 1579 3456 parviendront
1588 3440 1597 3454 ,
1616 3416 1706 3447 salut.

1269 3457 1412 3486 D'autant
1431 3468 1482 3496 que
1505 3464 1583 3487 notre
1605 3455 1754 3485 bien-aime‘
1770 3458 1911 3485 Servitcur
1934 3455 2055 3487 Nicolas
2070 3455 2200 3495 Hinyard
2213 3460 2287 3488 Gen-

1229 3494 1365 3524 tilhomme
1392 3503 1469 3524 notre
1480 3498 1595 3534 premier
1614 3496 1727 3523 Peintre
1736 3501 1803 3530 pour
1818 3493 1854 3523 les
1863 3498 1949 3532 petits
1968 3497 2126 3530 Parmam,
2149 3492 2187 3529 ᾤ’
2207 3496 2287 3526 Κρὴ-

1231 3545 1300 3564 veur
1316 3544 1348 3562 en
1370 3519 1436 3571 leffe
1451 3534 1482 3562 de
1498 3543 1545 3562 nos
1562 3530 1707 3560 Me‘dailles
1731 3531 1807 3569 d’or,
1822 3543 1855 3562 en
1879 3532 2074 3572 consideration
2096 3533 2128 3561 de
2144 3532 2197 3572 son
2221 3539 2286 3566 An

1229 3572 1452 3602 extraordinaire
1474 3569 1512 3606 ὠ»
1536 3569 1567 3598 de
1583 3569 1635 3608 son
1651 3569 1773 3598 habilete‘
1783 3569 1800 3599 ἃ
1818 3571 1947 3607 peindre,
1963 3580 2066 3606 graver

2148 3576 2285 3612 imprimer

1229 3612 1275 3640 des
1297 3612 1436 3639 Portraits
1457 3606 1494 3643 &¹

1517 3618 1545 3638 re
1563 3607 1745 3646 resentations
1764 3608 1796 3636 de
1816 3618 1878 3636 nous
1897 3604 1936 3641 ὠ
1953 3609 2090 3646 samm,
2109 3610 2177 3649 qu'il
2189 3612 2285 3652 n’ofin't

1521 3617 1561 3681 &E
1570 3646 1688 3684 publier‚
1697 3657 1792 3676 comme
1805 3645 1827 3674 il
1835 3653 1898 3682 peut
1906 3644 1984 3684 faire
1994 3669 2003 3684 ,
2012 3647 2045 3676 de
2058 3652 2162 3678 crainte
2176 3662 2226 3690 que
2237 3651 2284 3691 β’»-

1229 3694 1374 3725 Ouvrages
1388 3699 1421 3717 ne
1428 3685 1535 3724 firffent
1550 3683 1710 3722 contrefaits
1722 3693 1775 3723 par
1789 3683 1926 3722 d'autres,
1941 3692 1991 3722 par
2004 3685 2036 3714 σὰ
2051 3684 2074 3713 il
2086 3693 2223 3719 recevroit
2244 3688 2284 3724 ῤ’

1229 3729 1264 3758 du
1279 3728 1414 3762 dommage
1430 3722 1466 3758 ὠ
1488 3724 1523 3753 a‘u
1544 3721 1726 3760 a'csloonneur,¹
1747 3723 1825 3751 Nous
1850 3733 1868 3750 a
1888 3721 2018 3761 presente
2029 3722 2082 3762 fian
2103 3724 2209 3755 humble
2229 3731 2283 3756 Re-

1227 3766 1306 3807 que⁴te
1320 3774 1387 3803 pour
1411 3761 1479 3803 qu'il
1501 3772 1564 3791 nous
1602 3760 1644 3790 lot
1663 3761 1696 3790 de
1720 3767 1797 3789 notre
1815 3770 1894 3796 grace
1915 3761 2038 3790 accorder
2060 3761 2077 3790 ἂ
2092 3761 2132 3793 lui
2139 3763 2202 3803 seul
2213 3776 2283 3805 pour

1228 3804 1291 3845 quel
1307 3815 1338 3832 ue
1360 3811 1427 3832 tens
1449 3801 1473 3830 le
1493 3803 1574 3830 Privi
1587 3809 1630 3835 ege
1653 3800 1684 3828 de
1699 3796 1794 3837 faire,
1813 3798 1846 3827 de
1861 3809 1967 3835 graver
1992 3797 2030 3833 ὠ·
2050 3800 2211 3841 dinzpri7ner
2233 3804 2284 3835 teh-

1228 3816 1327 3881 defdtqts
1344 3842 1482 3870 Portraits
1497 3836 1654 3878 qu’ilscroit
1669 3835 1707 3870 ὠ·
1719 3840 1889 3866 inventeroit
1904 3838 1971 3867 dans
1986 3835 2015 3867 la
2042 3841 2098 3868 uite
2113 3850 2123 3875 ‚-

1266 3879 1370 3910 Sachez
1385 3889 1435 3919 que
1450 3878 1526 3906 Nous
1541 3876 1572 3904 de
1586 3883 1664 3904 notre
1675 3885 1755 3912 grace
1762 3874 1893 3913 speciale,
1912 3880 2005 3906 connoi
2027 3887 2090 3918 avfce
2103 3883 2224 3910 certaine
2245 3879 2284 3916 ῤ’

1229 3919 1262 3948 de
1276 3928 1355 3949 notre
1366 3926 1417 3956 pter
1433 3920 1616 3951 mou-vement,
1632 3924 1723 3942 avons
1738 3914 1827 3942 donne'
1838 3911 1875 3947 (ἔφ’
1890 3914 2014 3951 accorde‘‚
2032 3924 2070 3948 (9-
2078 3925 2132 3953 par
2155 3929 2194 3947 525
2217 3921 2285 3949 Ρη(-

1222 3956 1315 3997 sente,-
1336 3958 1457 3985 donnons
1478 3951 1515 3987 ᾤ’
1531 3952 1669 3981 accordons
1681 3959 1748 3988 pour
1763 3962 1826 3980 nous
1836 3974 1845 3988 ‚
1860 3962 1905 3981 nos
1922 3954 2061 3983 Heritiers
2076 3951 2114 3988 ὠ
2129 3957 2288 3996 Succeffi’urs

1230 4007 1265 4025 au
1286 3997 1329 4025 dit
1352 3993 1474 4022 Nicolas
1496 3990 1643 4028 i-lillyard,
1654 3988 1698 4028 ses
1713 3990 1897 4027 Exe'cuteurs,
1920 3991 2185 4064 AdmiZistrateurs‚
2204 3993 2288 4025 Dele-

1228 4045 1315 4071 guez,
1334 4034 1489 4061 Serviteurs
1509 4025 1547 4062 &⁶
1571 4032 1673 4068 Ayans
1696 4027 1788 4066 cause,
1798 4028 1905 4066 pleine,
1920 4028 1987 4058 libre
2061 4030 2137 4070 seule
2158 4037 2287 4072 Licence,

1235 4074 1374 4108 Pouvoir,
1396 4066 1534 4105 Privilege
1559 4063 1599 4102 ἀι
1619 4067 1761 4098 Autarite'
1773 4075 1842 4105 pour
1866 4065 1890 4097 Ie
1910 4075 1994 4099 terme
2014 4068 2060 4099 des
2083 4070 2169 4102 dauza
2191 4073 2289 4102 anne'es

1730 4103 1752 4135 B
1771 4114 1790 4135 2
2232 4108 2327 4151 filix
