<?xml version="1.0" encoding="UTF-8"?>
<!DOCTYPE html PUBLIC "-//W3C//DTD XHTML 1.0 Transitional//EN"
    "http://www.w3.org/TR/xhtml1/DTD/xhtml1-transitional.dtd">
<html xmlns="http://www.w3.org/1999/xhtml" xml:lang="en" lang="en">
 <head>
  <title>
</title>
<meta http-equiv="Content-Type" content="text/html;charset=utf-8" />
  <meta name='ocr-system' content='tesseract 3.04.00' />
  <meta name='ocr-capabilities' content='ocr_page ocr_carea ocr_par ocr_line ocrx_word'/>
</head>
<body>
  <div class='ocr_page' id='page_1' title='image "./fderaconventione07ryme_0335.png"; bbox 0 0 2557 4279; ppageno 0'>
   <div class='ocr_carea' id='block_1_1' title="bbox 727 235 1189 278">
    <p class='ocr_par' dir='ltr' id='par_1_1' title="bbox 727 235 1189 278">
     <span class='ocr_line' id='line_1_1' title="bbox 727 235 1189 278; baseline -0.004 -1"><span class='ocrx_word' id='word_1_1' title='bbox 727 235 837 277; x_wconf 90' lang='lat' dir='ltr'>ET</span> <span class='ocrx_word' id='word_1_2' title='bbox 922 235 1189 278; x_wconf 91' lang='lat' dir='ltr'><strong>ACTA</strong></span> 
     </span>
    </p>
   </div>
   <div class='ocr_carea' id='block_1_2' title="bbox 0 320 1213 630">
    <p class='ocr_par' dir='ltr' id='par_1_2' title="bbox 0 320 1213 553">
     <span class='ocr_line' id='line_1_2' title="bbox 0 320 1213 364; baseline -0.005 -8"><span class='ocrx_word' id='word_1_3' title='bbox 0 329 76 360; x_wconf 80' lang='lat' dir='ltr'>Ann.</span> <span class='ocrx_word' id='word_1_4' title='bbox 91 326 132 358; x_wconf 86' lang='lat' dir='ltr'>D.</span> <span class='ocrx_word' id='word_1_5' title='bbox 153 332 265 364; x_wconf 80' lang='lat' dir='ltr'>ceptam</span> <span class='ocrx_word' id='word_1_6' title='bbox 276 322 415 354; x_wconf 85' lang='lat' dir='ltr'>Scaccarii</span> <span class='ocrx_word' id='word_1_7' title='bbox 431 321 517 352; x_wconf 85' lang='lat' dir='ltr'>nostri</span> <span class='ocrx_word' id='word_1_8' title='bbox 531 320 661 352; x_wconf 85' lang='lat' dir='ltr'>Westm.</span> <span class='ocrx_word' id='word_1_9' title='bbox 687 321 847 352; x_wconf 84' lang='lat' dir='ltr'>Haeredum</span> <span class='ocrx_word' id='word_1_10' title='bbox 870 322 903 353; x_wconf 87' lang='lat'>&amp;</span> <span class='ocrx_word' id='word_1_11' title='bbox 926 321 1132 352; x_wconf 81' lang='lat' dir='ltr'>successorum</span> <span class='ocrx_word' id='word_1_12' title='bbox 1158 330 1213 350; x_wconf 89' lang='lat' dir='ltr'>no-</span> 
     </span>
     <span class='ocr_line' id='line_1_3' title="bbox 19 359 1207 405; baseline -0.006 -10"><span class='ocrx_word' id='word_1_13' title='bbox 19 366 104 405; x_wconf 84' lang='lat'><em>1603.</em></span> <span class='ocrx_word' id='word_1_14' title='bbox 151 365 282 399; x_wconf 70' lang='lat' dir='ltr'>(trorum,</span> <span class='ocrx_word' id='word_1_15' title='bbox 290 371 338 400; x_wconf 86' lang='lat' dir='ltr'>per</span> <span class='ocrx_word' id='word_1_16' title='bbox 348 370 446 390; x_wconf 84' lang='lat' dir='ltr'>manus</span> <span class='ocrx_word' id='word_1_17' title='bbox 462 359 678 391; x_wconf 83' lang='lat' dir='ltr'>Thesaurarii&amp;</span> <span class='ocrx_word' id='word_1_18' title='bbox 687 360 918 391; x_wconf 80' lang='lat' dir='ltr'>camerariorum</span> <span class='ocrx_word' id='word_1_19' title='bbox 929 360 1095 391; x_wconf 88' lang='lat' dir='ltr'>nostrorum</span> <span class='ocrx_word' id='word_1_20' title='bbox 1107 359 1207 389; x_wconf 80' lang='lat' dir='ltr'>Haere-</span> 
     </span>
     <span class='ocr_line' id='line_1_4' title="bbox 3 398 1208 442; baseline -0.002 -12"><span class='ocrx_word' id='word_1_21' title='bbox 3 413 10 430; x_wconf 80' lang='grc' dir='ltr'>ι</span> <span class='ocrx_word' id='word_1_22' title='bbox 23 402 89 442; x_wconf 64' lang='lat' dir='ltr'>Jac.</span> <span class='ocrx_word' id='word_1_23' title='bbox 106 414 130 432; x_wconf 81' lang='grc' dir='ltr'>ι.</span> <span class='ocrx_word' id='word_1_24' title='bbox 150 403 220 433; x_wconf 89' lang='lat' dir='ltr'>dum</span> <span class='ocrx_word' id='word_1_25' title='bbox 235 402 268 432; x_wconf 90' lang='lat'>&amp;</span> <span class='ocrx_word' id='word_1_26' title='bbox 281 399 484 431; x_wconf 84' lang='lat' dir='ltr'>Succefforum</span> <span class='ocrx_word' id='word_1_27' title='bbox 502 398 667 429; x_wconf 86' lang='lat' dir='ltr'>nostrorum</span> <span class='ocrx_word' id='word_1_28' title='bbox 681 398 787 428; x_wconf 82' lang='lat' dir='ltr'>ibidem</span> <span class='ocrx_word' id='word_1_29' title='bbox 804 408 856 436; x_wconf 87' lang='lat' dir='ltr'>pro</span> <span class='ocrx_word' id='word_1_30' title='bbox 871 407 1001 436; x_wconf 86' lang='lat' dir='ltr'>tempore</span> <span class='ocrx_word' id='word_1_31' title='bbox 1015 399 1208 435; x_wconf 84' lang='lat' dir='ltr'>existentium,</span> 
     </span>
     <span class='ocr_line' id='line_1_5' title="bbox 149 436 1208 476; baseline -0.004 -6"><span class='ocrx_word' id='word_1_32' title='bbox 149 440 184 471; x_wconf 85' lang='lat' dir='ltr'>ad</span> <span class='ocrx_word' id='word_1_33' title='bbox 197 447 312 476; x_wconf 82' lang='lat' dir='ltr'>quatuor</span> <span class='ocrx_word' id='word_1_34' title='bbox 328 438 404 468; x_wconf 89' lang='lat' dir='ltr'>Anni</span> <span class='ocrx_word' id='word_1_35' title='bbox 419 436 599 473; x_wconf 71' lang='lat' dir='ltr'>Terminos,</span> <span class='ocrx_word' id='word_1_36' title='bbox 617 437 766 474; x_wconf 85' lang='lat' dir='ltr'>videlicet,</span> <span class='ocrx_word' id='word_1_37' title='bbox 784 438 818 467; x_wconf 86' lang='lat' dir='ltr'>ad</span> <span class='ocrx_word' id='word_1_38' title='bbox 844 436 925 467; x_wconf 84' lang='lat' dir='ltr'>Festa</span> <span class='ocrx_word' id='word_1_39' title='bbox 942 438 1122 466; x_wconf 77' lang='lat' dir='ltr'>Nativitatis</span> <span class='ocrx_word' id='word_1_40' title='bbox 1137 441 1208 466; x_wconf 86' lang='lat' dir='ltr'>San-</span> 
     </span>
     <span class='ocr_line' id='line_1_6' title="bbox 148 474 1209 516; baseline -0.003 -9"><span class='ocrx_word' id='word_1_41' title='bbox 148 480 187 507; x_wconf 70' lang='lat' dir='ltr'>c‘li</span> <span class='ocrx_word' id='word_1_42' title='bbox 199 476 344 516; x_wconf 80' lang='lat' dir='ltr'>Johannis</span> <span class='ocrx_word' id='word_1_43' title='bbox 357 474 508 515; x_wconf 69' lang='lat' dir='ltr'>Baptistae,</span> <span class='ocrx_word' id='word_1_44' title='bbox 527 475 624 504; x_wconf 58' lang='lat' dir='ltr'>sancii</span> <span class='ocrx_word' id='word_1_45' title='bbox 644 474 790 504; x_wconf 70' lang='lat' dir='ltr'><em>Michaelis</em></span> <span class='ocrx_word' id='word_1_46' title='bbox 810 474 1000 513; x_wconf 77' lang='lat' dir='ltr'><em>Archangeli,</em></span> <span class='ocrx_word' id='word_1_47' title='bbox 1017 475 1134 505; x_wconf 83' lang='lat' dir='ltr'>Natalis</span> <span class='ocrx_word' id='word_1_48' title='bbox 1149 479 1209 505; x_wconf 76' lang='lat' dir='ltr'>Du—</span> 
     </span>
     <span class='ocr_line' id='line_1_7' title="bbox 146 513 1208 553; baseline -0.002 -7"><span class='ocrx_word' id='word_1_49' title='bbox 146 519 231 553; x_wconf 82' lang='lat' dir='ltr'>mini,</span> <span class='ocrx_word' id='word_1_50' title='bbox 251 517 285 546; x_wconf 91' lang='lat'>&amp;</span> <span class='ocrx_word' id='word_1_51' title='bbox 303 516 542 543; x_wconf 82' lang='lat' dir='ltr'>Annunciationis</span> <span class='ocrx_word' id='word_1_52' title='bbox 557 513 644 542; x_wconf 80' lang='lat' dir='ltr'>beata:</span> <span class='ocrx_word' id='word_1_53' title='bbox 663 517 767 544; x_wconf 78' lang='lat' dir='ltr'>Mariae</span> <span class='ocrx_word' id='word_1_54' title='bbox 783 516 813 544; x_wconf 91' lang='lat' dir='ltr'><em>V</em></span> <span class='ocrx_word' id='word_1_55' title='bbox 811 517 910 551; x_wconf 72' lang='lat' dir='ltr'>irginis</span> <span class='ocrx_word' id='word_1_56' title='bbox 921 536 931 551; x_wconf 91' lang='lat'>,</span> <span class='ocrx_word' id='word_1_57' title='bbox 948 514 1036 551; x_wconf 81' lang='lat' dir='ltr'>aequis</span> <span class='ocrx_word' id='word_1_58' title='bbox 1060 514 1208 545; x_wconf 84' lang='lat' dir='ltr'>Portioni—</span> 
     </span>
    </p>

    <p class='ocr_par' dir='ltr' id='par_1_3' title="bbox 147 551 633 592">
     <span class='ocr_line' id='line_1_8' title="bbox 147 551 633 592; baseline -0.006 -8"><span class='ocrx_word' id='word_1_59' title='bbox 147 555 200 584; x_wconf 88' lang='lat' dir='ltr'>bus</span> <span class='ocrx_word' id='word_1_60' title='bbox 215 552 326 592; x_wconf 77' lang='lat' dir='ltr'>fingulis</span> <span class='ocrx_word' id='word_1_61' title='bbox 346 553 438 582; x_wconf 89' lang='lat' dir='ltr'>Annis</span> <span class='ocrx_word' id='word_1_62' title='bbox 454 551 633 582; x_wconf 86' lang='lat' dir='ltr'>solvendam:</span> 
     </span>
    </p>

    <p class='ocr_par' dir='ltr' id='par_1_4' title="bbox 183 590 714 630">
     <span class='ocr_line' id='line_1_9' title="bbox 183 590 714 630; baseline -0.004 -8"><span class='ocrx_word' id='word_1_63' title='bbox 183 592 230 622; x_wconf 89' lang='lat' dir='ltr'>Eo</span> <span class='ocrx_word' id='word_1_64' title='bbox 247 590 327 630; x_wconf 77' lang='lat' dir='ltr'>quod</span> <span class='ocrx_word' id='word_1_65' title='bbox 347 590 468 628; x_wconf 75' lang='lat' dir='ltr'>expressa</span> <span class='ocrx_word' id='word_1_66' title='bbox 479 613 490 628; x_wconf 94' lang='lat'>,</span> <span class='ocrx_word' id='word_1_67' title='bbox 509 591 635 627; x_wconf 86' lang='lat' dir='ltr'>mentio,</span> <span class='ocrx_word' id='word_1_68' title='bbox 653 590 714 621; x_wconf 88' lang='lat' dir='ltr'>&amp;c.</span> 
     </span>
    </p>
   </div>
   <div class='ocr_carea' id='block_1_3' title="bbox 182 666 1153 782">
    <p class='ocr_par' dir='ltr' id='par_1_5' title="bbox 182 666 1153 782">
     <span class='ocr_line' id='line_1_10' title="bbox 182 666 463 706; baseline 0 -9"><span class='ocrx_word' id='word_1_69' title='bbox 182 666 218 697; x_wconf 90' lang='lat' dir='ltr'>In</span> <span class='ocrx_word' id='word_1_70' title='bbox 233 668 312 706; x_wconf 90' lang='lat' dir='ltr'>cujus</span> <span class='ocrx_word' id='word_1_71' title='bbox 328 668 388 705; x_wconf 88' lang='lat' dir='ltr'>rei,</span> <span class='ocrx_word' id='word_1_72' title='bbox 403 667 463 698; x_wconf 84' lang='lat' dir='ltr'>&amp;c-</span> 
     </span>
     <span class='ocr_line' id='line_1_11' title="bbox 184 738 1153 782; baseline -0.001 -8"><span class='ocrx_word' id='word_1_73' title='bbox 184 743 273 775; x_wconf 88' lang='lat' dir='ltr'>Teste</span> <span class='ocrx_word' id='word_1_74' title='bbox 291 743 372 782; x_wconf 82' lang='lat' dir='ltr'><strong>Rege</strong></span> <span class='ocrx_word' id='word_1_75' title='bbox 389 742 463 781; x_wconf 87' lang='lat' dir='ltr'>apud</span> <span class='ocrx_word' id='word_1_76' title='bbox 482 740 755 780; x_wconf 76' lang='lat' dir='ltr'>Wstmonasterium‚</span> <span class='ocrx_word' id='word_1_77' title='bbox 772 738 888 771; x_wconf 88' lang='lat' dir='ltr'>decimo</span> <span class='ocrx_word' id='word_1_78' title='bbox 911 750 992 772; x_wconf 92' lang='lat' dir='ltr'>nono</span> <span class='ocrx_word' id='word_1_79' title='bbox 1009 741 1066 773; x_wconf 92' lang='lat' dir='ltr'>Die</span> <span class='ocrx_word' id='word_1_80' title='bbox 1077 743 1153 781; x_wconf 88' lang='lat' dir='ltr'>Julii.</span> 
     </span>
    </p>
   </div>
   <div class='ocr_carea' id='block_1_4' title="bbox 558 816 1101 855">
    <p class='ocr_par' dir='ltr' id='par_1_6' title="bbox 558 816 1101 855">
     <span class='ocr_line' id='line_1_12' title="bbox 558 816 1101 855; baseline 0.002 -9"><span class='ocrx_word' id='word_1_81' title='bbox 558 818 613 846; x_wconf 89' lang='lat' dir='ltr'>Per</span> <span class='ocrx_word' id='word_1_82' title='bbox 626 819 719 847; x_wconf 81' lang='lat' dir='ltr'><em>Breve</em></span> <span class='ocrx_word' id='word_1_83' title='bbox 731 816 764 846; x_wconf 83' lang='lat' dir='ltr'>de</span> <span class='ocrx_word' id='word_1_84' title='bbox 782 818 902 846; x_wconf 81' lang='lat' dir='ltr'>Privato</span> <span class='ocrx_word' id='word_1_85' title='bbox 915 816 1005 854; x_wconf 85' lang='lat' dir='ltr'>Sigillo</span> <span class='ocrx_word' id='word_1_86' title='bbox 1013 839 1023 855; x_wconf 89' lang='lat'>,</span> <span class='ocrx_word' id='word_1_87' title='bbox 1040 816 1101 852; x_wconf 56' lang='grc' dir='ltr'>ὡς.</span> 
     </span>
    </p>
   </div>
   <div class='ocr_carea' id='block_1_5' title="bbox 275 940 1102 990">
    <p class='ocr_par' dir='ltr' id='par_1_7' title="bbox 275 940 1102 990">
     <span class='ocr_line' id='line_1_13' title="bbox 275 940 1102 990; baseline -0.005 -11"><span class='ocrx_word' id='word_1_88' title='bbox 275 947 324 979; x_wconf 85' lang='lat' dir='ltr'>De</span> <span class='ocrx_word' id='word_1_89' title='bbox 344 942 519 986; x_wconf 65' lang='lat' dir='ltr'>concessione</span> <span class='ocrx_word' id='word_1_90' title='bbox 540 941 585 975; x_wconf 87' lang='lat' dir='ltr'>ad</span> <span class='ocrx_word' id='word_1_91' title='bbox 606 945 716 977; x_wconf 83' lang='lat' dir='ltr'><em>Vitam</em></span> <span class='ocrx_word' id='word_1_92' title='bbox 733 953 789 990; x_wconf 85' lang='lat' dir='ltr'>pro</span> <span class='ocrx_word' id='word_1_93' title='bbox 813 940 957 989; x_wconf 80' lang='lat' dir='ltr'>Johanne</span> <span class='ocrx_word' id='word_1_94' title='bbox 982 942 1102 975; x_wconf 84' lang='lat' dir='ltr'>Clavee.</span> 
     </span>
    </p>
   </div>
   <div class='ocr_carea' id='block_1_6' title="bbox 0 1026 1209 1231">
    <p class='ocr_par' dir='ltr' id='par_1_8' title="bbox 0 1026 1209 1231">
     <span class='ocr_line' id='line_1_14' title="bbox 0 1026 829 1073; baseline -0.014 -4"><span class='ocrx_word' id='word_1_95' title='bbox 0 1041 67 1073; x_wconf 69' lang='lat' dir='ltr'>&#39;Ann</span> <span class='ocrx_word' id='word_1_96' title='bbox 94 1039 134 1071; x_wconf 81' lang='lat' dir='ltr'>D.</span> <span class='ocrx_word' id='word_1_97' title='bbox 205 1027 263 1060; x_wconf 90' lang='lat' dir='ltr'>EX</span> <span class='ocrx_word' id='word_1_98' title='bbox 276 1027 437 1065; x_wconf 79' lang='lat' dir='ltr'>Omnibus,</span> <span class='ocrx_word' id='word_1_99' title='bbox 455 1027 490 1058; x_wconf 91' lang='lat' dir='ltr'>ad</span> <span class='ocrx_word' id='word_1_100' title='bbox 508 1037 596 1067; x_wconf 71' lang='lat' dir='ltr'>quoS,</span> <span class='ocrx_word' id='word_1_101' title='bbox 615 1028 676 1058; x_wconf 86' lang='lat' dir='ltr'>&amp;c.</span> <span class='ocrx_word' id='word_1_102' title='bbox 693 1026 829 1058; x_wconf 85' lang='lat' dir='ltr'>Salutem.</span> 
     </span>
     <span class='ocr_line' id='line_1_15' title="bbox 20 1064 1209 1111; baseline -0.014 0"><span class='ocrx_word' id='word_1_103' title='bbox 20 1064 78 1111; x_wconf 74' lang='lat' dir='ltr'>16o</span> <span class='ocrx_word' id='word_1_104' title='bbox 240 1067 338 1097; x_wconf 86' lang='lat' dir='ltr'>Sciatis</span> <span class='ocrx_word' id='word_1_105' title='bbox 351 1066 431 1104; x_wconf 82' lang='lat' dir='ltr'>quod</span> <span class='ocrx_word' id='word_1_106' title='bbox 454 1065 540 1104; x_wconf 80' lang='lat' dir='ltr'>Nos,</span> <span class='ocrx_word' id='word_1_107' title='bbox 567 1066 602 1095; x_wconf 91' lang='lat' dir='ltr'>de</span> <span class='ocrx_word' id='word_1_108' title='bbox 625 1065 727 1096; x_wconf 80' lang='lat' dir='ltr'>Gratia</span> <span class='ocrx_word' id='word_1_109' title='bbox 752 1066 846 1097; x_wconf 88' lang='lat' dir='ltr'>nostra</span> <span class='ocrx_word' id='word_1_110' title='bbox 868 1065 992 1104; x_wconf 87' lang='lat' dir='ltr'>speciali,</span> <span class='ocrx_word' id='word_1_111' title='bbox 1014 1074 1048 1096; x_wconf 89' lang='lat' dir='ltr'>ac</span> <span class='ocrx_word' id='word_1_112' title='bbox 1072 1074 1107 1095; x_wconf 83' lang='lat' dir='ltr'>ex</span> <span class='ocrx_word' id='word_1_113' title='bbox 1132 1071 1209 1096; x_wconf 84' lang='lat' dir='ltr'>certa</span> 
     </span>
     <span class='ocr_line' id='line_1_16' title="bbox 31 1089 1209 1146; baseline -0.003 -10"><span class='ocrx_word' id='word_1_114' title='bbox 31 1089 106 1146; x_wconf 35' lang='lat' dir='ltr'>Ihm}</span> <span class='ocrx_word' id='word_1_115' title='bbox 149 1104 268 1135; x_wconf 86' lang='lat' dir='ltr'>Scientia</span> <span class='ocrx_word' id='word_1_116' title='bbox 283 1106 315 1135; x_wconf 86' lang='lat'>&amp;</span> <span class='ocrx_word' id='word_1_117' title='bbox 332 1114 414 1134; x_wconf 88' lang='lat' dir='ltr'>mero</span> <span class='ocrx_word' id='word_1_118' title='bbox 430 1103 519 1135; x_wconf 90' lang='lat' dir='ltr'>Motu</span> <span class='ocrx_word' id='word_1_119' title='bbox 533 1103 651 1142; x_wconf 82' lang='lat' dir='ltr'>nostris,</span> <span class='ocrx_word' id='word_1_120' title='bbox 675 1104 805 1135; x_wconf 79' lang='lat' dir='ltr'>dedimus</span> <span class='ocrx_word' id='word_1_121' title='bbox 825 1105 859 1136; x_wconf 77' lang='grc' dir='ltr'>δε</span> <span class='ocrx_word' id='word_1_122' title='bbox 882 1103 1090 1142; x_wconf 84' lang='lat' dir='ltr'>conceffimus,</span> <span class='ocrx_word' id='word_1_123' title='bbox 1107 1113 1140 1133; x_wconf 87' lang='lat' dir='ltr'>ac</span> <span class='ocrx_word' id='word_1_124' title='bbox 1160 1112 1209 1141; x_wconf 89' lang='lat' dir='ltr'>per</span> 
     </span>
     <span class='ocr_line' id='line_1_17' title="bbox 20 1141 1209 1183; baseline -0.002 -10"><span class='ocrx_word' id='word_1_125' title='bbox 20 1175 26 1183; x_wconf 43' lang='lat'>⁸</span> <span class='ocrx_word' id='word_1_126' title='bbox 40 1159 56 1183; x_wconf 91' lang='lat'><strong>6</strong></span> <span class='ocrx_word' id='word_1_127' title='bbox 149 1141 320 1180; x_wconf 88' lang='lat' dir='ltr'>Praesentes,</span> <span class='ocrx_word' id='word_1_128' title='bbox 339 1152 392 1180; x_wconf 89' lang='lat' dir='ltr'>pro</span> <span class='ocrx_word' id='word_1_129' title='bbox 408 1142 505 1173; x_wconf 91' lang='lat' dir='ltr'>Nobis</span> <span class='ocrx_word' id='word_1_130' title='bbox 520 1142 690 1174; x_wconf 83' lang='lat' dir='ltr'>Haeredibus</span> <span class='ocrx_word' id='word_1_131' title='bbox 703 1144 737 1175; x_wconf 90' lang='lat'>&amp;</span> <span class='ocrx_word' id='word_1_132' title='bbox 753 1142 966 1174; x_wconf 82' lang='lat' dir='ltr'>Succefforibus</span> <span class='ocrx_word' id='word_1_133' title='bbox 980 1141 1092 1179; x_wconf 85' lang='lat' dir='ltr'>nostris,</span> <span class='ocrx_word' id='word_1_134' title='bbox 1107 1141 1209 1172; x_wconf 87' lang='lat' dir='ltr'>damus</span> 
     </span>
     <span class='ocr_line' id='line_1_18' title="bbox 0 1162 1208 1231; baseline -0.004 -17"><span class='ocrx_word' id='word_1_135' title='bbox 0 1162 33 1224; x_wconf 49' lang='grc' dir='ltr'>,ζῆ</span> <span class='ocrx_word' id='word_1_136' title='bbox 55 1179 99 1231; x_wconf 47' lang='grc' dir='ltr'>ἑο,</span> <span class='ocrx_word' id='word_1_137' title='bbox 148 1181 181 1212; x_wconf 90' lang='lat'>&amp;</span> <span class='ocrx_word' id='word_1_138' title='bbox 196 1180 397 1219; x_wconf 83' lang='lat' dir='ltr'>concedimus,</span> <span class='ocrx_word' id='word_1_139' title='bbox 417 1181 521 1212; x_wconf 61' lang='lat' dir='ltr'>dilecto</span> <span class='ocrx_word' id='word_1_140' title='bbox 537 1181 678 1212; x_wconf 89' lang='lat' dir='ltr'>Servienti</span> <span class='ocrx_word' id='word_1_141' title='bbox 692 1180 791 1211; x_wconf 89' lang='lat' dir='ltr'>nostro</span> <span class='ocrx_word' id='word_1_142' title='bbox 802 1181 935 1220; x_wconf 81' lang='lat' dir='ltr'>Johanni</span> <span class='ocrx_word' id='word_1_143' title='bbox 948 1180 1052 1211; x_wconf 82' lang='lat' dir='ltr'>Clavee</span> <span class='ocrx_word' id='word_1_144' title='bbox 1064 1180 1208 1211; x_wconf 88' lang='lat' dir='ltr'>Officium</span> 
     </span>
    </p>
   </div>
   <div class='ocr_carea' id='block_1_7' title="bbox 145 1217 1211 1490">
    <p class='ocr_par' dir='ltr' id='par_1_9' title="bbox 145 1217 1211 1490">
     <span class='ocr_line' id='line_1_19' title="bbox 145 1217 1208 1257; baseline -0.002 -7"><span class='ocrx_word' id='word_1_145' title='bbox 145 1220 179 1250; x_wconf 90' lang='lat'>&amp;</span> <span class='ocrx_word' id='word_1_146' title='bbox 196 1220 312 1250; x_wconf 90' lang='lat' dir='ltr'>Locum</span> <span class='ocrx_word' id='word_1_147' title='bbox 328 1219 508 1257; x_wconf 87' lang='lat' dir='ltr'>Apothecarii</span> <span class='ocrx_word' id='word_1_148' title='bbox 526 1219 667 1250; x_wconf 89' lang='lat' dir='ltr'>Ordinarii</span> <span class='ocrx_word' id='word_1_149' title='bbox 688 1220 858 1256; x_wconf 81' lang='lat' dir='ltr'>praedilectae</span> <span class='ocrx_word' id='word_1_150' title='bbox 881 1219 990 1250; x_wconf 85' lang='lat' dir='ltr'>Uxoris</span> <span class='ocrx_word' id='word_1_151' title='bbox 1010 1219 1116 1250; x_wconf 86' lang='lat' dir='ltr'>nostrae</span> <span class='ocrx_word' id='word_1_152' title='bbox 1142 1217 1208 1248; x_wconf 92' lang='lat' dir='ltr'>Do-</span> 
     </span>
     <span class='ocr_line' id='line_1_20' title="bbox 148 1257 1209 1297; baseline -0.001 -10"><span class='ocrx_word' id='word_1_153' title='bbox 148 1259 235 1288; x_wconf 86' lang='lat' dir='ltr'>minae</span> <span class='ocrx_word' id='word_1_154' title='bbox 252 1262 350 1287; x_wconf 81' lang='lat' dir='ltr'><em>Annae</em></span> <span class='ocrx_word' id='word_1_155' title='bbox 365 1261 474 1295; x_wconf 73' lang='lat' dir='ltr'>Regina</span> <span class='ocrx_word' id='word_1_156' title='bbox 487 1259 519 1289; x_wconf 89' lang='lat'>&amp;</span> <span class='ocrx_word' id='word_1_157' title='bbox 535 1257 747 1297; x_wconf 82' lang='lat' dir='ltr'>praechariffimi</span> <span class='ocrx_word' id='word_1_158' title='bbox 766 1258 826 1289; x_wconf 82' lang='lat' dir='ltr'>Filii</span> <span class='ocrx_word' id='word_1_159' title='bbox 841 1258 1012 1291; x_wconf 82' lang='lat' dir='ltr'>&amp;Haeredis</span> <span class='ocrx_word' id='word_1_160' title='bbox 1026 1257 1115 1288; x_wconf 88' lang='lat' dir='ltr'>nostri</span> <span class='ocrx_word' id='word_1_161' title='bbox 1132 1259 1209 1286; x_wconf 80' lang='lat' dir='ltr'>Hen-</span> 
     </span>
     <span class='ocr_line' id='line_1_21' title="bbox 146 1295 1210 1335; baseline -0.001 -10"><span class='ocrx_word' id='word_1_162' title='bbox 146 1299 195 1325; x_wconf 81' lang='lat' dir='ltr'>rici</span> <span class='ocrx_word' id='word_1_163' title='bbox 209 1297 343 1326; x_wconf 80' lang='lat' dir='ltr'>Frederici</span> <span class='ocrx_word' id='word_1_164' title='bbox 363 1296 472 1327; x_wconf 76' lang='lat' dir='ltr'>Wlliae</span> <span class='ocrx_word' id='word_1_165' title='bbox 491 1295 529 1332; x_wconf 57' lang='grc' dir='ltr'><em>ὠ</em></span> <span class='ocrx_word' id='word_1_166' title='bbox 548 1299 642 1326; x_wconf 80' lang='lat' dir='ltr'>Scotiae</span> <span class='ocrx_word' id='word_1_167' title='bbox 658 1298 803 1335; x_wconf 73' lang='lat' dir='ltr'>Principis,</span> <span class='ocrx_word' id='word_1_168' title='bbox 823 1296 884 1332; x_wconf 60' lang='lat' dir='ltr'>&amp;cz</span> <span class='ocrx_word' id='word_1_169' title='bbox 904 1298 937 1329; x_wconf 89' lang='lat'>&amp;</span> <span class='ocrx_word' id='word_1_170' title='bbox 951 1298 1071 1327; x_wconf 87' lang='lat' dir='ltr'>aliorum</span> <span class='ocrx_word' id='word_1_171' title='bbox 1087 1296 1210 1326; x_wconf 77' lang='lat' dir='ltr'>Libero·</span> 
     </span>
     <span class='ocr_line' id='line_1_22' title="bbox 147 1334 1209 1373; baseline -0.001 -9"><span class='ocrx_word' id='word_1_172' title='bbox 147 1344 211 1364; x_wconf 89' lang='lat' dir='ltr'>rum</span> <span class='ocrx_word' id='word_1_173' title='bbox 231 1334 414 1373; x_wconf 87' lang='lat' dir='ltr'>nostrorum,</span> <span class='ocrx_word' id='word_1_174' title='bbox 433 1345 466 1366; x_wconf 90' lang='lat' dir='ltr'>ac</span> <span class='ocrx_word' id='word_1_175' title='bbox 481 1335 591 1367; x_wconf 62' lang='lat' dir='ltr'>didium</span> <span class='ocrx_word' id='word_1_176' title='bbox 607 1335 767 1373; x_wconf 84' lang='lat' dir='ltr'>Johannem</span> <span class='ocrx_word' id='word_1_177' title='bbox 781 1334 886 1365; x_wconf 82' lang='lat' dir='ltr'>Clavee</span> <span class='ocrx_word' id='word_1_178' title='bbox 907 1336 1130 1373; x_wconf 87' lang='lat' dir='ltr'>Apothecarium</span> <span class='ocrx_word' id='word_1_179' title='bbox 1150 1334 1209 1364; x_wconf 89' lang='lat' dir='ltr'>Or-</span> 
     </span>
     <span class='ocr_line' id='line_1_23' title="bbox 148 1373 1211 1413; baseline 0 -10"><span class='ocrx_word' id='word_1_180' title='bbox 148 1373 290 1404; x_wconf 87' lang='lat' dir='ltr'>dinarium</span> <span class='ocrx_word' id='word_1_181' title='bbox 306 1374 487 1413; x_wconf 88' lang='lat' dir='ltr'>praefatorum</span> <span class='ocrx_word' id='word_1_182' title='bbox 502 1373 625 1412; x_wconf 85' lang='lat' dir='ltr'>Reginae</span> <span class='ocrx_word' id='word_1_183' title='bbox 639 1373 780 1412; x_wconf 86' lang='lat' dir='ltr'>Principis</span> <span class='ocrx_word' id='word_1_184' title='bbox 796 1373 1027 1412; x_wconf 88' lang='lat' dir='ltr'>Liberorumque</span> <span class='ocrx_word' id='word_1_185' title='bbox 1043 1373 1211 1404; x_wconf 86' lang='lat' dir='ltr'>nostrorum</span> 
     </span>
     <span class='ocr_line' id='line_1_24' title="bbox 148 1411 1176 1450; baseline 0 -8"><span class='ocrx_word' id='word_1_186' title='bbox 148 1412 270 1442; x_wconf 86' lang='lat' dir='ltr'>facimus</span> <span class='ocrx_word' id='word_1_187' title='bbox 285 1412 449 1443; x_wconf 80' lang='lat' dir='ltr'>ordinamus</span> <span class='ocrx_word' id='word_1_188' title='bbox 463 1411 666 1442; x_wconf 80' lang='lat' dir='ltr'>confirmamus</span> <span class='ocrx_word' id='word_1_189' title='bbox 683 1413 715 1442; x_wconf 90' lang='lat'>&amp;</span> <span class='ocrx_word' id='word_1_190' title='bbox 732 1411 934 1443; x_wconf 90' lang='lat' dir='ltr'>constituimus</span> <span class='ocrx_word' id='word_1_191' title='bbox 948 1422 998 1450; x_wconf 87' lang='lat' dir='ltr'>per</span> <span class='ocrx_word' id='word_1_192' title='bbox 1012 1412 1176 1448; x_wconf 85' lang='lat' dir='ltr'>Praesentes,</span> 
     </span>
     <span class='ocr_line' id='line_1_25' title="bbox 186 1450 1211 1490; baseline 0 -10"><span class='ocrx_word' id='word_1_193' title='bbox 186 1450 225 1483; x_wconf 89' lang='lat' dir='ltr'>Et</span> <span class='ocrx_word' id='word_1_194' title='bbox 239 1451 348 1489; x_wconf 76' lang='lat' dir='ltr'>¹&#39;nsuper</span> <span class='ocrx_word' id='word_1_195' title='bbox 363 1450 495 1482; x_wconf 86' lang='lat' dir='ltr'>dedimus</span> <span class='ocrx_word' id='word_1_196' title='bbox 510 1451 544 1483; x_wconf 89' lang='lat'>&amp;</span> <span class='ocrx_word' id='word_1_197' title='bbox 560 1450 768 1489; x_wconf 79' lang='lat' dir='ltr'>concessimus,</span> <span class='ocrx_word' id='word_1_198' title='bbox 786 1460 819 1481; x_wconf 85' lang='lat' dir='ltr'>ac</span> <span class='ocrx_word' id='word_1_199' title='bbox 833 1459 882 1490; x_wconf 89' lang='lat' dir='ltr'>per</span> <span class='ocrx_word' id='word_1_200' title='bbox 898 1450 1062 1489; x_wconf 86' lang='lat' dir='ltr'>Praesentes,</span> <span class='ocrx_word' id='word_1_201' title='bbox 1081 1460 1133 1488; x_wconf 90' lang='lat' dir='ltr'>pro</span> <span class='ocrx_word' id='word_1_202' title='bbox 1144 1450 1211 1481; x_wconf 73' lang='lat' dir='ltr'>No-</span> 
     </span>
    </p>
   </div>
   <div class='ocr_carea' id='block_1_8' title="bbox 195 1570 1166 1620">
    <p class='ocr_par' dir='ltr' id='par_1_10' title="bbox 195 1570 1166 1620">
     <span class='ocr_line' id='line_1_26' title="bbox 195 1570 1166 1620; baseline 0.002 -15"><span class='ocrx_word' id='word_1_203' title='bbox 195 1574 245 1606; x_wconf 89' lang='lat' dir='ltr'>De</span> <span class='ocrx_word' id='word_1_204' title='bbox 269 1572 468 1616; x_wconf 84' lang='lat' dir='ltr'>Commiffi&#39;one</span> <span class='ocrx_word' id='word_1_205' title='bbox 479 1573 603 1620; x_wconf 82' lang='lat' dir='ltr'>speciali</span> <span class='ocrx_word' id='word_1_206' title='bbox 616 1583 672 1619; x_wconf 89' lang='lat' dir='ltr'>pro</span> <span class='ocrx_word' id='word_1_207' title='bbox 691 1570 854 1608; x_wconf 84' lang='lat' dir='ltr'>Militibus</span> <span class='ocrx_word' id='word_1_208' title='bbox 883 1572 987 1606; x_wconf 80' lang='lat' dir='ltr'>Balnei</span> <span class='ocrx_word' id='word_1_209' title='bbox 1003 1571 1166 1617; x_wconf 82' lang='lat' dir='ltr'>faciendis.</span> 
     </span>
    </p>
   </div>
   <div class='ocr_carea' id='block_1_9' title="bbox 1 1655 1214 1702">
    <p class='ocr_par' dir='ltr' id='par_1_11' title="bbox 1 1655 1214 1702">
     <span class='ocr_line' id='line_1_27' title="bbox 1 1655 1214 1702; baseline 0.002 -15"><span class='ocrx_word' id='word_1_210' title='bbox 1 1668 80 1702; x_wconf 34' lang='lat' dir='ltr'>&#39;Am&#39;</span> <span class='ocrx_word' id='word_1_211' title='bbox 99 1666 137 1698; x_wconf 48' lang='lat' dir='ltr'>D,</span> <span class='ocrx_word' id='word_1_212' title='bbox 185 1656 297 1696; x_wconf 72' lang='lat' dir='ltr'>Amas,</span> <span class='ocrx_word' id='word_1_213' title='bbox 314 1657 352 1698; x_wconf 90' lang='lat' dir='ltr'>by</span> <span class='ocrx_word' id='word_1_214' title='bbox 369 1657 419 1689; x_wconf 86' lang='lat' dir='ltr'>the</span> <span class='ocrx_word' id='word_1_215' title='bbox 433 1656 532 1689; x_wconf 87' lang='lat' dir='ltr'>Grace</span> <span class='ocrx_word' id='word_1_216' title='bbox 547 1656 585 1688; x_wconf 86' lang='lat' dir='ltr'>of</span> <span class='ocrx_word' id='word_1_217' title='bbox 595 1656 688 1696; x_wconf 93' lang='lat' dir='ltr'>God,</span> <span class='ocrx_word' id='word_1_218' title='bbox 701 1655 763 1693; x_wconf 56' lang='lat' dir='ltr'>&amp;a</span> <span class='ocrx_word' id='word_1_219' title='bbox 781 1665 813 1689; x_wconf 88' lang='lat' dir='ltr'>to</span> <span class='ocrx_word' id='word_1_220' title='bbox 825 1657 860 1688; x_wconf 85' lang='lat' dir='ltr'>all</span> <span class='ocrx_word' id='word_1_221' title='bbox 879 1656 970 1696; x_wconf 87' lang='lat' dir='ltr'>Men,</span> <span class='ocrx_word' id='word_1_222' title='bbox 989 1656 1052 1694; x_wconf 62' lang='lat' dir='ltr'>&amp;a</span> <span class='ocrx_word' id='word_1_223' title='bbox 1079 1657 1214 1689; x_wconf 88' lang='lat' dir='ltr'>Greetin-</span> 
     </span>
    </p>
   </div>
   <div class='ocr_carea' id='block_1_10' title="bbox 99 1705 1227 3081">
    <p class='ocr_par' dir='ltr' id='par_1_12' title="bbox 99 1705 1193 1779">
     <span class='ocr_line' id='line_1_28' title="bbox 99 1705 1193 1779; baseline -0.001 -13"><span class='ocrx_word' id='word_1_224' title='bbox 99 1731 118 1775; x_wconf 45' lang='lat' dir='ltr'><strong><em>J</em></strong></span> <span class='ocrx_word' id='word_1_225' title='bbox 191 1705 333 1779; x_wconf 60' lang='lat' dir='ltr'>Vllglexereas</span> <span class='ocrx_word' id='word_1_226' title='bbox 342 1733 441 1773; x_wconf 89' lang='lat' dir='ltr'>Wee,</span> <span class='ocrx_word' id='word_1_227' title='bbox 793 1772 798 1778; x_wconf 35' lang='lat'>⁸</span> <span class='ocrx_word' id='word_1_228' title='bbox 1118 1773 1124 1779; x_wconf 32' lang='grc' dir='ltr'><strong><em>ι</em></strong></span> <span class='ocrx_word' id='word_1_229' title='bbox 1187 1774 1193 1779; x_wconf 38' lang='lat'>¹</span> 
     </span>
    </p>

    <p class='ocr_par' dir='ltr' id='par_1_13' title="bbox 100 1771 1216 1928">
     <span class='ocr_line' id='line_1_29' title="bbox 193 1771 1214 1814; baseline 0 -11"><span class='ocrx_word' id='word_1_230' title='bbox 193 1773 342 1814; x_wconf 80' lang='lat' dir='ltr'>Myndmg</span> <span class='ocrx_word' id='word_1_231' title='bbox 359 1782 389 1803; x_wconf 89' lang='lat' dir='ltr'>to</span> <span class='ocrx_word' id='word_1_232' title='bbox 404 1772 545 1813; x_wconf 89' lang='lat' dir='ltr'>proceede</span> <span class='ocrx_word' id='word_1_233' title='bbox 561 1781 595 1804; x_wconf 92' lang='lat' dir='ltr'>to</span> <span class='ocrx_word' id='word_1_234' title='bbox 609 1772 657 1803; x_wconf 89' lang='lat' dir='ltr'>the</span> <span class='ocrx_word' id='word_1_235' title='bbox 670 1771 831 1812; x_wconf 78' lang='lat' dir='ltr'>Solemntty</span> <span class='ocrx_word' id='word_1_236' title='bbox 846 1772 883 1803; x_wconf 90' lang='lat' dir='ltr'>of</span> <span class='ocrx_word' id='word_1_237' title='bbox 900 1782 954 1804; x_wconf 88' lang='lat' dir='ltr'>our</span> <span class='ocrx_word' id='word_1_238' title='bbox 979 1772 1166 1803; x_wconf 81' lang='lat' dir='ltr'>Coronation</span> <span class='ocrx_word' id='word_1_239' title='bbox 1185 1783 1214 1804; x_wconf 80' lang='lat' dir='ltr'>in</span> 
     </span>
     <span class='ocr_line' id='line_1_30' title="bbox 154 1811 1216 1850; baseline 0 -8"><span class='ocrx_word' id='word_1_240' title='bbox 154 1811 224 1842; x_wconf 91' lang='lat' dir='ltr'>such</span> <span class='ocrx_word' id='word_1_241' title='bbox 239 1812 294 1842; x_wconf 88' lang='lat' dir='ltr'>like</span> <span class='ocrx_word' id='word_1_242' title='bbox 307 1812 464 1842; x_wconf 84' lang='lat' dir='ltr'>honorable</span> <span class='ocrx_word' id='word_1_243' title='bbox 477 1812 566 1850; x_wconf 80' lang='lat' dir='ltr'>sorte,</span> <span class='ocrx_word' id='word_1_244' title='bbox 584 1822 612 1843; x_wconf 86' lang='lat' dir='ltr'>as</span> <span class='ocrx_word' id='word_1_245' title='bbox 628 1813 655 1842; x_wconf 92' lang='lat' dir='ltr'>in</span> <span class='ocrx_word' id='word_1_246' title='bbox 670 1812 718 1843; x_wconf 91' lang='lat' dir='ltr'>the</span> <span class='ocrx_word' id='word_1_247' title='bbox 731 1811 925 1842; x_wconf 87' lang='lat' dir='ltr'>Coronations</span> <span class='ocrx_word' id='word_1_248' title='bbox 946 1811 982 1842; x_wconf 93' lang='lat' dir='ltr'>of</span> <span class='ocrx_word' id='word_1_249' title='bbox 999 1821 1053 1842; x_wconf 87' lang='lat' dir='ltr'>our</span> <span class='ocrx_word' id='word_1_250' title='bbox 1075 1811 1216 1849; x_wconf 86' lang='lat' dir='ltr'>Progeni-</span> 
     </span>
     <span class='ocr_line' id='line_1_31' title="bbox 100 1849 1215 1891; baseline -0.001 -9"><span class='ocrx_word' id='word_1_251' title='bbox 100 1883 106 1891; x_wconf 67' lang='grc'><strong>,</strong></span> <span class='ocrx_word' id='word_1_252' title='bbox 154 1859 215 1882; x_wconf 76' lang='lat' dir='ltr'>tots</span> <span class='ocrx_word' id='word_1_253' title='bbox 228 1851 295 1882; x_wconf 84' lang='lat' dir='ltr'>bath</span> <span class='ocrx_word' id='word_1_254' title='bbox 322 1851 396 1881; x_wconf 85' lang='lat' dir='ltr'>bene</span> <span class='ocrx_word' id='word_1_255' title='bbox 413 1850 600 1882; x_wconf 86' lang='lat' dir='ltr'>accustomed</span> <span class='ocrx_word' id='word_1_256' title='bbox 613 1873 624 1890; x_wconf 91' lang='lat'>,</span> <span class='ocrx_word' id='word_1_257' title='bbox 643 1851 698 1881; x_wconf 86' lang='lat' dir='ltr'>and</span> <span class='ocrx_word' id='word_1_258' title='bbox 720 1860 749 1881; x_wconf 87' lang='lat' dir='ltr'>as</span> <span class='ocrx_word' id='word_1_259' title='bbox 770 1857 803 1880; x_wconf 94' lang='lat' dir='ltr'>to</span> <span class='ocrx_word' id='word_1_260' title='bbox 825 1860 896 1880; x_wconf 89' lang='lat' dir='ltr'>oure</span> <span class='ocrx_word' id='word_1_261' title='bbox 918 1849 995 1881; x_wconf 85' lang='lat' dir='ltr'>State</span> <span class='ocrx_word' id='word_1_262' title='bbox 1012 1849 1068 1882; x_wconf 87' lang='lat' dir='ltr'>and</span> <span class='ocrx_word' id='word_1_263' title='bbox 1093 1850 1215 1891; x_wconf 88' lang='lat' dir='ltr'>Dignity</span> 
     </span>
     <span class='ocr_line' id='line_1_32' title="bbox 159 1889 504 1928; baseline -0.006 -8"><span class='ocrx_word' id='word_1_264' title='bbox 159 1889 265 1927; x_wconf 83' lang='lat' dir='ltr'>Royan</span> <span class='ocrx_word' id='word_1_265' title='bbox 283 1889 504 1928; x_wconf 85' lang='lat' dir='ltr'>appertayneth,</span> 
     </span>
    </p>

    <p class='ocr_par' dir='ltr' id='par_1_14' title="bbox 153 1926 1216 2113">
     <span class='ocr_line' id='line_1_33' title="bbox 193 1926 1216 1966; baseline -0.001 -8"><span class='ocrx_word' id='word_1_266' title='bbox 193 1927 294 1966; x_wconf 88' lang='lat' dir='ltr'>Have,</span> <span class='ocrx_word' id='word_1_267' title='bbox 314 1928 385 1958; x_wconf 90' lang='lat' dir='ltr'>both</span> <span class='ocrx_word' id='word_1_268' title='bbox 400 1927 443 1957; x_wconf 86' lang='lat' dir='ltr'>for</span> <span class='ocrx_word' id='word_1_269' title='bbox 462 1927 512 1957; x_wconf 87' lang='lat' dir='ltr'>the</span> <span class='ocrx_word' id='word_1_270' title='bbox 529 1936 611 1957; x_wconf 87' lang='lat' dir='ltr'>more</span> <span class='ocrx_word' id='word_1_271' title='bbox 629 1926 825 1958; x_wconf 86' lang='lat' dir='ltr'>Adornement</span> <span class='ocrx_word' id='word_1_272' title='bbox 841 1926 877 1957; x_wconf 90' lang='lat' dir='ltr'>of</span> <span class='ocrx_word' id='word_1_273' title='bbox 885 1926 933 1958; x_wconf 91' lang='lat' dir='ltr'>the</span> <span class='ocrx_word' id='word_1_274' title='bbox 947 1927 1028 1958; x_wconf 86' lang='lat' dir='ltr'>Feast</span> <span class='ocrx_word' id='word_1_275' title='bbox 1045 1927 1083 1957; x_wconf 91' lang='lat' dir='ltr'>of</span> <span class='ocrx_word' id='word_1_276' title='bbox 1094 1937 1147 1958; x_wconf 88' lang='lat' dir='ltr'>our</span> <span class='ocrx_word' id='word_1_277' title='bbox 1161 1927 1216 1958; x_wconf 73' lang='lat' dir='ltr'>said</span> 
     </span>
     <span class='ocr_line' id='line_1_34' title="bbox 153 1964 1216 2006; baseline -0.001 -9"><span class='ocrx_word' id='word_1_278' title='bbox 153 1965 349 2004; x_wconf 87' lang='lat' dir='ltr'>Coronation,</span> <span class='ocrx_word' id='word_1_279' title='bbox 368 1965 423 1996; x_wconf 89' lang='lat' dir='ltr'>and</span> <span class='ocrx_word' id='word_1_280' title='bbox 435 1965 481 1996; x_wconf 88' lang='lat' dir='ltr'>for</span> <span class='ocrx_word' id='word_1_281' title='bbox 497 1965 546 1996; x_wconf 90' lang='lat' dir='ltr'>the</span> <span class='ocrx_word' id='word_1_282' title='bbox 566 1965 704 2006; x_wconf 89' lang='lat' dir='ltr'>Nobility</span> <span class='ocrx_word' id='word_1_283' title='bbox 726 1965 762 1995; x_wconf 92' lang='lat' dir='ltr'>of</span> <span class='ocrx_word' id='word_1_284' title='bbox 779 1964 871 1996; x_wconf 91' lang='lat' dir='ltr'>Blood</span> <span class='ocrx_word' id='word_1_285' title='bbox 884 1989 893 2003; x_wconf 89' lang='lat'>‚</span> <span class='ocrx_word' id='word_1_286' title='bbox 917 1966 998 2003; x_wconf 87' lang='lat' dir='ltr'>good</span> <span class='ocrx_word' id='word_1_287' title='bbox 1019 1966 1136 1997; x_wconf 87' lang='lat' dir='ltr'>Service</span> <span class='ocrx_word' id='word_1_288' title='bbox 1160 1966 1216 1996; x_wconf 87' lang='lat' dir='ltr'>and</span> 
     </span>
     <span class='ocr_line' id='line_1_35' title="bbox 153 2003 1216 2045; baseline -0.002 -9"><span class='ocrx_word' id='word_1_289' title='bbox 153 2005 237 2036; x_wconf 87' lang='lat' dir='ltr'>other</span> <span class='ocrx_word' id='word_1_290' title='bbox 253 2005 332 2045; x_wconf 84' lang='lat' dir='ltr'>good</span> <span class='ocrx_word' id='word_1_291' title='bbox 349 2004 489 2042; x_wconf 83' lang='lat' dir='ltr'>Qualities</span> <span class='ocrx_word' id='word_1_292' title='bbox 503 2003 539 2034; x_wconf 93' lang='lat' dir='ltr'>of</span> <span class='ocrx_word' id='word_1_293' title='bbox 552 2013 634 2042; x_wconf 85' lang='lat' dir='ltr'>many</span> <span class='ocrx_word' id='word_1_294' title='bbox 649 2014 702 2034; x_wconf 91' lang='lat' dir='ltr'>our</span> <span class='ocrx_word' id='word_1_295' title='bbox 716 2003 868 2034; x_wconf 86' lang='lat' dir='ltr'>Servaunts</span> <span class='ocrx_word' id='word_1_296' title='bbox 887 2004 942 2034; x_wconf 91' lang='lat' dir='ltr'>and</span> <span class='ocrx_word' id='word_1_297' title='bbox 960 2005 1044 2036; x_wconf 87' lang='lat' dir='ltr'>other</span> <span class='ocrx_word' id='word_1_298' title='bbox 1064 2014 1117 2034; x_wconf 88' lang='lat' dir='ltr'>our</span> <span class='ocrx_word' id='word_1_299' title='bbox 1141 2004 1216 2034; x_wconf 87' lang='lat' dir='ltr'>Sub-</span> 
     </span>
     <span class='ocr_line' id='line_1_36' title="bbox 155 2041 1216 2113; baseline 0 -39"><span class='ocrx_word' id='word_1_300' title='bbox 155 2044 242 2113; x_wconf 51' lang='lat' dir='ltr'>{ffffid’</span> <span class='ocrx_word' id='word_1_301' title='bbox 261 2042 387 2074; x_wconf 82' lang='lat' dir='ltr'>resolved</span> <span class='ocrx_word' id='word_1_302' title='bbox 403 2052 435 2074; x_wconf 90' lang='lat' dir='ltr'>to</span> <span class='ocrx_word' id='word_1_303' title='bbox 450 2042 502 2073; x_wconf 85' lang='lat' dir='ltr'>call</span> <span class='ocrx_word' id='word_1_304' title='bbox 516 2051 647 2082; x_wconf 87' lang='lat' dir='ltr'>certayne</span> <span class='ocrx_word' id='word_1_305' title='bbox 660 2042 696 2072; x_wconf 93' lang='lat' dir='ltr'>of</span> <span class='ocrx_word' id='word_1_306' title='bbox 707 2042 787 2073; x_wconf 90' lang='lat' dir='ltr'>them</span> <span class='ocrx_word' id='word_1_307' title='bbox 804 2050 838 2074; x_wconf 91' lang='lat' dir='ltr'>to</span> <span class='ocrx_word' id='word_1_308' title='bbox 851 2043 901 2074; x_wconf 88' lang='lat' dir='ltr'>the</span> <span class='ocrx_word' id='word_1_309' title='bbox 921 2042 1016 2074; x_wconf 86' lang='lat' dir='ltr'>Order</span> <span class='ocrx_word' id='word_1_310' title='bbox 1038 2043 1074 2074; x_wconf 91' lang='lat' dir='ltr'>of</span> <span class='ocrx_word' id='word_1_311' title='bbox 1087 2041 1216 2083; x_wconf 84' lang='lat' dir='ltr'>Knight·</span> 
     </span>
    </p>

    <p class='ocr_par' dir='ltr' id='par_1_15' title="bbox 178 2092 215 2112">
     <span class='ocr_line' id='line_1_37' title="bbox 178 2092 215 2112; baseline -0.027 0"><span class='ocrx_word' id='word_1_312' title='bbox 178 2092 215 2112; x_wconf 89' lang='lat' dir='ltr'>oo</span> 
     </span>
    </p>

    <p class='ocr_par' dir='ltr' id='par_1_16' title="bbox 156 2104 1221 2775">
     <span class='ocr_line' id='line_1_38' title="bbox 194 2104 1214 2158; baseline -0.001 -7"><span class='ocrx_word' id='word_1_313' title='bbox 194 2104 256 2151; x_wconf 68' lang='lat' dir='ltr'>Wt’e</span> <span class='ocrx_word' id='word_1_314' title='bbox 270 2119 318 2150; x_wconf 86' lang='lat' dir='ltr'>lett</span> <span class='ocrx_word' id='word_1_315' title='bbox 331 2128 389 2158; x_wconf 89' lang='lat' dir='ltr'>you</span> <span class='ocrx_word' id='word_1_316' title='bbox 402 2126 511 2156; x_wconf 86' lang='lat' dir='ltr'>weete,</span> <span class='ocrx_word' id='word_1_317' title='bbox 529 2119 610 2158; x_wconf 86' lang='lat' dir='ltr'>that,</span> <span class='ocrx_word' id='word_1_318' title='bbox 626 2118 670 2150; x_wconf 88' lang='lat' dir='ltr'>for</span> <span class='ocrx_word' id='word_1_319' title='bbox 683 2119 734 2150; x_wconf 89' lang='lat' dir='ltr'>the</span> <span class='ocrx_word' id='word_1_320' title='bbox 749 2118 859 2157; x_wconf 80' lang='lat' dir='ltr'>speciali</span> <span class='ocrx_word' id='word_1_321' title='bbox 876 2118 964 2150; x_wconf 89' lang='lat' dir='ltr'>Trust</span> <span class='ocrx_word' id='word_1_322' title='bbox 979 2120 1033 2151; x_wconf 82' lang='lat' dir='ltr'>and</span> <span class='ocrx_word' id='word_1_323' title='bbox 1055 2118 1214 2152; x_wconf 87' lang='lat' dir='ltr'>Confiden-</span> 
     </span>
     <span class='ocr_line' id='line_1_39' title="bbox 156 2157 1216 2197; baseline 0 -8"><span class='ocrx_word' id='word_1_324' title='bbox 156 2168 191 2190; x_wconf 90' lang='lat' dir='ltr'>ce</span> <span class='ocrx_word' id='word_1_325' title='bbox 209 2159 309 2189; x_wconf 89' lang='lat' dir='ltr'>which</span> <span class='ocrx_word' id='word_1_326' title='bbox 329 2159 389 2188; x_wconf 91' lang='lat' dir='ltr'>We</span> <span class='ocrx_word' id='word_1_327' title='bbox 404 2159 475 2188; x_wconf 88' lang='lat' dir='ltr'>have</span> <span class='ocrx_word' id='word_1_328' title='bbox 488 2158 602 2194; x_wconf 89' lang='lat' dir='ltr'>reposed</span> <span class='ocrx_word' id='word_1_329' title='bbox 619 2158 667 2197; x_wconf 89' lang='lat' dir='ltr'>in,</span> <span class='ocrx_word' id='word_1_330' title='bbox 684 2168 737 2188; x_wconf 89' lang='lat' dir='ltr'>our</span> <span class='ocrx_word' id='word_1_331' title='bbox 750 2158 823 2195; x_wconf 80' lang='lat' dir='ltr'>right</span> <span class='ocrx_word' id='word_1_332' title='bbox 839 2157 943 2197; x_wconf 88' lang='lat' dir='ltr'>trustye</span> <span class='ocrx_word' id='word_1_333' title='bbox 955 2159 1009 2189; x_wconf 89' lang='lat' dir='ltr'>and</span> <span class='ocrx_word' id='word_1_334' title='bbox 1024 2159 1216 2190; x_wconf 88' lang='lat' dir='ltr'>wellbeloved</span> 
     </span>
     <span class='ocr_line' id='line_1_40' title="bbox 157 2194 1215 2237; baseline 0.001 -11"><span class='ocrx_word' id='word_1_335' title='bbox 157 2196 281 2227; x_wconf 84' lang='lat' dir='ltr'>Coufins</span> <span class='ocrx_word' id='word_1_336' title='bbox 295 2196 348 2226; x_wconf 91' lang='lat' dir='ltr'>and</span> <span class='ocrx_word' id='word_1_337' title='bbox 374 2195 575 2233; x_wconf 86' lang='lat' dir='ltr'>Counsellors,</span> <span class='ocrx_word' id='word_1_338' title='bbox 600 2195 732 2225; x_wconf 86' lang='lat' dir='ltr'>Edward</span> <span class='ocrx_word' id='word_1_339' title='bbox 750 2195 839 2226; x_wconf 87' lang='lat' dir='ltr'>Earle</span> <span class='ocrx_word' id='word_1_340' title='bbox 860 2194 896 2234; x_wconf 88' lang='lat' dir='ltr'>of</span> <span class='ocrx_word' id='word_1_341' title='bbox 908 2197 1053 2237; x_wconf 75' lang='lat' dir='ltr'>Worcester</span> <span class='ocrx_word' id='word_1_342' title='bbox 1075 2208 1130 2229; x_wconf 88' lang='lat' dir='ltr'>our</span> <span class='ocrx_word' id='word_1_343' title='bbox 1150 2197 1215 2228; x_wconf 87' lang='lat' dir='ltr'>Earl</span> 
     </span>
     <span class='ocr_line' id='line_1_41' title="bbox 156 2233 1217 2274; baseline 0.001 -9"><span class='ocrx_word' id='word_1_344' title='bbox 156 2234 295 2265; x_wconf 80' lang='lat' dir='ltr'>Marihall</span> <span class='ocrx_word' id='word_1_345' title='bbox 312 2234 348 2264; x_wconf 91' lang='lat' dir='ltr'>of</span> <span class='ocrx_word' id='word_1_346' title='bbox 359 2234 502 2273; x_wconf 85' lang='lat' dir='ltr'>England,</span> <span class='ocrx_word' id='word_1_347' title='bbox 521 2233 634 2264; x_wconf 80' lang='lat' dir='ltr'>charles</span> <span class='ocrx_word' id='word_1_348' title='bbox 649 2233 736 2264; x_wconf 86' lang='lat' dir='ltr'>Earle</span> <span class='ocrx_word' id='word_1_349' title='bbox 752 2233 787 2274; x_wconf 89' lang='lat' dir='ltr'>of</span> <span class='ocrx_word' id='word_1_350' title='bbox 799 2234 970 2272; x_wconf 84' lang='lat' dir='ltr'>Notingham</span> <span class='ocrx_word' id='word_1_351' title='bbox 984 2245 1035 2266; x_wconf 92' lang='lat' dir='ltr'>our</span> <span class='ocrx_word' id='word_1_352' title='bbox 1057 2235 1139 2274; x_wconf 83' lang='lat' dir='ltr'>High</span> <span class='ocrx_word' id='word_1_353' title='bbox 1157 2236 1217 2267; x_wconf 87' lang='lat' dir='ltr'>Ad-</span> 
     </span>
     <span class='ocr_line' id='line_1_42' title="bbox 157 2272 1221 2312; baseline 0.001 -8"><span class='ocrx_word' id='word_1_354' title='bbox 157 2274 249 2304; x_wconf 88' lang='lat' dir='ltr'>mirall</span> <span class='ocrx_word' id='word_1_355' title='bbox 266 2274 302 2304; x_wconf 87' lang='lat' dir='ltr'>of</span> <span class='ocrx_word' id='word_1_356' title='bbox 310 2272 439 2312; x_wconf 81' lang='lat' dir='ltr'>England</span> <span class='ocrx_word' id='word_1_357' title='bbox 449 2295 458 2311; x_wconf 87' lang='lat'>,</span> <span class='ocrx_word' id='word_1_358' title='bbox 475 2272 592 2303; x_wconf 85' lang='lat' dir='ltr'><em>Thomas</em></span> <span class='ocrx_word' id='word_1_359' title='bbox 606 2272 692 2302; x_wconf 88' lang='lat' dir='ltr'>Earle</span> <span class='ocrx_word' id='word_1_360' title='bbox 707 2273 742 2311; x_wconf 89' lang='lat' dir='ltr'>of</span> <span class='ocrx_word' id='word_1_361' title='bbox 749 2272 865 2311; x_wconf 75' lang='lat' dir='ltr'>Suffllke</span> <span class='ocrx_word' id='word_1_362' title='bbox 878 2284 931 2304; x_wconf 90' lang='lat' dir='ltr'>our</span> <span class='ocrx_word' id='word_1_363' title='bbox 951 2273 1170 2305; x_wconf 87' lang='lat' dir='ltr'>Chamberlaine</span> <span class='ocrx_word' id='word_1_364' title='bbox 1184 2274 1221 2305; x_wconf 88' lang='lat' dir='ltr'>of</span> 
     </span>
     <span class='ocr_line' id='line_1_43' title="bbox 156 2310 1219 2351; baseline -0.001 -8"><span class='ocrx_word' id='word_1_365' title='bbox 156 2323 208 2343; x_wconf 93' lang='lat' dir='ltr'>our</span> <span class='ocrx_word' id='word_1_366' title='bbox 224 2311 338 2348; x_wconf 82' lang='lat' dir='ltr'>House,</span> <span class='ocrx_word' id='word_1_367' title='bbox 355 2313 410 2342; x_wconf 87' lang='lat' dir='ltr'>and</span> <span class='ocrx_word' id='word_1_368' title='bbox 423 2313 470 2350; x_wconf 86' lang='lat' dir='ltr'>in,</span> <span class='ocrx_word' id='word_1_369' title='bbox 487 2321 541 2342; x_wconf 93' lang='lat' dir='ltr'>our</span> <span class='ocrx_word' id='word_1_370' title='bbox 555 2311 631 2348; x_wconf 85' lang='lat' dir='ltr'>right</span> <span class='ocrx_word' id='word_1_371' title='bbox 645 2310 735 2350; x_wconf 91' lang='lat' dir='ltr'>trusty</span> <span class='ocrx_word' id='word_1_372' title='bbox 751 2311 804 2342; x_wconf 87' lang='lat' dir='ltr'>and</span> <span class='ocrx_word' id='word_1_373' title='bbox 818 2312 1025 2350; x_wconf 87' lang='lat' dir='ltr'>wellbeloved,</span> <span class='ocrx_word' id='word_1_374' title='bbox 1042 2312 1123 2351; x_wconf 85' lang='lat' dir='ltr'>John</span> <span class='ocrx_word' id='word_1_375' title='bbox 1138 2313 1219 2343; x_wconf 87' lang='lat' dir='ltr'>Lord</span> 
     </span>
     <span class='ocr_line' id='line_1_44' title="bbox 159 2349 1217 2389; baseline 0.001 -8"><span class='ocrx_word' id='word_1_376' title='bbox 159 2350 288 2389; x_wconf 79' lang='lat' dir='ltr'>Lumley,</span> <span class='ocrx_word' id='word_1_377' title='bbox 306 2350 383 2380; x_wconf 89' lang='lat' dir='ltr'>Wee</span> <span class='ocrx_word' id='word_1_378' title='bbox 399 2351 471 2380; x_wconf 87' lang='lat' dir='ltr'>have</span> <span class='ocrx_word' id='word_1_379' title='bbox 487 2349 663 2389; x_wconf 82' lang='lat' dir='ltr'>appoymed,</span> <span class='ocrx_word' id='word_1_380' title='bbox 685 2349 740 2379; x_wconf 88' lang='lat' dir='ltr'>and</span> <span class='ocrx_word' id='word_1_381' title='bbox 767 2351 806 2389; x_wconf 86' lang='lat' dir='ltr'>by</span> <span class='ocrx_word' id='word_1_382' title='bbox 831 2350 917 2381; x_wconf 88' lang='lat' dir='ltr'>theise</span> <span class='ocrx_word' id='word_1_383' title='bbox 939 2351 1064 2382; x_wconf 81' lang='lat' dir='ltr'>Presents</span> <span class='ocrx_word' id='word_1_384' title='bbox 1087 2351 1144 2381; x_wconf 89' lang='lat' dir='ltr'>doe</span> <span class='ocrx_word' id='word_1_385' title='bbox 1168 2362 1217 2389; x_wconf 86' lang='lat' dir='ltr'>ap-</span> 
     </span>
     <span class='ocr_line' id='line_1_45' title="bbox 158 2388 1218 2429; baseline 0.002 -10"><span class='ocrx_word' id='word_1_386' title='bbox 158 2398 266 2427; x_wconf 85' lang='lat' dir='ltr'>poynte</span> <span class='ocrx_word' id='word_1_387' title='bbox 280 2389 333 2418; x_wconf 90' lang='lat' dir='ltr'>and</span> <span class='ocrx_word' id='word_1_388' title='bbox 348 2389 497 2418; x_wconf 87' lang='lat' dir='ltr'>authorize</span> <span class='ocrx_word' id='word_1_389' title='bbox 515 2388 616 2426; x_wconf 89' lang='lat' dir='ltr'>them,</span> <span class='ocrx_word' id='word_1_390' title='bbox 634 2397 670 2417; x_wconf 89' lang='lat' dir='ltr'>or</span> <span class='ocrx_word' id='word_1_391' title='bbox 689 2397 744 2427; x_wconf 86' lang='lat' dir='ltr'>any</span> <span class='ocrx_word' id='word_1_392' title='bbox 764 2389 844 2419; x_wconf 85' lang='lat' dir='ltr'>three</span> <span class='ocrx_word' id='word_1_393' title='bbox 863 2389 899 2418; x_wconf 86' lang='lat' dir='ltr'>of</span> <span class='ocrx_word' id='word_1_394' title='bbox 913 2389 1011 2427; x_wconf 87' lang='lat' dir='ltr'>them,</span> <span class='ocrx_word' id='word_1_395' title='bbox 1028 2399 1063 2420; x_wconf 89' lang='lat' dir='ltr'>or</span> <span class='ocrx_word' id='word_1_396' title='bbox 1080 2399 1134 2429; x_wconf 88' lang='lat' dir='ltr'>any</span> <span class='ocrx_word' id='word_1_397' title='bbox 1153 2398 1218 2421; x_wconf 86' lang='lat' dir='ltr'>two</span> 
     </span>
     <span class='ocr_line' id='line_1_46' title="bbox 157 2425 1218 2466; baseline 0.001 -9"><span class='ocrx_word' id='word_1_398' title='bbox 157 2429 195 2458; x_wconf 79' lang='lat' dir='ltr'>os</span> <span class='ocrx_word' id='word_1_399' title='bbox 210 2428 287 2458; x_wconf 87' lang='lat' dir='ltr'>them</span> <span class='ocrx_word' id='word_1_400' title='bbox 298 2449 307 2466; x_wconf 83' lang='lat'>,</span> <span class='ocrx_word' id='word_1_401' title='bbox 325 2426 370 2457; x_wconf 91' lang='lat' dir='ltr'>for</span> <span class='ocrx_word' id='word_1_402' title='bbox 391 2426 437 2457; x_wconf 87' lang='lat' dir='ltr'>Us</span> <span class='ocrx_word' id='word_1_403' title='bbox 454 2426 508 2456; x_wconf 87' lang='lat' dir='ltr'>and</span> <span class='ocrx_word' id='word_1_404' title='bbox 523 2428 552 2456; x_wconf 93' lang='lat' dir='ltr'>in</span> <span class='ocrx_word' id='word_1_405' title='bbox 571 2436 624 2457; x_wconf 90' lang='lat' dir='ltr'>our</span> <span class='ocrx_word' id='word_1_406' title='bbox 644 2425 761 2463; x_wconf 84' lang='lat' dir='ltr'>Name,</span> <span class='ocrx_word' id='word_1_407' title='bbox 778 2426 834 2457; x_wconf 90' lang='lat' dir='ltr'>and</span> <span class='ocrx_word' id='word_1_408' title='bbox 854 2427 891 2465; x_wconf 91' lang='lat' dir='ltr'>by</span> <span class='ocrx_word' id='word_1_409' title='bbox 907 2434 961 2458; x_wconf 87' lang='lat' dir='ltr'>our</span> <span class='ocrx_word' id='word_1_410' title='bbox 980 2428 1151 2465; x_wconf 87' lang='lat' dir='ltr'>Authoritie,</span> <span class='ocrx_word' id='word_1_411' title='bbox 1167 2436 1218 2458; x_wconf 90' lang='lat' dir='ltr'>not</span> 
     </span>
     <span class='ocr_line' id='line_1_47' title="bbox 159 2464 1217 2507; baseline 0 -10"><span class='ocrx_word' id='word_1_412' title='bbox 159 2467 229 2507; x_wconf 83' lang='lat' dir='ltr'>only</span> <span class='ocrx_word' id='word_1_413' title='bbox 245 2475 277 2497; x_wconf 89' lang='lat' dir='ltr'>to</span> <span class='ocrx_word' id='word_1_414' title='bbox 288 2467 342 2495; x_wconf 87' lang='lat' dir='ltr'>doe</span> <span class='ocrx_word' id='word_1_415' title='bbox 359 2465 415 2495; x_wconf 89' lang='lat' dir='ltr'>and</span> <span class='ocrx_word' id='word_1_416' title='bbox 427 2464 572 2503; x_wconf 86' lang='lat' dir='ltr'>excercyse</span> <span class='ocrx_word' id='word_1_417' title='bbox 587 2473 671 2502; x_wconf 88' lang='lat' dir='ltr'>every</span> <span class='ocrx_word' id='word_1_418' title='bbox 690 2464 771 2503; x_wconf 84' lang='lat' dir='ltr'>thing</span> <span class='ocrx_word' id='word_1_419' title='bbox 784 2464 838 2495; x_wconf 88' lang='lat' dir='ltr'>and</span> <span class='ocrx_word' id='word_1_420' title='bbox 854 2465 949 2505; x_wconf 86' lang='lat' dir='ltr'>things</span> <span class='ocrx_word' id='word_1_421' title='bbox 961 2466 989 2496; x_wconf 88' lang='lat' dir='ltr'>in</span> <span class='ocrx_word' id='word_1_422' title='bbox 1012 2476 1066 2497; x_wconf 93' lang='lat' dir='ltr'>our</span> <span class='ocrx_word' id='word_1_423' title='bbox 1091 2466 1217 2504; x_wconf 89' lang='lat' dir='ltr'>behalfe‚</span> 
     </span>
     <span class='ocr_line' id='line_1_48' title="bbox 158 2502 1218 2542; baseline -0.002 -6"><span class='ocrx_word' id='word_1_424' title='bbox 158 2514 193 2536; x_wconf 85' lang='lat' dir='ltr'>to</span> <span class='ocrx_word' id='word_1_425' title='bbox 212 2509 247 2535; x_wconf 89' lang='lat' dir='ltr'>be</span> <span class='ocrx_word' id='word_1_426' title='bbox 262 2504 338 2534; x_wconf 90' lang='lat' dir='ltr'>done</span> <span class='ocrx_word' id='word_1_427' title='bbox 351 2504 404 2533; x_wconf 91' lang='lat' dir='ltr'>and</span> <span class='ocrx_word' id='word_1_428' title='bbox 419 2503 557 2535; x_wconf 86' lang='lat' dir='ltr'>exercised</span> <span class='ocrx_word' id='word_1_429' title='bbox 572 2504 616 2532; x_wconf 87' lang='lat' dir='ltr'>for</span> <span class='ocrx_word' id='word_1_430' title='bbox 631 2502 680 2532; x_wconf 89' lang='lat' dir='ltr'>the</span> <span class='ocrx_word' id='word_1_431' title='bbox 690 2502 740 2532; x_wconf 91' lang='lat' dir='ltr'>full</span> <span class='ocrx_word' id='word_1_432' title='bbox 753 2503 868 2542; x_wconf 78' lang='lat' dir='ltr'>making</span> <span class='ocrx_word' id='word_1_433' title='bbox 884 2506 918 2534; x_wconf 79' lang='lat' dir='ltr'>of</span> <span class='ocrx_word' id='word_1_434' title='bbox 932 2504 963 2535; x_wconf 91' lang='lat' dir='ltr'>K</span> <span class='ocrx_word' id='word_1_435' title='bbox 973 2512 996 2535; x_wconf 83' lang='grc' dir='ltr'>Ν</span> <span class='ocrx_word' id='word_1_436' title='bbox 1008 2514 1018 2534; x_wconf 92' lang='lat'>1</span> <span class='ocrx_word' id='word_1_437' title='bbox 1029 2513 1052 2535; x_wconf 86' lang='lat' dir='ltr'>G</span> <span class='ocrx_word' id='word_1_438' title='bbox 1061 2513 1084 2535; x_wconf 77' lang='grc' dir='ltr'><strong>Η</strong></span> <span class='ocrx_word' id='word_1_439' title='bbox 1095 2512 1117 2534; x_wconf 79' lang='grc' dir='ltr'>τ</span> <span class='ocrx_word' id='word_1_440' title='bbox 1130 2514 1142 2535; x_wconf 88' lang='lat' dir='ltr'>s</span> <span class='ocrx_word' id='word_1_441' title='bbox 1169 2514 1189 2534; x_wconf 94' lang='lat' dir='ltr'>o</span> <span class='ocrx_word' id='word_1_442' title='bbox 1199 2513 1218 2534; x_wconf 79' lang='lat' dir='ltr'><strong>F</strong></span> 
     </span>
     <span class='ocr_line' id='line_1_49' title="bbox 161 2540 1219 2582; baseline -0.002 -8"><span class='ocrx_word' id='word_1_443' title='bbox 161 2552 244 2574; x_wconf 77' lang='lat' dir='ltr'>THE</span> <span class='ocrx_word' id='word_1_444' title='bbox 266 2542 286 2573; x_wconf 89' lang='grc' dir='ltr'>Β</span> <span class='ocrx_word' id='word_1_445' title='bbox 298 2555 316 2572; x_wconf 80' lang='lat' dir='ltr'>A</span> <span class='ocrx_word' id='word_1_446' title='bbox 327 2549 350 2571; x_wconf 82' lang='grc' dir='ltr'><strong>τ</strong></span> <span class='ocrx_word' id='word_1_447' title='bbox 360 2550 430 2580; x_wconf 71' lang='lat' dir='ltr'>HE,</span> <span class='ocrx_word' id='word_1_448' title='bbox 448 2543 569 2572; x_wconf 87' lang='lat' dir='ltr'>whome</span> <span class='ocrx_word' id='word_1_449' title='bbox 579 2540 657 2571; x_wconf 81' lang='lat' dir='ltr'>Wee</span> <span class='ocrx_word' id='word_1_450' title='bbox 672 2542 744 2572; x_wconf 88' lang='lat' dir='ltr'>have</span> <span class='ocrx_word' id='word_1_451' title='bbox 767 2541 867 2573; x_wconf 88' lang='lat' dir='ltr'>caused</span> <span class='ocrx_word' id='word_1_452' title='bbox 894 2550 927 2572; x_wconf 89' lang='lat' dir='ltr'>to</span> <span class='ocrx_word' id='word_1_453' title='bbox 946 2543 983 2573; x_wconf 88' lang='lat' dir='ltr'>be</span> <span class='ocrx_word' id='word_1_454' title='bbox 1000 2544 1144 2582; x_wconf 85' lang='lat' dir='ltr'>especially</span> <span class='ocrx_word' id='word_1_455' title='bbox 1162 2544 1219 2573; x_wconf 85' lang='lat' dir='ltr'>cal-</span> 
     </span>
     <span class='ocr_line' id='line_1_50' title="bbox 161 2579 1218 2620; baseline -0.001 -8"><span class='ocrx_word' id='word_1_456' title='bbox 161 2583 206 2613; x_wconf 87' lang='lat' dir='ltr'>led</span> <span class='ocrx_word' id='word_1_457' title='bbox 225 2582 269 2612; x_wconf 88' lang='lat' dir='ltr'>for</span> <span class='ocrx_word' id='word_1_458' title='bbox 287 2581 348 2611; x_wconf 90' lang='lat' dir='ltr'>that</span> <span class='ocrx_word' id='word_1_459' title='bbox 364 2580 501 2619; x_wconf 77' lang='lat' dir='ltr'>purpose3</span> <span class='ocrx_word' id='word_1_460' title='bbox 519 2581 569 2610; x_wconf 89' lang='lat' dir='ltr'>but</span> <span class='ocrx_word' id='word_1_461' title='bbox 581 2579 637 2609; x_wconf 84' lang='lat' dir='ltr'>also</span> <span class='ocrx_word' id='word_1_462' title='bbox 655 2587 686 2610; x_wconf 90' lang='lat' dir='ltr'>to</span> <span class='ocrx_word' id='word_1_463' title='bbox 705 2579 789 2610; x_wconf 87' lang='lat' dir='ltr'>make</span> <span class='ocrx_word' id='word_1_464' title='bbox 807 2581 861 2611; x_wconf 84' lang='lat' dir='ltr'>and</span> <span class='ocrx_word' id='word_1_465' title='bbox 879 2581 1003 2620; x_wconf 88' lang='lat' dir='ltr'>ordayne</span> <span class='ocrx_word' id='word_1_466' title='bbox 1028 2580 1096 2611; x_wconf 86' lang='lat' dir='ltr'>such</span> <span class='ocrx_word' id='word_1_467' title='bbox 1114 2581 1169 2612; x_wconf 88' lang='lat' dir='ltr'>and</span> <span class='ocrx_word' id='word_1_468' title='bbox 1187 2581 1218 2611; x_wconf 93' lang='lat' dir='ltr'>so</span> 
     </span>
     <span class='ocr_line' id='line_1_51' title="bbox 160 2617 1220 2698; baseline -0.003 -8"><span class='ocrx_word' id='word_1_469' title='bbox 160 2619 362 2696; x_wconf 54' lang='grc' dir='ltr'>,Ἑίἳζηῖἑῖἓᾎ</span> <span class='ocrx_word' id='word_1_470' title='bbox 375 2617 662 2687; x_wconf 39' lang='grc' dir='ltr'>ῗξέἷῗὸἳίιέἷῗὲεῗξὲ</span> <span class='ocrx_word' id='word_1_471' title='bbox 680 2618 1113 2695; x_wconf 47' lang='grc' dir='ltr'>ἕίἰῗ“ὐξ“ιιξέῐῗ“ἕεοξ3ἑ,”ἕὲθ</span> <span class='ocrx_word' id='word_1_472' title='bbox 1127 2619 1220 2698; x_wconf 61' lang='grc' dir='ltr'>«ξ’ἒῖῗξ</span> 
     </span>
     <span class='ocr_line' id='line_1_52' title="bbox 159 2678 1219 2736; baseline -0.002 -8"><span class='ocrx_word' id='word_1_473' title='bbox 159 2699 257 2736; x_wconf 85' lang='lat' dir='ltr'>them,</span> <span class='ocrx_word' id='word_1_474' title='bbox 274 2706 308 2726; x_wconf 90' lang='lat' dir='ltr'>or</span> <span class='ocrx_word' id='word_1_475' title='bbox 330 2705 383 2735; x_wconf 86' lang='lat' dir='ltr'>any</span> <span class='ocrx_word' id='word_1_476' title='bbox 398 2696 477 2726; x_wconf 87' lang='lat' dir='ltr'>three</span> <span class='ocrx_word' id='word_1_477' title='bbox 488 2704 520 2725; x_wconf 93' lang='lat' dir='ltr'>or</span> <span class='ocrx_word' id='word_1_478' title='bbox 538 2703 616 2726; x_wconf 88' lang='lat' dir='ltr'>twoe</span> <span class='ocrx_word' id='word_1_479' title='bbox 631 2678 667 2725; x_wconf 70' lang='lat' dir='ltr'>o&#39;f</span> <span class='ocrx_word' id='word_1_480' title='bbox 676 2695 758 2725; x_wconf 84' lang='lat' dir='ltr'>them</span> <span class='ocrx_word' id='word_1_481' title='bbox 773 2716 783 2732; x_wconf 87' lang='lat'>,</span> <span class='ocrx_word' id='word_1_482' title='bbox 802 2704 865 2734; x_wconf 86' lang='lat' dir='ltr'>may</span> <span class='ocrx_word' id='word_1_483' title='bbox 891 2696 928 2726; x_wconf 91' lang='lat' dir='ltr'>be</span> <span class='ocrx_word' id='word_1_484' title='bbox 951 2696 1080 2733; x_wconf 86' lang='lat' dir='ltr'>thought</span> <span class='ocrx_word' id='word_1_485' title='bbox 1101 2680 1219 2734; x_wconf 73' lang='lat' dir='ltr'>’meete,</span> 
     </span>
     <span class='ocr_line' id='line_1_53' title="bbox 158 2732 1219 2775; baseline -0.002 -8"><span class='ocrx_word' id='word_1_486' title='bbox 158 2736 189 2767; x_wconf 90' lang='lat' dir='ltr'>so</span> <span class='ocrx_word' id='word_1_487' title='bbox 206 2746 235 2767; x_wconf 84' lang='lat' dir='ltr'>as</span> <span class='ocrx_word' id='word_1_488' title='bbox 252 2735 317 2775; x_wconf 85' lang='lat' dir='ltr'>they</span> <span class='ocrx_word' id='word_1_489' title='bbox 336 2734 459 2765; x_wconf 87' lang='lat' dir='ltr'>exceede</span> <span class='ocrx_word' id='word_1_490' title='bbox 473 2741 526 2764; x_wconf 88' lang='lat' dir='ltr'>not</span> <span class='ocrx_word' id='word_1_491' title='bbox 541 2735 569 2764; x_wconf 90' lang='lat' dir='ltr'>in</span> <span class='ocrx_word' id='word_1_492' title='bbox 587 2733 637 2764; x_wconf 88' lang='lat' dir='ltr'>the</span> <span class='ocrx_word' id='word_1_493' title='bbox 653 2732 748 2765; x_wconf 87' lang='lat' dir='ltr'>whole</span> <span class='ocrx_word' id='word_1_494' title='bbox 766 2734 813 2764; x_wconf 90' lang='lat' dir='ltr'>the</span> <span class='ocrx_word' id='word_1_495' title='bbox 832 2734 955 2764; x_wconf 89' lang='lat' dir='ltr'>nomber</span> <span class='ocrx_word' id='word_1_496' title='bbox 972 2736 1009 2766; x_wconf 89' lang='lat' dir='ltr'>of</span> <span class='ocrx_word' id='word_1_497' title='bbox 1021 2735 1219 2773; x_wconf 69' lang='lat' dir='ltr'>Threelcore,</span> 
     </span>
    </p>

    <p class='ocr_par' dir='ltr' id='par_1_17' title="bbox 163 2772 1227 3074">
     <span class='ocr_line' id='line_1_54' title="bbox 201 2772 1220 2811; baseline -0.001 -7"><span class='ocrx_word' id='word_1_498' title='bbox 201 2774 266 2804; x_wconf 87' lang='lat' dir='ltr'>And</span> <span class='ocrx_word' id='word_1_499' title='bbox 279 2783 334 2804; x_wconf 87' lang='lat' dir='ltr'>our</span> <span class='ocrx_word' id='word_1_500' title='bbox 353 2772 458 2803; x_wconf 85' lang='lat' dir='ltr'>further</span> <span class='ocrx_word' id='word_1_501' title='bbox 474 2772 599 2802; x_wconf 81' lang='lat' dir='ltr'>Pleasure</span> <span class='ocrx_word' id='word_1_502' title='bbox 616 2773 640 2810; x_wconf 39' lang='lat' dir='ltr'>is,</span> <span class='ocrx_word' id='word_1_503' title='bbox 655 2772 715 2802; x_wconf 77' lang='lat' dir='ltr'>that</span> <span class='ocrx_word' id='word_1_504' title='bbox 733 2781 815 2811; x_wconf 89' lang='lat' dir='ltr'>every</span> <span class='ocrx_word' id='word_1_505' title='bbox 837 2772 959 2810; x_wconf 80' lang='lat' dir='ltr'>Person,</span> <span class='ocrx_word' id='word_1_506' title='bbox 976 2781 1006 2804; x_wconf 92' lang='lat' dir='ltr'>to</span> <span class='ocrx_word' id='word_1_507' title='bbox 1032 2774 1069 2803; x_wconf 92' lang='lat' dir='ltr'>be</span> <span class='ocrx_word' id='word_1_508' title='bbox 1095 2773 1220 2804; x_wconf 87' lang='lat' dir='ltr'>advaun-</span> 
     </span>
     <span class='ocr_line' id='line_1_55' title="bbox 164 2809 1221 2852; baseline 0.001 -10"><span class='ocrx_word' id='word_1_509' title='bbox 164 2813 216 2843; x_wconf 89' lang='lat' dir='ltr'>ced</span> <span class='ocrx_word' id='word_1_510' title='bbox 231 2822 266 2842; x_wconf 92' lang='lat' dir='ltr'>or</span> <span class='ocrx_word' id='word_1_511' title='bbox 285 2811 367 2841; x_wconf 86' lang='lat' dir='ltr'>made</span> <span class='ocrx_word' id='word_1_512' title='bbox 384 2811 498 2849; x_wconf 84' lang='lat' dir='ltr'>Knight</span> <span class='ocrx_word' id='word_1_513' title='bbox 517 2811 556 2852; x_wconf 84' lang='lat' dir='ltr'>by</span> <span class='ocrx_word' id='word_1_514' title='bbox 576 2820 630 2841; x_wconf 89' lang='lat' dir='ltr'>our</span> <span class='ocrx_word' id='word_1_515' title='bbox 658 2809 712 2841; x_wconf 87' lang='lat' dir='ltr'>said</span> <span class='ocrx_word' id='word_1_516' title='bbox 738 2809 997 2850; x_wconf 82' lang='lat' dir='ltr'>Commiffioners,</span> <span class='ocrx_word' id='word_1_517' title='bbox 1015 2821 1049 2841; x_wconf 87' lang='lat' dir='ltr'>or</span> <span class='ocrx_word' id='word_1_518' title='bbox 1068 2821 1120 2850; x_wconf 90' lang='lat' dir='ltr'>any</span> <span class='ocrx_word' id='word_1_519' title='bbox 1142 2812 1221 2843; x_wconf 82' lang='lat' dir='ltr'>three</span> 
     </span>
     <span class='ocr_line' id='line_1_56' title="bbox 163 2847 1227 2889; baseline 0 -9"><span class='ocrx_word' id='word_1_520' title='bbox 163 2860 196 2880; x_wconf 91' lang='lat' dir='ltr'>or</span> <span class='ocrx_word' id='word_1_521' title='bbox 213 2858 291 2881; x_wconf 83' lang='lat' dir='ltr'>twoe</span> <span class='ocrx_word' id='word_1_522' title='bbox 305 2850 341 2880; x_wconf 91' lang='lat' dir='ltr'>of</span> <span class='ocrx_word' id='word_1_523' title='bbox 353 2850 453 2887; x_wconf 81' lang='lat' dir='ltr'>thern,</span> <span class='ocrx_word' id='word_1_524' title='bbox 472 2849 537 2879; x_wconf 87' lang='lat' dir='ltr'>shall</span> <span class='ocrx_word' id='word_1_525' title='bbox 552 2850 623 2879; x_wconf 91' lang='lat' dir='ltr'>have</span> <span class='ocrx_word' id='word_1_526' title='bbox 643 2847 732 2878; x_wconf 89' lang='lat' dir='ltr'>hould</span> <span class='ocrx_word' id='word_1_527' title='bbox 750 2849 803 2879; x_wconf 88' lang='lat' dir='ltr'>and</span> <span class='ocrx_word' id='word_1_528' title='bbox 821 2850 906 2889; x_wconf 86' lang='lat' dir='ltr'>enjoy</span> <span class='ocrx_word' id='word_1_529' title='bbox 925 2849 976 2881; x_wconf 87' lang='lat' dir='ltr'>the</span> <span class='ocrx_word' id='word_1_530' title='bbox 1002 2850 1056 2880; x_wconf 89' lang='lat' dir='ltr'>said</span> <span class='ocrx_word' id='word_1_531' title='bbox 1081 2849 1175 2880; x_wconf 88' lang='lat' dir='ltr'>Order</span> <span class='ocrx_word' id='word_1_532' title='bbox 1191 2850 1227 2880; x_wconf 90' lang='lat' dir='ltr'>of</span> 
     </span>
     <span class='ocr_line' id='line_1_57' title="bbox 165 2886 1222 2928; baseline -0.001 -9"><span class='ocrx_word' id='word_1_533' title='bbox 165 2888 376 2925; x_wconf 79' lang='lat' dir='ltr'>Knighthood‚</span> <span class='ocrx_word' id='word_1_534' title='bbox 393 2889 467 2919; x_wconf 86' lang='lat' dir='ltr'>with</span> <span class='ocrx_word' id='word_1_535' title='bbox 486 2888 533 2918; x_wconf 90' lang='lat' dir='ltr'>the</span> <span class='ocrx_word' id='word_1_536' title='bbox 553 2887 653 2918; x_wconf 88' lang='lat' dir='ltr'>Name</span> <span class='ocrx_word' id='word_1_537' title='bbox 671 2886 749 2917; x_wconf 90' lang='lat' dir='ltr'>Title</span> <span class='ocrx_word' id='word_1_538' title='bbox 766 2887 899 2927; x_wconf 88' lang='lat' dir='ltr'>Dignitie</span> <span class='ocrx_word' id='word_1_539' title='bbox 924 2890 978 2919; x_wconf 88' lang='lat' dir='ltr'>and</span> <span class='ocrx_word' id='word_1_540' title='bbox 1004 2889 1039 2918; x_wconf 88' lang='lat' dir='ltr'>all</span> <span class='ocrx_word' id='word_1_541' title='bbox 1063 2887 1222 2928; x_wconf 82' lang='lat' dir='ltr'>Prerogati-</span> 
     </span>
     <span class='ocr_line' id='line_1_58' title="bbox 165 2925 1223 2966; baseline -0.001 -8"><span class='ocrx_word' id='word_1_542' title='bbox 165 2937 214 2958; x_wconf 91' lang='lat' dir='ltr'>ves</span> <span class='ocrx_word' id='word_1_543' title='bbox 231 2927 386 2963; x_wconf 83' lang='lat' dir='ltr'>thereunto</span> <span class='ocrx_word' id='word_1_544' title='bbox 403 2927 576 2965; x_wconf 82' lang='lat' dir='ltr'>belonging,</span> <span class='ocrx_word' id='word_1_545' title='bbox 592 2926 621 2955; x_wconf 88' lang='lat' dir='ltr'>in</span> <span class='ocrx_word' id='word_1_546' title='bbox 645 2935 672 2955; x_wconf 88' lang='lat' dir='ltr'>as</span> <span class='ocrx_word' id='word_1_547' title='bbox 697 2925 771 2963; x_wconf 81' lang='lat' dir='ltr'>large</span> <span class='ocrx_word' id='word_1_548' title='bbox 789 2926 844 2956; x_wconf 87' lang='lat' dir='ltr'>and</span> <span class='ocrx_word' id='word_1_549' title='bbox 868 2927 961 2965; x_wconf 84' lang='lat' dir='ltr'>ample</span> <span class='ocrx_word' id='word_1_550' title='bbox 985 2936 1102 2957; x_wconf 87' lang='lat' dir='ltr'>manner</span> <span class='ocrx_word' id='word_1_551' title='bbox 1122 2937 1150 2957; x_wconf 89' lang='lat' dir='ltr'>as</span> <span class='ocrx_word' id='word_1_552' title='bbox 1170 2937 1223 2966; x_wconf 87' lang='lat' dir='ltr'>any</span> 
     </span>
     <span class='ocr_line' id='line_1_59' title="bbox 164 2963 1223 3006; baseline 0 -10"><span class='ocrx_word' id='word_1_553' title='bbox 164 2966 247 2996; x_wconf 88' lang='lat' dir='ltr'>other</span> <span class='ocrx_word' id='word_1_554' title='bbox 265 2964 378 3003; x_wconf 88' lang='lat' dir='ltr'>Knight</span> <span class='ocrx_word' id='word_1_555' title='bbox 395 2974 429 2994; x_wconf 90' lang='lat' dir='ltr'>or</span> <span class='ocrx_word' id='word_1_556' title='bbox 450 2963 578 3001; x_wconf 80' lang='lat' dir='ltr'>Knights</span> <span class='ocrx_word' id='word_1_557' title='bbox 595 2963 632 2993; x_wconf 93' lang='lat' dir='ltr'>of</span> <span class='ocrx_word' id='word_1_558' title='bbox 645 2963 703 2993; x_wconf 88' lang='lat' dir='ltr'>like</span> <span class='ocrx_word' id='word_1_559' title='bbox 721 2963 845 3002; x_wconf 88' lang='lat' dir='ltr'>Degree,</span> <span class='ocrx_word' id='word_1_560' title='bbox 863 2966 951 3004; x_wconf 87' lang='lat' dir='ltr'>being</span> <span class='ocrx_word' id='word_1_561' title='bbox 969 2966 1051 2996; x_wconf 83' lang='lat' dir='ltr'>made</span> <span class='ocrx_word' id='word_1_562' title='bbox 1071 2966 1100 2995; x_wconf 90' lang='lat' dir='ltr'>in</span> <span class='ocrx_word' id='word_1_563' title='bbox 1115 2966 1163 2996; x_wconf 86' lang='lat' dir='ltr'>the</span> <span class='ocrx_word' id='word_1_564' title='bbox 1177 2975 1223 3006; x_wconf 89' lang='lat' dir='ltr'>ty-</span> 
     </span>
     <span class='ocr_line' id='line_1_60' title="bbox 166 3001 1225 3074; baseline 0.001 -40"><span class='ocrx_word' id='word_1_565' title='bbox 166 3013 224 3074; x_wconf 54' lang='grc' dir='ltr'>ῐέιῐ</span> <span class='ocrx_word' id='word_1_566' title='bbox 231 3004 267 3034; x_wconf 92' lang='lat' dir='ltr'>of</span> <span class='ocrx_word' id='word_1_567' title='bbox 280 3012 336 3046; x_wconf 32' lang='lat' dir='ltr'>any.</span> <span class='ocrx_word' id='word_1_568' title='bbox 349 3013 412 3070; x_wconf 87' lang='lat' dir='ltr'>ourd</span> <span class='ocrx_word' id='word_1_569' title='bbox 422 3002 619 3041; x_wconf 84' lang='lat' dir='ltr'>Progenitors,</span> <span class='ocrx_word' id='word_1_570' title='bbox 637 3001 729 3041; x_wconf 82' lang='lat' dir='ltr'>have,</span> <span class='ocrx_word' id='word_1_571' title='bbox 742 3003 797 3033; x_wconf 87' lang='lat' dir='ltr'>and</span> <span class='ocrx_word' id='word_1_572' title='bbox 818 3003 856 3034; x_wconf 87' lang='lat' dir='ltr'>of</span> <span class='ocrx_word' id='word_1_573' title='bbox 874 3004 954 3042; x_wconf 86' lang='lat' dir='ltr'>right</span> <span class='ocrx_word' id='word_1_574' title='bbox 978 3004 1072 3043; x_wconf 85' lang='lat' dir='ltr'>ought</span> <span class='ocrx_word' id='word_1_575' title='bbox 1091 3012 1122 3035; x_wconf 83' lang='lat' dir='ltr'>to</span> <span class='ocrx_word' id='word_1_576' title='bbox 1150 3004 1225 3036; x_wconf 87' lang='lat' dir='ltr'>have</span> 
     </span>
    </p>

    <p class='ocr_par' dir='ltr' id='par_1_18' title="bbox 189 3050 624 3081">
     <span class='ocr_line' id='line_1_61' title="bbox 189 3050 624 3081; baseline -0.007 -8"><span class='ocrx_word' id='word_1_577' title='bbox 189 3053 203 3073; x_wconf 88' lang='lat' dir='ltr'>a</span> <span class='ocrx_word' id='word_1_578' title='bbox 243 3053 276 3073; x_wconf 87' lang='lat' dir='ltr'>or</span> <span class='ocrx_word' id='word_1_579' title='bbox 294 3050 393 3081; x_wconf 68' lang='lat' dir='ltr'>enjoye</span> <span class='ocrx_word' id='word_1_580' title='bbox 415 3063 422 3070; x_wconf 88' lang='lat'>.</span> <span class='ocrx_word' id='word_1_581' title='bbox 617 3063 624 3070; x_wconf 91' lang='lat'>.</span> 
     </span>
    </p>
   </div>
   <div class='ocr_carea' id='block_1_11' title="bbox 204 3115 606 3154">
    <p class='ocr_par' dir='ltr' id='par_1_19' title="bbox 204 3115 606 3154">
     <span class='ocr_line' id='line_1_62' title="bbox 204 3115 606 3154; baseline -0.007 -6"><span class='ocrx_word' id='word_1_582' title='bbox 204 3117 239 3148; x_wconf 89' lang='lat' dir='ltr'>In</span> <span class='ocrx_word' id='word_1_583' title='bbox 259 3118 358 3149; x_wconf 86' lang='lat' dir='ltr'>witnes</span> <span class='ocrx_word' id='word_1_584' title='bbox 374 3115 522 3154; x_wconf 90' lang='lat' dir='ltr'>whereof‚</span> <span class='ocrx_word' id='word_1_585' title='bbox 544 3115 606 3151; x_wconf 60' lang='grc' dir='ltr'>ὠς.</span> 
     </span>
    </p>
   </div>
   <div class='ocr_carea' id='block_1_12' title="bbox 203 3190 1029 3234">
    <p class='ocr_par' dir='ltr' id='par_1_20' title="bbox 203 3190 1029 3234">
     <span class='ocr_line' id='line_1_63' title="bbox 203 3190 1029 3234; baseline 0 -9"><span class='ocrx_word' id='word_1_586' title='bbox 203 3194 329 3234; x_wconf 85' lang='lat' dir='ltr'>Wytnes</span> <span class='ocrx_word' id='word_1_587' title='bbox 347 3192 411 3224; x_wconf 91' lang='lat' dir='ltr'>Our</span> <span class='ocrx_word' id='word_1_588' title='bbox 429 3192 494 3223; x_wconf 85' lang='lat' dir='ltr'>selfe</span> <span class='ocrx_word' id='word_1_589' title='bbox 508 3199 536 3223; x_wconf 90' lang='lat' dir='ltr'>at</span> <span class='ocrx_word' id='word_1_590' title='bbox 555 3190 734 3231; x_wconf 73' lang='lat' dir='ltr'>Wstminster</span> <span class='ocrx_word' id='word_1_591' title='bbox 749 3191 799 3223; x_wconf 88' lang='lat' dir='ltr'>the</span> <span class='ocrx_word' id='word_1_592' title='bbox 814 3190 886 3222; x_wconf 88' lang='lat' dir='ltr'>22th</span> <span class='ocrx_word' id='word_1_593' title='bbox 905 3191 942 3223; x_wconf 86' lang='lat' dir='ltr'>of</span> <span class='ocrx_word' id='word_1_594' title='bbox 952 3192 1029 3233; x_wconf 87' lang='lat' dir='ltr'>July.</span> 
     </span>
    </p>
   </div>
   <div class='ocr_carea' id='block_1_13' title="bbox 798 3277 1071 3318">
    <p class='ocr_par' dir='ltr' id='par_1_21' title="bbox 798 3277 1071 3318">
     <span class='ocr_line' id='line_1_64' title="bbox 798 3277 1071 3318; baseline 0.011 -11"><span class='ocrx_word' id='word_1_595' title='bbox 798 3279 851 3308; x_wconf 78' lang='lat' dir='ltr'>Per</span> <span class='ocrx_word' id='word_1_596' title='bbox 867 3277 950 3318; x_wconf 68' lang='lat' dir='ltr'>ipftcm</span> <span class='ocrx_word' id='word_1_597' title='bbox 967 3282 1071 3318; x_wconf 79' lang='lat' dir='ltr'>Regem.</span> 
     </span>
    </p>
   </div>
   <div class='ocr_carea' id='block_1_14' title="bbox 1246 320 2460 1317">
    <p class='ocr_par' dir='ltr' id='par_1_22' title="bbox 1246 320 2460 1317">
     <span class='ocr_line' id='line_1_65' title="bbox 1249 320 2459 364; baseline 0.006 -14"><span class='ocrx_word' id='word_1_598' title='bbox 1249 322 1293 351; x_wconf 85' lang='lat' dir='ltr'>bis</span> <span class='ocrx_word' id='word_1_599' title='bbox 1311 320 1481 351; x_wconf 84' lang='lat' dir='ltr'>Haeredibus</span> <span class='ocrx_word' id='word_1_600' title='bbox 1504 322 1538 352; x_wconf 90' lang='lat'>&amp;</span> <span class='ocrx_word' id='word_1_601' title='bbox 1559 320 1770 354; x_wconf 86' lang='lat' dir='ltr'>Successoribus</span> <span class='ocrx_word' id='word_1_602' title='bbox 1790 325 1889 355; x_wconf 79' lang='lat' dir='ltr'>nostris</span> <span class='ocrx_word' id='word_1_603' title='bbox 1903 349 1912 364; x_wconf 91' lang='lat'>,</span> <span class='ocrx_word' id='word_1_604' title='bbox 1936 326 2036 356; x_wconf 83' lang='lat' dir='ltr'>damus</span> <span class='ocrx_word' id='word_1_605' title='bbox 2062 326 2096 357; x_wconf 86' lang='lat'>&amp;</span> <span class='ocrx_word' id='word_1_606' title='bbox 2125 326 2310 356; x_wconf 86' lang='lat' dir='ltr'>concedimus</span> <span class='ocrx_word' id='word_1_607' title='bbox 2330 322 2406 353; x_wconf 83' lang='lat' dir='ltr'>Ann.</span> <span class='ocrx_word' id='word_1_608' title='bbox 2420 326 2459 357; x_wconf 89' lang='lat' dir='ltr'>D.</span> 
     </span>
     <span class='ocr_line' id='line_1_66' title="bbox 1248 358 2433 402; baseline 0.004 -13"><span class='ocrx_word' id='word_1_609' title='bbox 1248 359 1367 396; x_wconf 83' lang='lat' dir='ltr'>praefato</span> <span class='ocrx_word' id='word_1_610' title='bbox 1381 359 1513 396; x_wconf 83' lang='lat' dir='ltr'>Johanni</span> <span class='ocrx_word' id='word_1_611' title='bbox 1527 358 1629 389; x_wconf 81' lang='lat' dir='ltr'>Clavee</span> <span class='ocrx_word' id='word_1_612' title='bbox 1643 362 1783 397; x_wconf 85' lang='lat' dir='ltr'>quandam</span> <span class='ocrx_word' id='word_1_613' title='bbox 1801 364 1984 394; x_wconf 79' lang='lat' dir='ltr'>Annuitatem</span> <span class='ocrx_word' id='word_1_614' title='bbox 2001 365 2054 395; x_wconf 77' lang='lat' dir='ltr'>slve</span> <span class='ocrx_word' id='word_1_615' title='bbox 2065 365 2216 396; x_wconf 82' lang='lat' dir='ltr'>annualem</span> <span class='ocrx_word' id='word_1_616' title='bbox 2226 364 2306 395; x_wconf 86' lang='lat' dir='ltr'>Red-</span> <span class='ocrx_word' id='word_1_617' title='bbox 2345 362 2433 402; x_wconf 81' lang='lat'><em>1603.</em></span> 
     </span>
     <span class='ocr_line' id='line_1_67' title="bbox 1249 398 2460 441; baseline 0.004 -13"><span class='ocrx_word' id='word_1_618' title='bbox 1249 398 1342 428; x_wconf 87' lang='lat' dir='ltr'>ditum</span> <span class='ocrx_word' id='word_1_619' title='bbox 1357 398 1560 436; x_wconf 60' lang='lat' dir='ltr'>Quadraginta</span> <span class='ocrx_word' id='word_1_620' title='bbox 1578 398 1728 427; x_wconf 75' lang='lat' dir='ltr'>Librarum</span> <span class='ocrx_word' id='word_1_621' title='bbox 1742 400 1831 439; x_wconf 81' lang='lat' dir='ltr'>legalis</span> <span class='ocrx_word' id='word_1_622' title='bbox 1845 401 1975 432; x_wconf 72' lang='lat' dir='ltr'>Moneta:</span> <span class='ocrx_word' id='word_1_623' title='bbox 1999 403 2125 441; x_wconf 73' lang='lat' dir='ltr'>Angliae,</span> <span class='ocrx_word' id='word_1_624' title='bbox 2327 410 2335 427; x_wconf 90' lang='lat'><em>1</em></span> <span class='ocrx_word' id='word_1_625' title='bbox 2348 400 2416 438; x_wconf 72' lang='lat' dir='ltr'>Jac.</span> <span class='ocrx_word' id='word_1_626' title='bbox 2436 411 2460 429; x_wconf 45' lang='grc' dir='ltr'>ι,</span> 
     </span>
     <span class='ocr_line' id='line_1_68' title="bbox 1287 435 2308 479; baseline 0.005 -14"><span class='ocrx_word' id='word_1_627' title='bbox 1287 436 1461 465; x_wconf 84' lang='lat' dir='ltr'>Habendum</span> <span class='ocrx_word' id='word_1_628' title='bbox 1478 435 1661 473; x_wconf 63' lang='lat' dir='ltr'>gaudendum</span> <span class='ocrx_word' id='word_1_629' title='bbox 1677 438 1709 466; x_wconf 86' lang='lat'>&amp;</span> <span class='ocrx_word' id='word_1_630' title='bbox 1726 439 1913 469; x_wconf 80' lang='lat' dir='ltr'>exercendum</span> <span class='ocrx_word' id='word_1_631' title='bbox 1927 441 2044 477; x_wconf 54' lang='lat' dir='ltr'>prii-fato</span> <span class='ocrx_word' id='word_1_632' title='bbox 2059 441 2191 479; x_wconf 67' lang='lat' dir='ltr'>Jolmnm·</span> <span class='ocrx_word' id='word_1_633' title='bbox 2205 439 2308 470; x_wconf 69' lang='lat' dir='ltr'>clavae</span> 
     </span>
     <span class='ocr_line' id='line_1_69' title="bbox 1250 473 2308 513; baseline 0.006 -10"><span class='ocrx_word' id='word_1_634' title='bbox 1250 473 1393 504; x_wconf 83' lang='lat' dir='ltr'>Officium</span> <span class='ocrx_word' id='word_1_635' title='bbox 1415 474 1448 504; x_wconf 85' lang='lat'><strong>&amp;</strong></span> <span class='ocrx_word' id='word_1_636' title='bbox 1474 474 1588 503; x_wconf 73' lang='lat' dir='ltr'>Locum</span> <span class='ocrx_word' id='word_1_637' title='bbox 1612 475 1781 510; x_wconf 63' lang='lat' dir='ltr'>praedictum</span> <span class='ocrx_word' id='word_1_638' title='bbox 1805 477 1989 513; x_wconf 66' lang='lat' dir='ltr'>Apothceatii</span> <span class='ocrx_word' id='word_1_639' title='bbox 2019 480 2162 509; x_wconf 68' lang='lat' dir='ltr'>Oniinarii</span> <span class='ocrx_word' id='word_1_640' title='bbox 2189 480 2308 510; x_wconf 84' lang='lat' dir='ltr'>durante</span> 
     </span>
     <span class='ocr_line' id='line_1_70' title="bbox 1249 512 2308 555; baseline 0.005 -13"><span class='ocrx_word' id='word_1_641' title='bbox 1249 512 1315 542; x_wconf 73' lang='lat' dir='ltr'>Vita</span> <span class='ocrx_word' id='word_1_642' title='bbox 1331 512 1376 543; x_wconf 70' lang='lat' dir='ltr'>sua</span> <span class='ocrx_word' id='word_1_643' title='bbox 1391 513 1524 549; x_wconf 81' lang='lat' dir='ltr'>naturali,</span> <span class='ocrx_word' id='word_1_644' title='bbox 1543 513 1597 541; x_wconf 70' lang='lat' dir='ltr'>una</span> <span class='ocrx_word' id='word_1_645' title='bbox 1612 522 1680 541; x_wconf 85' lang='lat' dir='ltr'>cum</span> <span class='ocrx_word' id='word_1_646' title='bbox 1696 514 1832 542; x_wconf 77' lang='lat' dir='ltr'>omnihus</span> <span class='ocrx_word' id='word_1_647' title='bbox 1847 514 2109 547; x_wconf 63' lang='lat' dir='ltr'>commoditatibus</span> <span class='ocrx_word' id='word_1_648' title='bbox 2126 518 2308 555; x_wconf 84' lang='lat' dir='ltr'>Advantagiis</span> 
     </span>
     <span class='ocr_line' id='line_1_71' title="bbox 1249 548 2309 593; baseline 0.005 -12"><span class='ocrx_word' id='word_1_649' title='bbox 1249 550 1464 581; x_wconf 86' lang='lat' dir='ltr'>Emolumentis</span> <span class='ocrx_word' id='word_1_650' title='bbox 1479 548 1617 579; x_wconf 84' lang='lat' dir='ltr'>Proficuis</span> <span class='ocrx_word' id='word_1_651' title='bbox 1637 551 1670 581; x_wconf 90' lang='lat'>&amp;</span> <span class='ocrx_word' id='word_1_652' title='bbox 1696 550 1848 589; x_wconf 74' lang='lat' dir='ltr'>privilegiis</span> <span class='ocrx_word' id='word_1_653' title='bbox 1866 553 1946 582; x_wconf 57' lang='lat' dir='ltr'>disto</span> <span class='ocrx_word' id='word_1_654' title='bbox 1969 554 2081 584; x_wconf 81' lang='lat' dir='ltr'>Officio</span> <span class='ocrx_word' id='word_1_655' title='bbox 2104 556 2309 593; x_wconf 74' lang='lat' dir='ltr'>pcrtinentibus</span> 
     </span>
     <span class='ocr_line' id='line_1_72' title="bbox 1249 588 2307 632; baseline 0.006 -14"><span class='ocrx_word' id='word_1_656' title='bbox 1249 588 1306 619; x_wconf 87' lang='lat' dir='ltr'>five</span> <span class='ocrx_word' id='word_1_657' title='bbox 1322 589 1527 628; x_wconf 66' lang='lat' dir='ltr'>spectantibus,</span> <span class='ocrx_word' id='word_1_658' title='bbox 1546 588 1575 617; x_wconf 89' lang='lat' dir='ltr'>in</span> <span class='ocrx_word' id='word_1_659' title='bbox 1592 597 1649 617; x_wconf 86' lang='lat' dir='ltr'>tam</span> <span class='ocrx_word' id='word_1_660' title='bbox 1667 589 1768 626; x_wconf 87' lang='lat' dir='ltr'>amplis</span> <span class='ocrx_word' id='word_1_661' title='bbox 1787 590 1874 619; x_wconf 90' lang='lat' dir='ltr'>modo</span> <span class='ocrx_word' id='word_1_662' title='bbox 1890 591 1921 619; x_wconf 68' lang='grc' dir='ltr'>ὃ(</span> <span class='ocrx_word' id='word_1_663' title='bbox 1936 591 2025 621; x_wconf 86' lang='lat' dir='ltr'>forma</span> <span class='ocrx_word' id='word_1_664' title='bbox 2049 603 2133 630; x_wconf 77' lang='lat' dir='ltr'>prout</span> <span class='ocrx_word' id='word_1_665' title='bbox 2159 595 2256 632; x_wconf 83' lang='lat' dir='ltr'>aliquis</span> <span class='ocrx_word' id='word_1_666' title='bbox 2277 604 2307 623; x_wconf 90' lang='lat' dir='ltr'>a-</span> 
     </span>
     <span class='ocr_line' id='line_1_73' title="bbox 1249 626 2308 665; baseline 0.005 -8"><span class='ocrx_word' id='word_1_667' title='bbox 1249 627 1299 657; x_wconf 87' lang='lat' dir='ltr'>lius</span> <span class='ocrx_word' id='word_1_668' title='bbox 1314 628 1369 658; x_wconf 78' lang='lat' dir='ltr'>sive</span> <span class='ocrx_word' id='word_1_669' title='bbox 1383 627 1466 665; x_wconf 87' lang='lat' dir='ltr'>aliqui</span> <span class='ocrx_word' id='word_1_670' title='bbox 1484 627 1529 656; x_wconf 90' lang='lat' dir='ltr'>alii</span> <span class='ocrx_word' id='word_1_671' title='bbox 1553 626 1668 657; x_wconf 65' lang='lat' dir='ltr'>dictum</span> <span class='ocrx_word' id='word_1_672' title='bbox 1691 626 1832 656; x_wconf 83' lang='lat' dir='ltr'>Officium</span> <span class='ocrx_word' id='word_1_673' title='bbox 1854 629 2039 664; x_wconf 77' lang='lat' dir='ltr'>Apothecarii</span> <span class='ocrx_word' id='word_1_674' title='bbox 2063 632 2206 662; x_wconf 83' lang='lat' dir='ltr'>Ordinarii</span> <span class='ocrx_word' id='word_1_675' title='bbox 2228 633 2308 663; x_wconf 82' lang='lat' dir='ltr'>ullius</span> 
     </span>
     <span class='ocr_line' id='line_1_74' title="bbox 1249 664 2308 708; baseline 0.006 -13"><span class='ocrx_word' id='word_1_676' title='bbox 1249 665 1370 705; x_wconf 78' lang='lat' dir='ltr'>Reginae</span> <span class='ocrx_word' id='word_1_677' title='bbox 1384 666 1416 696; x_wconf 90' lang='lat'>&amp;</span> <span class='ocrx_word' id='word_1_678' title='bbox 1435 665 1543 695; x_wconf 85' lang='lat' dir='ltr'>Uxoris</span> <span class='ocrx_word' id='word_1_679' title='bbox 1557 665 1673 703; x_wconf 90' lang='lat' dir='ltr'>alicujus</span> <span class='ocrx_word' id='word_1_680' title='bbox 1696 664 1887 703; x_wconf 78' lang='lat' dir='ltr'>progenitoris</span> <span class='ocrx_word' id='word_1_681' title='bbox 1903 666 1993 696; x_wconf 87' lang='lat' dir='ltr'>nostri</span> <span class='ocrx_word' id='word_1_682' title='bbox 2018 668 2103 706; x_wconf 64' lang='lat' dir='ltr'>Regis</span> <span class='ocrx_word' id='word_1_683' title='bbox 2128 670 2237 708; x_wconf 78' lang='lat' dir='ltr'>Angliae</span> <span class='ocrx_word' id='word_1_684' title='bbox 2259 681 2308 700; x_wconf 84' lang='lat' dir='ltr'>an-</span> 
     </span>
     <span class='ocr_line' id='line_1_75' title="bbox 1248 703 2307 748; baseline 0.005 -14"><span class='ocrx_word' id='word_1_685' title='bbox 1248 704 1329 735; x_wconf 84' lang='lat' dir='ltr'>tehac</span> <span class='ocrx_word' id='word_1_686' title='bbox 1343 714 1490 741; x_wconf 87' lang='lat' dir='ltr'>occupans</span> <span class='ocrx_word' id='word_1_687' title='bbox 1506 705 1561 734; x_wconf 83' lang='lat' dir='ltr'>five</span> <span class='ocrx_word' id='word_1_688' title='bbox 1580 712 1769 741; x_wconf 70' lang='lat' dir='ltr'>occupantes,</span> <span class='ocrx_word' id='word_1_689' title='bbox 1789 703 1886 733; x_wconf 80' lang='lat' dir='ltr'>habuit</span> <span class='ocrx_word' id='word_1_690' title='bbox 1900 706 2023 742; x_wconf 75' lang='lat' dir='ltr'>percepit</span> <span class='ocrx_word' id='word_1_691' title='bbox 2037 706 2195 739; x_wconf 82' lang='lat' dir='ltr'>habuerunt</span> <span class='ocrx_word' id='word_1_692' title='bbox 2211 718 2307 748; x_wconf 87' lang='lat' dir='ltr'>perce·</span> 
     </span>
     <span class='ocr_line' id='line_1_76' title="bbox 1247 741 1948 781; baseline -0.001 -9"><span class='ocrx_word' id='word_1_693' title='bbox 1247 751 1348 781; x_wconf 79' lang='lat' dir='ltr'>petunt</span> <span class='ocrx_word' id='word_1_694' title='bbox 1368 743 1395 772; x_wconf 88' lang='lat' dir='ltr'>in</span> <span class='ocrx_word' id='word_1_695' title='bbox 1410 744 1443 774; x_wconf 87' lang='lat'>&amp;</span> <span class='ocrx_word' id='word_1_696' title='bbox 1456 752 1506 778; x_wconf 89' lang='lat' dir='ltr'>pro</span> <span class='ocrx_word' id='word_1_697' title='bbox 1526 741 1667 772; x_wconf 87' lang='lat' dir='ltr'>Exercitio</span> <span class='ocrx_word' id='word_1_698' title='bbox 1683 741 1786 772; x_wconf 85' lang='lat' dir='ltr'>Officii</span> <span class='ocrx_word' id='word_1_699' title='bbox 1803 742 1948 779; x_wconf 63' lang='lat' dir='ltr'>praedicti,</span> 
     </span>
     <span class='ocr_line' id='line_1_77' title="bbox 1286 779 2307 818; baseline 0.006 -8"><span class='ocrx_word' id='word_1_700' title='bbox 1286 781 1331 811; x_wconf 90' lang='lat' dir='ltr'>Ac</span> <span class='ocrx_word' id='word_1_701' title='bbox 1348 781 1511 811; x_wconf 83' lang='lat' dir='ltr'>habendam</span> <span class='ocrx_word' id='word_1_702' title='bbox 1531 779 1737 818; x_wconf 85' lang='lat' dir='ltr'>percipiendam</span> <span class='ocrx_word' id='word_1_703' title='bbox 1755 782 1788 811; x_wconf 74' lang='grc' dir='ltr'>ὅ(</span> <span class='ocrx_word' id='word_1_704' title='bbox 1802 781 1976 818; x_wconf 83' lang='lat' dir='ltr'>gaudendam</span> <span class='ocrx_word' id='word_1_705' title='bbox 1994 780 2098 811; x_wconf 59' lang='lat' dir='ltr'>diffitam</span> <span class='ocrx_word' id='word_1_706' title='bbox 2124 783 2307 815; x_wconf 83' lang='lat' dir='ltr'>Annuitatem</span> 
     </span>
     <span class='ocr_line' id='line_1_78' title="bbox 1248 818 2440 859; baseline 0.004 -10"><span class='ocrx_word' id='word_1_707' title='bbox 1248 818 1304 850; x_wconf 87' lang='lat' dir='ltr'>five</span> <span class='ocrx_word' id='word_1_708' title='bbox 1319 819 1469 849; x_wconf 86' lang='lat' dir='ltr'>annualem</span> <span class='ocrx_word' id='word_1_709' title='bbox 1486 818 1646 848; x_wconf 87' lang='lat' dir='ltr'>Redditum</span> <span class='ocrx_word' id='word_1_710' title='bbox 1661 818 1864 857; x_wconf 51' lang='lat' dir='ltr'>¹§Quadraginta</span> <span class='ocrx_word' id='word_1_711' title='bbox 1880 819 1898 836; x_wconf 45' lang='grc' dir='ltr'>*Β</span> <span class='ocrx_word' id='word_1_712' title='bbox 1917 818 2066 847; x_wconf 83' lang='lat' dir='ltr'>Librarum</span> <span class='ocrx_word' id='word_1_713' title='bbox 2079 821 2158 850; x_wconf 68' lang='lat' dir='ltr'>dieto</span> <span class='ocrx_word' id='word_1_714' title='bbox 2178 823 2309 859; x_wconf 75' lang='lat' dir='ltr'>Jolmnm&#39;</span> <span class='ocrx_word' id='word_1_715' title='bbox 2328 827 2342 843; x_wconf 81' lang='lat'>&#39;¹¹</span> <span class='ocrx_word' id='word_1_716' title='bbox 2358 828 2440 856; x_wconf 86' lang='lat' dir='ltr'>XVI.</span> 
     </span>
     <span class='ocr_line' id='line_1_79' title="bbox 1248 856 2393 902; baseline 0.007 -17"><span class='ocrx_word' id='word_1_717' title='bbox 1248 856 1351 887; x_wconf 83' lang='lat' dir='ltr'>Clavee</span> <span class='ocrx_word' id='word_1_718' title='bbox 1366 858 1402 888; x_wconf 92' lang='lat' dir='ltr'>de</span> <span class='ocrx_word' id='word_1_719' title='bbox 1417 857 1563 887; x_wconf 84' lang='lat' dir='ltr'>Thesauro</span> <span class='ocrx_word' id='word_1_720' title='bbox 1578 856 1677 887; x_wconf 88' lang='lat' dir='ltr'>nostro</span> <span class='ocrx_word' id='word_1_721' title='bbox 1688 857 1848 887; x_wconf 82' lang='lat' dir='ltr'>l-laeredum</span> <span class='ocrx_word' id='word_1_722' title='bbox 1865 858 1897 887; x_wconf 90' lang='lat'>&amp;</span> <span class='ocrx_word' id='word_1_723' title='bbox 1916 857 2118 887; x_wconf 77' lang='lat' dir='ltr'>Succcfforurn</span> <span class='ocrx_word' id='word_1_724' title='bbox 2135 862 2309 901; x_wconf 76' lang='lat' dir='ltr'>nostrorum,</span> <span class='ocrx_word' id='word_1_725' title='bbox 2327 874 2393 902; x_wconf 86' lang='lat'><em>533.</em></span> 
     </span>
     <span class='ocr_line' id='line_1_80' title="bbox 1248 894 2309 933; baseline 0.006 -9"><span class='ocrx_word' id='word_1_726' title='bbox 1248 896 1281 925; x_wconf 87' lang='lat' dir='ltr'>ad</span> <span class='ocrx_word' id='word_1_727' title='bbox 1299 895 1459 933; x_wconf 88' lang='lat' dir='ltr'>Receptam</span> <span class='ocrx_word' id='word_1_728' title='bbox 1474 896 1614 925; x_wconf 85' lang='lat' dir='ltr'>Scaccarii</span> <span class='ocrx_word' id='word_1_729' title='bbox 1630 894 1717 924; x_wconf 85' lang='lat' dir='ltr'>nostri</span> <span class='ocrx_word' id='word_1_730' title='bbox 1734 895 1856 925; x_wconf 84' lang='lat' dir='ltr'>Westm.</span> <span class='ocrx_word' id='word_1_731' title='bbox 1877 895 2035 925; x_wconf 81' lang='lat' dir='ltr'>Haeredum</span> <span class='ocrx_word' id='word_1_732' title='bbox 2051 897 2083 926; x_wconf 89' lang='lat'>&amp;</span> <span class='ocrx_word' id='word_1_733' title='bbox 2106 896 2309 930; x_wconf 82' lang='lat' dir='ltr'>Succefforum</span> 
     </span>
     <span class='ocr_line' id='line_1_81' title="bbox 1248 933 2310 971; baseline 0.002 -8"><span class='ocrx_word' id='word_1_734' title='bbox 1248 934 1429 971; x_wconf 88' lang='lat' dir='ltr'>nostrorum,</span> <span class='ocrx_word' id='word_1_735' title='bbox 1448 943 1496 970; x_wconf 87' lang='lat' dir='ltr'>per</span> <span class='ocrx_word' id='word_1_736' title='bbox 1513 933 1618 963; x_wconf 85' lang='lat' dir='ltr'>Manus</span> <span class='ocrx_word' id='word_1_737' title='bbox 1633 933 1814 964; x_wconf 84' lang='lat' dir='ltr'>Thesaurarii</span> <span class='ocrx_word' id='word_1_738' title='bbox 1836 935 1869 965; x_wconf 72' lang='grc' dir='ltr'>ὅ(</span> <span class='ocrx_word' id='word_1_739' title='bbox 1893 933 2124 964; x_wconf 78' lang='lat' dir='ltr'>Camerariorum</span> <span class='ocrx_word' id='word_1_740' title='bbox 2148 935 2310 968; x_wconf 82' lang='lat' dir='ltr'>nostrorum</span> 
     </span>
     <span class='ocr_line' id='line_1_82' title="bbox 1248 971 2310 1010; baseline 0.004 -9"><span class='ocrx_word' id='word_1_741' title='bbox 1248 971 1408 1003; x_wconf 85' lang='lat' dir='ltr'>Haeredum</span> <span class='ocrx_word' id='word_1_742' title='bbox 1425 974 1457 1003; x_wconf 71' lang='grc' dir='ltr'>ὃ(</span> <span class='ocrx_word' id='word_1_743' title='bbox 1473 972 1673 1002; x_wconf 73' lang='lat' dir='ltr'>successorum</span> <span class='ocrx_word' id='word_1_744' title='bbox 1692 971 1857 1002; x_wconf 83' lang='lat' dir='ltr'>nostrorum</span> <span class='ocrx_word' id='word_1_745' title='bbox 1873 972 2032 1009; x_wconf 87' lang='lat' dir='ltr'>ibidem,de</span> <span class='ocrx_word' id='word_1_746' title='bbox 2047 982 2174 1010; x_wconf 84' lang='lat' dir='ltr'>tempore</span> <span class='ocrx_word' id='word_1_747' title='bbox 2193 975 2220 1002; x_wconf 89' lang='lat' dir='ltr'>in</span> <span class='ocrx_word' id='word_1_748' title='bbox 2237 984 2310 1005; x_wconf 88' lang='lat' dir='ltr'>tem-</span> 
     </span>
     <span class='ocr_line' id='line_1_83' title="bbox 1247 1009 2312 1052; baseline 0.004 -13"><span class='ocrx_word' id='word_1_749' title='bbox 1247 1019 1299 1048; x_wconf 87' lang='lat' dir='ltr'>pus</span> <span class='ocrx_word' id='word_1_750' title='bbox 1314 1010 1497 1041; x_wconf 86' lang='lat' dir='ltr'>existentium</span> <span class='ocrx_word' id='word_1_751' title='bbox 1513 1032 1522 1046; x_wconf 87' lang='lat'>,</span> <span class='ocrx_word' id='word_1_752' title='bbox 1547 1010 1562 1039; x_wconf 78' lang='grc' dir='ltr'>ὲ</span> <span class='ocrx_word' id='word_1_753' title='bbox 1584 1009 1666 1039; x_wconf 87' lang='lat' dir='ltr'>Festo</span> <span class='ocrx_word' id='word_1_754' title='bbox 1691 1011 1925 1041; x_wconf 84' lang='lat' dir='ltr'>Annunciationis</span> <span class='ocrx_word' id='word_1_755' title='bbox 1949 1012 2039 1040; x_wconf 76' lang='lat' dir='ltr'>beatae</span> <span class='ocrx_word' id='word_1_756' title='bbox 2063 1010 2165 1041; x_wconf 85' lang='lat' dir='ltr'>Mariae</span> <span class='ocrx_word' id='word_1_757' title='bbox 2187 1011 2312 1052; x_wconf 86' lang='lat' dir='ltr'>Virginis</span> 
     </span>
     <span class='ocr_line' id='line_1_84' title="bbox 1247 1046 2310 1086; baseline 0.004 -8"><span class='ocrx_word' id='word_1_758' title='bbox 1247 1048 1354 1079; x_wconf 79' lang='lat' dir='ltr'>ultimo</span> <span class='ocrx_word' id='word_1_759' title='bbox 1367 1058 1434 1079; x_wconf 87' lang='lat' dir='ltr'>ante</span> <span class='ocrx_word' id='word_1_760' title='bbox 1450 1048 1554 1078; x_wconf 74' lang='lat' dir='ltr'>Datam</span> <span class='ocrx_word' id='word_1_761' title='bbox 1574 1046 1755 1078; x_wconf 85' lang='lat' dir='ltr'>Praesentium</span> <span class='ocrx_word' id='word_1_762' title='bbox 1769 1050 1910 1086; x_wconf 75' lang='lat' dir='ltr'>praeterito</span> <span class='ocrx_word' id='word_1_763' title='bbox 1925 1071 1935 1086; x_wconf 87' lang='lat'>,</span> <span class='ocrx_word' id='word_1_764' title='bbox 1960 1049 2079 1079; x_wconf 86' lang='lat' dir='ltr'>durante</span> <span class='ocrx_word' id='word_1_765' title='bbox 2104 1049 2170 1079; x_wconf 70' lang='lat' dir='ltr'>Vita</span> <span class='ocrx_word' id='word_1_766' title='bbox 2196 1052 2310 1082; x_wconf 79' lang='lat' dir='ltr'>naturali</span> 
     </span>
     <span class='ocr_line' id='line_1_85' title="bbox 1247 1085 2310 1126; baseline 0.003 -10"><span class='ocrx_word' id='word_1_767' title='bbox 1247 1087 1315 1117; x_wconf 62' lang='lat' dir='ltr'>dieti</span> <span class='ocrx_word' id='word_1_768' title='bbox 1329 1086 1474 1125; x_wconf 85' lang='lat' dir='ltr'>Johannis</span> <span class='ocrx_word' id='word_1_769' title='bbox 1487 1085 1608 1123; x_wconf 73' lang='lat' dir='ltr'>Clavee,</span> <span class='ocrx_word' id='word_1_770' title='bbox 1626 1086 1659 1115; x_wconf 86' lang='lat' dir='ltr'>ad</span> <span class='ocrx_word' id='word_1_771' title='bbox 1681 1095 1802 1123; x_wconf 86' lang='lat' dir='ltr'>quatuor</span> <span class='ocrx_word' id='word_1_772' title='bbox 1829 1088 1904 1117; x_wconf 85' lang='lat' dir='ltr'>Anni</span> <span class='ocrx_word' id='word_1_773' title='bbox 1926 1087 2083 1117; x_wconf 87' lang='lat' dir='ltr'>Terminos</span> <span class='ocrx_word' id='word_1_774' title='bbox 2107 1087 2228 1126; x_wconf 63' lang='lat' dir='ltr'>usuales,</span> <span class='ocrx_word' id='word_1_775' title='bbox 2255 1092 2310 1119; x_wconf 82' lang='lat' dir='ltr'>viz.</span> 
     </span>
     <span class='ocr_line' id='line_1_86' title="bbox 1247 1124 2310 1164; baseline 0.001 -9"><span class='ocrx_word' id='word_1_776' title='bbox 1247 1126 1281 1155; x_wconf 83' lang='lat' dir='ltr'>ad</span> <span class='ocrx_word' id='word_1_777' title='bbox 1309 1126 1390 1155; x_wconf 86' lang='lat' dir='ltr'>Festa</span> <span class='ocrx_word' id='word_1_778' title='bbox 1415 1126 1593 1154; x_wconf 79' lang='lat' dir='ltr'>Nativitatis</span> <span class='ocrx_word' id='word_1_779' title='bbox 1613 1126 1708 1154; x_wconf 66' lang='lat' dir='ltr'>Sand‘t&#39;i</span> <span class='ocrx_word' id='word_1_780' title='bbox 1718 1124 1862 1163; x_wconf 84' lang='lat' dir='ltr'>Johannis</span> <span class='ocrx_word' id='word_1_781' title='bbox 1876 1125 2028 1164; x_wconf 72' lang='lat' dir='ltr'>Baptistae,</span> <span class='ocrx_word' id='word_1_782' title='bbox 2051 1126 2145 1155; x_wconf 70' lang='lat' dir='ltr'>SanHi</span> <span class='ocrx_word' id='word_1_783' title='bbox 2167 1126 2310 1156; x_wconf 70' lang='lat' dir='ltr'>Michaelis</span> 
     </span>
     <span class='ocr_line' id='line_1_87' title="bbox 1247 1162 2311 1201; baseline 0.004 -10"><span class='ocrx_word' id='word_1_784' title='bbox 1247 1162 1434 1201; x_wconf 69' lang='lat' dir='ltr'>Archangeli,</span> <span class='ocrx_word' id='word_1_785' title='bbox 1454 1162 1576 1192; x_wconf 82' lang='lat' dir='ltr'>Natalis</span> <span class='ocrx_word' id='word_1_786' title='bbox 1591 1165 1702 1192; x_wconf 82' lang='lat' dir='ltr'>Domim</span> <span class='ocrx_word' id='word_1_787' title='bbox 1718 1165 1750 1193; x_wconf 88' lang='lat'>&amp;</span> <span class='ocrx_word' id='word_1_788' title='bbox 1766 1166 2000 1194; x_wconf 82' lang='lat' dir='ltr'>Annunciationis</span> <span class='ocrx_word' id='word_1_789' title='bbox 2013 1167 2110 1194; x_wconf 87' lang='lat' dir='ltr'>Beatae</span> <span class='ocrx_word' id='word_1_790' title='bbox 2125 1168 2228 1196; x_wconf 73' lang='lat' dir='ltr'>Maria</span> <span class='ocrx_word' id='word_1_791' title='bbox 2244 1168 2271 1197; x_wconf 90' lang='lat' dir='ltr'><em>V</em></span> <span class='ocrx_word' id='word_1_792' title='bbox 2273 1170 2311 1196; x_wconf 74' lang='lat' dir='ltr'>ir-</span> 
     </span>
     <span class='ocr_line' id='line_1_88' title="bbox 1246 1201 1891 1240; baseline 0.005 -10"><span class='ocrx_word' id='word_1_793' title='bbox 1246 1206 1334 1240; x_wconf 81' lang='lat' dir='ltr'>ginis,</span> <span class='ocrx_word' id='word_1_794' title='bbox 1354 1211 1403 1239; x_wconf 88' lang='lat' dir='ltr'>per</span> <span class='ocrx_word' id='word_1_795' title='bbox 1415 1201 1533 1239; x_wconf 84' lang='lat' dir='ltr'>aequales</span> <span class='ocrx_word' id='word_1_796' title='bbox 1553 1201 1699 1231; x_wconf 77' lang='lat' dir='ltr'>Portiones</span> <span class='ocrx_word' id='word_1_797' title='bbox 1713 1202 1891 1240; x_wconf 73' lang='lat' dir='ltr'>solvendam,</span> 
     </span>
     <span class='ocr_line' id='line_1_89' title="bbox 1285 1238 1787 1278; baseline -0.006 -7"><span class='ocrx_word' id='word_1_798' title='bbox 1285 1240 1331 1271; x_wconf 90' lang='lat' dir='ltr'>Eo</span> <span class='ocrx_word' id='word_1_799' title='bbox 1345 1240 1426 1278; x_wconf 78' lang='lat' dir='ltr'>quod</span> <span class='ocrx_word' id='word_1_800' title='bbox 1443 1238 1567 1276; x_wconf 77' lang='lat' dir='ltr'>expressa</span> <span class='ocrx_word' id='word_1_801' title='bbox 1581 1239 1709 1278; x_wconf 87' lang='lat' dir='ltr'>mentio,</span> <span class='ocrx_word' id='word_1_802' title='bbox 1726 1240 1787 1270; x_wconf 88' lang='lat' dir='ltr'>&amp;c.</span> 
     </span>
     <span class='ocr_line' id='line_1_90' title="bbox 1285 1277 1572 1317; baseline -0.003 -8"><span class='ocrx_word' id='word_1_803' title='bbox 1285 1277 1320 1309; x_wconf 89' lang='lat' dir='ltr'>In</span> <span class='ocrx_word' id='word_1_804' title='bbox 1338 1279 1418 1317; x_wconf 90' lang='lat' dir='ltr'>cujus</span> <span class='ocrx_word' id='word_1_805' title='bbox 1435 1279 1493 1316; x_wconf 82' lang='lat' dir='ltr'>rei,</span> <span class='ocrx_word' id='word_1_806' title='bbox 1512 1279 1572 1310; x_wconf 89' lang='lat' dir='ltr'>&amp;c.</span> 
     </span>
    </p>
   </div>
   <div class='ocr_carea' id='block_1_15' title="bbox 1284 1360 2257 1404">
    <p class='ocr_par' dir='ltr' id='par_1_23' title="bbox 1284 1360 2257 1404">
     <span class='ocr_line' id='line_1_91' title="bbox 1284 1360 2257 1404; baseline 0.001 -9"><span class='ocrx_word' id='word_1_807' title='bbox 1284 1363 1374 1395; x_wconf 87' lang='lat' dir='ltr'>Teste</span> <span class='ocrx_word' id='word_1_808' title='bbox 1388 1362 1470 1401; x_wconf 82' lang='lat' dir='ltr'>Rege</span> <span class='ocrx_word' id='word_1_809' title='bbox 1486 1360 1559 1399; x_wconf 82' lang='lat' dir='ltr'>apud</span> <span class='ocrx_word' id='word_1_810' title='bbox 1576 1362 1854 1403; x_wconf 79' lang='lat' dir='ltr'>Wstmonasterium,</span> <span class='ocrx_word' id='word_1_811' title='bbox 1873 1364 1991 1396; x_wconf 89' lang='lat' dir='ltr'>decimo</span> <span class='ocrx_word' id='word_1_812' title='bbox 2006 1375 2088 1396; x_wconf 91' lang='lat' dir='ltr'>nono</span> <span class='ocrx_word' id='word_1_813' title='bbox 2109 1365 2168 1396; x_wconf 86' lang='lat' dir='ltr'>Die</span> <span class='ocrx_word' id='word_1_814' title='bbox 2178 1365 2257 1404; x_wconf 84' lang='lat' dir='ltr'>Julii.</span> 
     </span>
    </p>
   </div>
   <div class='ocr_carea' id='block_1_16' title="bbox 1667 1449 2204 1489">
    <p class='ocr_par' dir='ltr' id='par_1_24' title="bbox 1667 1449 2204 1489">
     <span class='ocr_line' id='line_1_92' title="bbox 1667 1449 2204 1489; baseline 0.006 -11"><span class='ocrx_word' id='word_1_815' title='bbox 1667 1449 1721 1478; x_wconf 79' lang='lat' dir='ltr'>Per</span> <span class='ocrx_word' id='word_1_816' title='bbox 1737 1452 1829 1479; x_wconf 87' lang='lat' dir='ltr'>Breve</span> <span class='ocrx_word' id='word_1_817' title='bbox 1843 1449 1874 1478; x_wconf 85' lang='lat' dir='ltr'>de</span> <span class='ocrx_word' id='word_1_818' title='bbox 1890 1451 2008 1479; x_wconf 83' lang='lat' dir='ltr'>Privato</span> <span class='ocrx_word' id='word_1_819' title='bbox 2019 1450 2126 1489; x_wconf 84' lang='lat' dir='ltr'>Sigillo,</span> <span class='ocrx_word' id='word_1_820' title='bbox 2143 1450 2204 1486; x_wconf 60' lang='grc' dir='ltr'>ὠς.</span> 
     </span>
    </p>
   </div>
   <div class='ocr_carea' id='block_1_17' title="bbox 2185 1530 2295 1535">
    <p class='ocr_par' dir='ltr' id='par_1_25' title="bbox 2185 1530 2295 1535">
     <span class='ocr_line' id='line_1_93' title="bbox 2185 1530 2295 1535; baseline 0 0"><span class='ocrx_word' id='word_1_821' title='bbox 2185 1530 2295 1535; x_wconf 95' lang='lat' dir='ltr'> </span> 
     </span>
    </p>
   </div>
   <div class='ocr_carea' id='block_1_18' title="bbox 1251 1568 2311 1619">
    <p class='ocr_par' dir='ltr' id='par_1_26' title="bbox 1251 1568 2311 1619">
     <span class='ocr_line' id='line_1_94' title="bbox 1251 1568 2311 1619; baseline 0.004 -13"><span class='ocrx_word' id='word_1_822' title='bbox 1251 1568 1467 1606; x_wconf 83' lang='lat' dir='ltr'>Commiffion</span> <span class='ocrx_word' id='word_1_823' title='bbox 1491 1569 1623 1618; x_wconf 80' lang='lat' dir='ltr'>spe‘ciale</span> <span class='ocrx_word' id='word_1_824' title='bbox 1651 1583 1733 1619; x_wconf 86' lang='lat' dir='ltr'>pour</span> <span class='ocrx_word' id='word_1_825' title='bbox 1757 1572 1841 1606; x_wconf 73' lang='lat' dir='ltr'>creet</span> <span class='ocrx_word' id='word_1_826' title='bbox 1862 1571 1915 1607; x_wconf 83' lang='lat' dir='ltr'>des</span> <span class='ocrx_word' id='word_1_827' title='bbox 1938 1571 2121 1608; x_wconf 84' lang='lat' dir='ltr'>Chevaliers</span> <span class='ocrx_word' id='word_1_828' title='bbox 2151 1573 2197 1609; x_wconf 90' lang='lat' dir='ltr'>du</span> <span class='ocrx_word' id='word_1_829' title='bbox 2222 1575 2311 1610; x_wconf 74' lang='lat' dir='ltr'>Bain-</span> 
     </span>
    </p>
   </div>
   <div class='ocr_carea' id='block_1_19' title="bbox 1251 1656 2156 1728">
    <p class='ocr_par' dir='ltr' id='par_1_27' title="bbox 1251 1656 2156 1728">
     <span class='ocr_line' id='line_1_95' title="bbox 1251 1656 2156 1728; baseline 0.003 -42"><span class='ocrx_word' id='word_1_830' title='bbox 1251 1658 1399 1728; x_wconf 77' lang='lat' dir='ltr'>JAques,</span> <span class='ocrx_word' id='word_1_831' title='bbox 1410 1663 1465 1695; x_wconf 84' lang='lat' dir='ltr'>par</span> <span class='ocrx_word' id='word_1_832' title='bbox 1479 1656 1508 1686; x_wconf 89' lang='lat' dir='ltr'>la</span> <span class='ocrx_word' id='word_1_833' title='bbox 1519 1667 1596 1695; x_wconf 87' lang='lat' dir='ltr'>grace</span> <span class='ocrx_word' id='word_1_834' title='bbox 1609 1657 1640 1687; x_wconf 86' lang='lat' dir='ltr'>de</span> <span class='ocrx_word' id='word_1_835' title='bbox 1656 1661 1729 1687; x_wconf 87' lang='lat' dir='ltr'>Dieu</span> <span class='ocrx_word' id='word_1_836' title='bbox 1738 1681 1749 1697; x_wconf 90' lang='lat'>,</span> <span class='ocrx_word' id='word_1_837' title='bbox 1765 1659 1828 1690; x_wconf 87' lang='lat' dir='ltr'>&amp;c.</span> <span class='ocrx_word' id='word_1_838' title='bbox 1846 1661 1882 1688; x_wconf 89' lang='lat' dir='ltr'><em>A</em></span> <span class='ocrx_word' id='word_1_839' title='bbox 1895 1665 1966 1697; x_wconf 82' lang='lat' dir='ltr'>tous,</span> <span class='ocrx_word' id='word_1_840' title='bbox 1985 1659 2047 1690; x_wconf 66' lang='grc' dir='ltr'>ὅτε.</span> <span class='ocrx_word' id='word_1_841' title='bbox 2066 1658 2156 1689; x_wconf 86' lang='lat' dir='ltr'>Salut.</span> 
     </span>
    </p>
   </div>
   <div class='ocr_carea' id='block_1_20' title="bbox 1252 1769 2314 1928">
    <p class='ocr_par' dir='ltr' id='par_1_28' title="bbox 1252 1769 2314 1928">
     <span class='ocr_line' id='line_1_96' title="bbox 1290 1769 2314 1813; baseline 0.003 -13"><span class='ocrx_word' id='word_1_842' title='bbox 1290 1769 1436 1801; x_wconf 81' lang='lat' dir='ltr'>D’autant</span> <span class='ocrx_word' id='word_1_843' title='bbox 1453 1783 1503 1813; x_wconf 85' lang='lat' dir='ltr'>que</span> <span class='ocrx_word' id='word_1_844' title='bbox 1519 1782 1584 1802; x_wconf 83' lang='lat' dir='ltr'>nous</span> <span class='ocrx_word' id='word_1_845' title='bbox 1601 1782 1666 1802; x_wconf 84' lang='lat' dir='ltr'>nous</span> <span class='ocrx_word' id='word_1_846' title='bbox 1677 1772 1817 1810; x_wconf 74' lang='lat' dir='ltr'>propolbns</span> <span class='ocrx_word' id='word_1_847' title='bbox 1841 1773 1874 1802; x_wconf 87' lang='lat' dir='ltr'>de</span> <span class='ocrx_word' id='word_1_848' title='bbox 1896 1774 2023 1811; x_wconf 59' lang='lat' dir='ltr'>proceda</span> <span class='ocrx_word' id='word_1_849' title='bbox 2039 1772 2057 1802; x_wconf 71' lang='grc' dir='ltr'><em>ἃ</em></span> <span class='ocrx_word' id='word_1_850' title='bbox 2076 1773 2107 1803; x_wconf 80' lang='lat' dir='ltr'>la</span> <span class='ocrx_word' id='word_1_851' title='bbox 2129 1772 2268 1811; x_wconf 73' lang='lat' dir='ltr'>fidenuite‘</span> <span class='ocrx_word' id='word_1_852' title='bbox 2280 1774 2314 1805; x_wconf 75' lang='lat' dir='ltr'>de</span> 
     </span>
     <span class='ocr_line' id='line_1_97' title="bbox 1252 1810 2314 1851; baseline 0.005 -14"><span class='ocrx_word' id='word_1_853' title='bbox 1252 1815 1329 1838; x_wconf 85' lang='lat' dir='ltr'>notre</span> <span class='ocrx_word' id='word_1_854' title='bbox 1346 1813 1559 1841; x_wconf 84' lang='lat' dir='ltr'>Couronnement</span> <span class='ocrx_word' id='word_1_855' title='bbox 1574 1811 1606 1840; x_wconf 83' lang='lat' dir='ltr'>de</span> <span class='ocrx_word' id='word_1_856' title='bbox 1621 1810 1650 1840; x_wconf 90' lang='lat' dir='ltr'>la</span> <span class='ocrx_word' id='word_1_857' title='bbox 1670 1810 1751 1840; x_wconf 67' lang='lat' dir='ltr'>meme</span> <span class='ocrx_word' id='word_1_858' title='bbox 1769 1815 1887 1840; x_wconf 81' lang='lat' dir='ltr'>maniere</span> <span class='ocrx_word' id='word_1_859' title='bbox 1908 1811 2071 1850; x_wconf 78' lang='lat' dir='ltr'>honorable,</span> <span class='ocrx_word' id='word_1_860' title='bbox 2093 1823 2142 1851; x_wconf 83' lang='lat' dir='ltr'>que</span> <span class='ocrx_word' id='word_1_861' title='bbox 2156 1812 2212 1841; x_wconf 85' lang='lat' dir='ltr'>l&#39;on</span> <span class='ocrx_word' id='word_1_862' title='bbox 2230 1825 2247 1841; x_wconf 89' lang='lat' dir='ltr'>a</span> <span class='ocrx_word' id='word_1_863' title='bbox 2267 1825 2314 1842; x_wconf 85' lang='lat' dir='ltr'>ac-</span> 
     </span>
     <span class='ocr_line' id='line_1_98' title="bbox 1253 1848 2313 1888; baseline 0.005 -12"><span class='ocrx_word' id='word_1_864' title='bbox 1253 1850 1378 1877; x_wconf 73' lang='lat' dir='ltr'>coutume‘</span> <span class='ocrx_word' id='word_1_865' title='bbox 1386 1849 1419 1878; x_wconf 85' lang='lat' dir='ltr'>de</span> <span class='ocrx_word' id='word_1_866' title='bbox 1436 1848 1461 1878; x_wconf 87' lang='lat' dir='ltr'>le</span> <span class='ocrx_word' id='word_1_867' title='bbox 1474 1848 1549 1888; x_wconf 74' lang='lat' dir='ltr'>faire</span> <span class='ocrx_word' id='word_1_868' title='bbox 1561 1849 1630 1879; x_wconf 83' lang='lat' dir='ltr'>dans</span> <span class='ocrx_word' id='word_1_869' title='bbox 1642 1849 1678 1878; x_wconf 84' lang='lat' dir='ltr'>les</span> <span class='ocrx_word' id='word_1_870' title='bbox 1692 1855 1905 1879; x_wconf 82' lang='lat' dir='ltr'>Couronnemens</span> <span class='ocrx_word' id='word_1_871' title='bbox 1923 1851 1954 1878; x_wconf 84' lang='lat' dir='ltr'>de</span> <span class='ocrx_word' id='word_1_872' title='bbox 1968 1861 2015 1879; x_wconf 82' lang='lat' dir='ltr'>nos</span> <span class='ocrx_word' id='word_1_873' title='bbox 2033 1850 2180 1888; x_wconf 51' lang='lat' dir='ltr'>Ancdtreg</span> <span class='ocrx_word' id='word_1_874' title='bbox 2194 1848 2231 1884; x_wconf 53' lang='grc' dir='ltr'>«δ’</span> <span class='ocrx_word' id='word_1_875' title='bbox 2245 1863 2313 1881; x_wconf 74' lang='lat' dir='ltr'>com-</span> 
     </span>
     <span class='ocr_line' id='line_1_99' title="bbox 1252 1885 2259 1928; baseline 0.003 -13"><span class='ocrx_word' id='word_1_876' title='bbox 1252 1897 1292 1916; x_wconf 86' lang='lat' dir='ltr'>me</span> <span class='ocrx_word' id='word_1_877' title='bbox 1312 1885 1337 1916; x_wconf 84' lang='lat' dir='ltr'>il</span> <span class='ocrx_word' id='word_1_878' title='bbox 1354 1886 1390 1927; x_wconf 77' lang='lat' dir='ltr'>est</span> <span class='ocrx_word' id='word_1_879' title='bbox 1407 1888 1573 1918; x_wconf 67' lang='lat' dir='ltr'>conv-enable</span> <span class='ocrx_word' id='word_1_880' title='bbox 1593 1887 1611 1917; x_wconf 67' lang='grc' dir='ltr'><em>ἃ</em></span> <span class='ocrx_word' id='word_1_881' title='bbox 1630 1896 1708 1918; x_wconf 82' lang='lat' dir='ltr'>notre</span> <span class='ocrx_word' id='word_1_882' title='bbox 1728 1890 1802 1917; x_wconf 85' lang='lat' dir='ltr'>Etat</span> <span class='ocrx_word' id='word_1_883' title='bbox 1821 1887 1859 1923; x_wconf 64' lang='grc' dir='ltr'>ό·</span> <span class='ocrx_word' id='word_1_884' title='bbox 1878 1888 1896 1917; x_wconf 69' lang='lat' dir='ltr'>ci</span> <span class='ocrx_word' id='word_1_885' title='bbox 1914 1897 1993 1918; x_wconf 85' lang='lat' dir='ltr'>notre</span> <span class='ocrx_word' id='word_1_886' title='bbox 2012 1892 2130 1926; x_wconf 72' lang='lat' dir='ltr'>Digmte</span> <span class='ocrx_word' id='word_1_887' title='bbox 2143 1889 2259 1928; x_wconf 85' lang='lat' dir='ltr'>Royale,</span> 
     </span>
    </p>
   </div>
   <div class='ocr_carea' id='block_1_21' title="bbox 1247 1963 2317 2772">
    <p class='ocr_par' dir='ltr' id='par_1_29' title="bbox 1247 1963 2314 2155">
     <span class='ocr_line' id='line_1_100' title="bbox 1292 1963 2313 2004; baseline 0.003 -11"><span class='ocrx_word' id='word_1_888' title='bbox 1292 1964 1371 1993; x_wconf 84' lang='lat' dir='ltr'>Nous</span> <span class='ocrx_word' id='word_1_889' title='bbox 1389 1974 1496 2003; x_wconf 84' lang='lat' dir='ltr'>avons,</span> <span class='ocrx_word' id='word_1_890' title='bbox 1522 1963 1561 2000; x_wconf 66' lang='grc' dir='ltr'>ὠ·</span> <span class='ocrx_word' id='word_1_891' title='bbox 1576 1972 1645 2003; x_wconf 80' lang='lat' dir='ltr'>pour</span> <span class='ocrx_word' id='word_1_892' title='bbox 1666 1964 1726 2004; x_wconf 86' lang='lat' dir='ltr'>plus</span> <span class='ocrx_word' id='word_1_893' title='bbox 1747 1964 1990 2004; x_wconf 76' lang='lat' dir='ltr'>d&#39;embellzffiment</span> <span class='ocrx_word' id='word_1_894' title='bbox 2010 1966 2041 1994; x_wconf 82' lang='lat' dir='ltr'>de</span> <span class='ocrx_word' id='word_1_895' title='bbox 2060 1964 2088 1993; x_wconf 87' lang='lat' dir='ltr'>la</span> <span class='ocrx_word' id='word_1_896' title='bbox 2098 1964 2162 2004; x_wconf 59' lang='lat' dir='ltr'>stite</span> <span class='ocrx_word' id='word_1_897' title='bbox 2179 1966 2212 1994; x_wconf 76' lang='lat' dir='ltr'>de</span> <span class='ocrx_word' id='word_1_898' title='bbox 2240 1974 2313 1996; x_wconf 55' lang='lat' dir='ltr'>notre</span> 
     </span>
     <span class='ocr_line' id='line_1_101' title="bbox 1253 2000 2312 2042; baseline 0.002 -10"><span class='ocrx_word' id='word_1_899' title='bbox 1253 2005 1485 2042; x_wconf 83' lang='lat' dir='ltr'>Couronnement‚</span> <span class='ocrx_word' id='word_1_900' title='bbox 1505 2000 1543 2037; x_wconf 57' lang='grc' dir='ltr'><strong><em>ὠ</em></strong></span> <span class='ocrx_word' id='word_1_901' title='bbox 1555 2012 1623 2041; x_wconf 86' lang='lat' dir='ltr'>pour</span> <span class='ocrx_word' id='word_1_902' title='bbox 1638 2003 1667 2033; x_wconf 88' lang='lat' dir='ltr'>Ia</span> <span class='ocrx_word' id='word_1_903' title='bbox 1687 2002 1799 2042; x_wconf 80' lang='lat' dir='ltr'>nobleffi·</span> <span class='ocrx_word' id='word_1_904' title='bbox 1817 2004 1853 2033; x_wconf 85' lang='lat' dir='ltr'>du</span> <span class='ocrx_word' id='word_1_905' title='bbox 1871 2008 1943 2040; x_wconf 78' lang='lat' dir='ltr'>Sang</span> <span class='ocrx_word' id='word_1_906' title='bbox 1954 2026 1963 2042; x_wconf 85' lang='lat'>,</span> <span class='ocrx_word' id='word_1_907' title='bbox 1981 2003 2016 2032; x_wconf 81' lang='lat' dir='ltr'>les</span> <span class='ocrx_word' id='word_1_908' title='bbox 2039 2005 2101 2032; x_wconf 76' lang='lat' dir='ltr'>bons</span> <span class='ocrx_word' id='word_1_909' title='bbox 2124 2006 2254 2041; x_wconf 77' lang='lat' dir='ltr'>services,</span> <span class='ocrx_word' id='word_1_910' title='bbox 2273 2003 2312 2039; x_wconf 54' lang='grc' dir='ltr'>(ἦν</span> 
     </span>
     <span class='ocr_line' id='line_1_102' title="bbox 1247 2040 2312 2083; baseline 0.003 -14"><span class='ocrx_word' id='word_1_911' title='bbox 1247 2049 1317 2079; x_wconf 84' lang='lat' dir='ltr'>pour</span> <span class='ocrx_word' id='word_1_912' title='bbox 1332 2040 1369 2070; x_wconf 82' lang='lat' dir='ltr'>les</span> <span class='ocrx_word' id='word_1_913' title='bbox 1385 2049 1478 2071; x_wconf 80' lang='lat' dir='ltr'>autres</span> <span class='ocrx_word' id='word_1_914' title='bbox 1496 2041 1597 2072; x_wconf 85' lang='lat' dir='ltr'>bonnes</span> <span class='ocrx_word' id='word_1_915' title='bbox 1632 2040 1731 2071; x_wconf 76' lang='lat' dir='ltr'>ualite‘s</span> <span class='ocrx_word' id='word_1_916' title='bbox 1749 2044 1782 2071; x_wconf 84' lang='lat' dir='ltr'>de</span> <span class='ocrx_word' id='word_1_917' title='bbox 1796 2042 1923 2083; x_wconf 80' lang='lat' dir='ltr'>plufieurs</span> <span class='ocrx_word' id='word_1_918' title='bbox 1941 2043 1973 2071; x_wconf 87' lang='lat' dir='ltr'>de</span> <span class='ocrx_word' id='word_1_919' title='bbox 1988 2053 2033 2072; x_wconf 79' lang='lat' dir='ltr'>nos</span> <span class='ocrx_word' id='word_1_920' title='bbox 2046 2046 2198 2071; x_wconf 72' lang='lat' dir='ltr'>Serviteurs</span> <span class='ocrx_word' id='word_1_921' title='bbox 2214 2043 2250 2076; x_wconf 52' lang='grc' dir='ltr'>«ῤ’</span> <span class='ocrx_word' id='word_1_922' title='bbox 2262 2055 2312 2072; x_wconf 68' lang='lat' dir='ltr'>„u-</span> 
     </span>
     <span class='ocr_line' id='line_1_103' title="bbox 1253 2054 2314 2122; baseline 0.002 -13"><span class='ocrx_word' id='word_1_923' title='bbox 1253 2087 1309 2109; x_wconf 85' lang='lat' dir='ltr'>tres</span> <span class='ocrx_word' id='word_1_924' title='bbox 1327 2079 1360 2109; x_wconf 85' lang='lat' dir='ltr'>de</span> <span class='ocrx_word' id='word_1_925' title='bbox 1375 2083 1530 2119; x_wconf 81' lang='lat' dir='ltr'>nosSuJets,</span> <span class='ocrx_word' id='word_1_926' title='bbox 1541 2054 1630 2120; x_wconf 66' lang='lat' dir='ltr'>refilZ</span> <span class='ocrx_word' id='word_1_927' title='bbox 1639 2080 1699 2110; x_wconf 77' lang='lat' dir='ltr'>a’en</span> <span class='ocrx_word' id='word_1_928' title='bbox 1714 2079 1830 2118; x_wconf 84' lang='lat' dir='ltr'>appeller</span> <span class='ocrx_word' id='word_1_929' title='bbox 1844 2080 2033 2122; x_wconf 75' lang='lat' dir='ltr'>quelques-uns</span> <span class='ocrx_word' id='word_1_930' title='bbox 2047 2080 2065 2109; x_wconf 75' lang='grc' dir='ltr'>ιὶ</span> <span class='ocrx_word' id='word_1_931' title='bbox 2078 2080 2189 2110; x_wconf 71' lang='grc' dir='ltr'><em>[Ὀνιίνε</em></span> <span class='ocrx_word' id='word_1_932' title='bbox 2203 2082 2236 2111; x_wconf 87' lang='lat' dir='ltr'>de</span> <span class='ocrx_word' id='word_1_933' title='bbox 2245 2082 2314 2111; x_wconf 58' lang='lat' dir='ltr'>che-</span> 
     </span>
     <span class='ocr_line' id='line_1_104' title="bbox 1256 2117 1370 2155; baseline -0.009 -7"><span class='ocrx_word' id='word_1_934' title='bbox 1256 2117 1313 2148; x_wconf 80' lang='lat' dir='ltr'>val</span> <span class='ocrx_word' id='word_1_935' title='bbox 1321 2121 1370 2155; x_wconf 83' lang='lat' dir='ltr'>rie,</span> 
     </span>
    </p>

    <p class='ocr_par' dir='ltr' id='par_1_30' title="bbox 1248 2153 2317 2772">
     <span class='ocr_line' id='line_1_105' title="bbox 1291 2153 2312 2199; baseline 0.002 -14"><span class='ocrx_word' id='word_1_936' title='bbox 1291 2158 1369 2186; x_wconf 82' lang='lat' dir='ltr'>Nous</span> <span class='ocrx_word' id='word_1_937' title='bbox 1387 2166 1455 2186; x_wconf 83' lang='lat' dir='ltr'>vous</span> <span class='ocrx_word' id='word_1_938' title='bbox 1463 2153 1571 2195; x_wconf 74' lang='lat' dir='ltr'>faisbns</span> <span class='ocrx_word' id='word_1_939' title='bbox 1578 2154 1677 2195; x_wconf 68' lang='lat' dir='ltr'>[avoir</span> <span class='ocrx_word' id='word_1_940' title='bbox 1694 2167 1744 2197; x_wconf 79' lang='lat' dir='ltr'>que</span> <span class='ocrx_word' id='word_1_941' title='bbox 1758 2164 1825 2195; x_wconf 89' lang='lat' dir='ltr'>pour</span> <span class='ocrx_word' id='word_1_942' title='bbox 1842 2155 1870 2186; x_wconf 85' lang='lat' dir='ltr'>la</span> <span class='ocrx_word' id='word_1_943' title='bbox 1888 2155 2022 2195; x_wconf 76' lang='lat' dir='ltr'>constance</span> <span class='ocrx_word' id='word_1_944' title='bbox 2033 2156 2177 2196; x_wconf 79' lang='lat' dir='ltr'>finguliere</span> <span class='ocrx_word' id='word_1_945' title='bbox 2193 2169 2241 2199; x_wconf 77' lang='lat' dir='ltr'>quc</span> <span class='ocrx_word' id='word_1_946' title='bbox 2249 2170 2312 2188; x_wconf 69' lang='lat' dir='ltr'>noas</span> 
     </span>
     <span class='ocr_line' id='line_1_106' title="bbox 1253 2193 2312 2235; baseline -0.001 -9"><span class='ocrx_word' id='word_1_947' title='bbox 1253 2206 1343 2226; x_wconf 83' lang='lat' dir='ltr'>avons</span> <span class='ocrx_word' id='word_1_948' title='bbox 1360 2206 1393 2225; x_wconf 87' lang='lat' dir='ltr'>en</span> <span class='ocrx_word' id='word_1_949' title='bbox 1410 2205 1456 2224; x_wconf 83' lang='lat' dir='ltr'>nos</span> <span class='ocrx_word' id='word_1_950' title='bbox 1475 2196 1531 2224; x_wconf 74' lang='lat' dir='ltr'>tres</span> <span class='ocrx_word' id='word_1_951' title='bbox 1549 2193 1643 2234; x_wconf 81' lang='lat' dir='ltr'>fideles</span> <span class='ocrx_word' id='word_1_952' title='bbox 1662 2193 1700 2230; x_wconf 64' lang='grc' dir='ltr'>ὠ·</span> <span class='ocrx_word' id='word_1_953' title='bbox 1719 2196 1876 2225; x_wconf 56' lang='lat' dir='ltr'>bren-aime}</span> <span class='ocrx_word' id='word_1_954' title='bbox 1892 2195 1998 2235; x_wconf 72' lang='lat' dir='ltr'>Coufins</span> <span class='ocrx_word' id='word_1_955' title='bbox 2021 2195 2058 2230; x_wconf 53' lang='grc' dir='ltr'>(ἐν</span> <span class='ocrx_word' id='word_1_956' title='bbox 2075 2196 2251 2234; x_wconf 67' lang='grc' dir='ltr'>007ι]“ε,ἱ[[(&gt;ῑ’ς,</span> <span class='ocrx_word' id='word_1_957' title='bbox 2272 2197 2312 2225; x_wconf 83' lang='lat' dir='ltr'>E-</span> 
     </span>
     <span class='ocr_line' id='line_1_107' title="bbox 1254 2232 2316 2272; baseline -0.001 -8"><span class='ocrx_word' id='word_1_958' title='bbox 1254 2233 1361 2264; x_wconf 91' lang='lat' dir='ltr'>douard</span> <span class='ocrx_word' id='word_1_959' title='bbox 1389 2233 1499 2263; x_wconf 91' lang='lat' dir='ltr'>Comte</span> <span class='ocrx_word' id='word_1_960' title='bbox 1519 2232 1554 2263; x_wconf 90' lang='lat' dir='ltr'>de</span> <span class='ocrx_word' id='word_1_961' title='bbox 1579 2232 1764 2270; x_wconf 85' lang='lat' dir='ltr'>Worcester,</span> <span class='ocrx_word' id='word_1_962' title='bbox 1787 2242 1865 2263; x_wconf 85' lang='lat' dir='ltr'>notre</span> <span class='ocrx_word' id='word_1_963' title='bbox 1894 2234 2166 2272; x_wconf 62' lang='lat' dir='ltr'>Grand-Marevhal,</span> <span class='ocrx_word' id='word_1_964' title='bbox 2195 2235 2316 2265; x_wconf 70' lang='lat' dir='ltr'>Charles</span> 
     </span>
     <span class='ocr_line' id='line_1_108' title="bbox 1254 2270 2313 2310; baseline 0 -7"><span class='ocrx_word' id='word_1_965' title='bbox 1254 2271 1366 2303; x_wconf 86' lang='lat' dir='ltr'>Comte</span> <span class='ocrx_word' id='word_1_966' title='bbox 1385 2270 1420 2302; x_wconf 88' lang='lat' dir='ltr'>de</span> <span class='ocrx_word' id='word_1_967' title='bbox 1441 2271 1640 2307; x_wconf 79' lang='lat' dir='ltr'>Nottingham</span> <span class='ocrx_word' id='word_1_968' title='bbox 1656 2280 1734 2302; x_wconf 84' lang='lat' dir='ltr'>notre</span> <span class='ocrx_word' id='word_1_969' title='bbox 1752 2272 1983 2301; x_wconf 72' lang='lat' dir='ltr'>Grand-Amiral</span> <span class='ocrx_word' id='word_1_970' title='bbox 2001 2272 2214 2310; x_wconf 71' lang='lat' dir='ltr'>d’Angleterre,</span> <span class='ocrx_word' id='word_1_971' title='bbox 2235 2274 2313 2303; x_wconf 86' lang='lat' dir='ltr'>lho-</span> 
     </span>
     <span class='ocr_line' id='line_1_109' title="bbox 1255 2309 2314 2349; baseline 0 -9"><span class='ocrx_word' id='word_1_972' title='bbox 1255 2320 1313 2341; x_wconf 81' lang='lat' dir='ltr'>mas</span> <span class='ocrx_word' id='word_1_973' title='bbox 1327 2310 1438 2342; x_wconf 81' lang='lat' dir='ltr'>Comte</span> <span class='ocrx_word' id='word_1_974' title='bbox 1453 2310 1488 2340; x_wconf 89' lang='lat' dir='ltr'>de</span> <span class='ocrx_word' id='word_1_975' title='bbox 1508 2309 1639 2340; x_wconf 62' lang='lat' dir='ltr'>Suffosske</span> <span class='ocrx_word' id='word_1_976' title='bbox 1657 2310 1834 2340; x_wconf 74' lang='lat' dir='ltr'>Chambellan</span> <span class='ocrx_word' id='word_1_977' title='bbox 1854 2311 1886 2339; x_wconf 87' lang='lat' dir='ltr'>de</span> <span class='ocrx_word' id='word_1_978' title='bbox 1904 2318 1979 2340; x_wconf 80' lang='lat' dir='ltr'>notre</span> <span class='ocrx_word' id='word_1_979' title='bbox 1994 2310 2117 2349; x_wconf 56' lang='lat' dir='ltr'>lilaifim,</span> <span class='ocrx_word' id='word_1_980' title='bbox 2134 2310 2169 2345; x_wconf 45' lang='grc' dir='ltr'>(ῥυ</span> <span class='ocrx_word' id='word_1_981' title='bbox 2185 2322 2216 2339; x_wconf 72' lang='lat' dir='ltr'>en</span> <span class='ocrx_word' id='word_1_982' title='bbox 2236 2319 2314 2340; x_wconf 73' lang='lat' dir='ltr'>nme</span> 
     </span>
     <span class='ocr_line' id='line_1_110' title="bbox 1253 2346 2313 2390; baseline -0.001 -11"><span class='ocrx_word' id='word_1_983' title='bbox 1253 2350 1310 2379; x_wconf 66' lang='lat' dir='ltr'>tre‘s</span> <span class='ocrx_word' id='word_1_984' title='bbox 1319 2348 1407 2390; x_wconf 89' lang='lat' dir='ltr'>fidele</span> <span class='ocrx_word' id='word_1_985' title='bbox 1424 2346 1463 2383; x_wconf 53' lang='grc' dir='ltr'>ό*</span> <span class='ocrx_word' id='word_1_986' title='bbox 1480 2348 1629 2378; x_wconf 78' lang='lat' dir='ltr'>bien-aime‘</span> <span class='ocrx_word' id='word_1_987' title='bbox 1637 2347 1711 2386; x_wconf 87' lang='lat' dir='ltr'>Jean</span> <span class='ocrx_word' id='word_1_988' title='bbox 1740 2349 1816 2379; x_wconf 80' lang='lat' dir='ltr'>Lord</span> <span class='ocrx_word' id='word_1_989' title='bbox 1846 2349 1984 2387; x_wconf 86' lang='lat' dir='ltr'>Lumley,</span> <span class='ocrx_word' id='word_1_990' title='bbox 2003 2359 2067 2378; x_wconf 87' lang='lat' dir='ltr'>nous</span> <span class='ocrx_word' id='word_1_991' title='bbox 2087 2348 2124 2377; x_wconf 71' lang='lat' dir='ltr'>les</span> <span class='ocrx_word' id='word_1_992' title='bbox 2144 2360 2230 2378; x_wconf 81' lang='lat' dir='ltr'>avons</span> <span class='ocrx_word' id='word_1_993' title='bbox 2251 2356 2313 2379; x_wconf 69' lang='lat' dir='ltr'>eta-</span> 
     </span>
     <span class='ocr_line' id='line_1_111' title="bbox 1254 2385 2313 2426; baseline 0 -9"><span class='ocrx_word' id='word_1_994' title='bbox 1254 2387 1304 2417; x_wconf 65' lang='lat' dir='ltr'>blis</span> <span class='ocrx_word' id='word_1_995' title='bbox 1319 2387 1357 2423; x_wconf 60' lang='grc' dir='ltr'>ῤ’</span> <span class='ocrx_word' id='word_1_996' title='bbox 1373 2397 1437 2418; x_wconf 83' lang='lat' dir='ltr'>nous</span> <span class='ocrx_word' id='word_1_997' title='bbox 1452 2386 1490 2416; x_wconf 88' lang='lat' dir='ltr'>les</span> <span class='ocrx_word' id='word_1_998' title='bbox 1507 2385 1661 2425; x_wconf 76' lang='lat' dir='ltr'>e‘tablzffins</span> <span class='ocrx_word' id='word_1_999' title='bbox 1675 2386 1713 2421; x_wconf 61' lang='grc' dir='ltr'>ἄν</span> <span class='ocrx_word' id='word_1_1000' title='bbox 1726 2386 1895 2425; x_wconf 66' lang='lat' dir='ltr'>authorifhns</span> <span class='ocrx_word' id='word_1_1001' title='bbox 1907 2396 1961 2424; x_wconf 81' lang='lat' dir='ltr'>par</span> <span class='ocrx_word' id='word_1_1002' title='bbox 1978 2386 2014 2416; x_wconf 86' lang='lat' dir='ltr'>les</span> <span class='ocrx_word' id='word_1_1003' title='bbox 2026 2387 2184 2426; x_wconf 67' lang='lat' dir='ltr'>presentes,</span> <span class='ocrx_word' id='word_1_1004' title='bbox 2203 2399 2233 2416; x_wconf 75' lang='lat' dir='ltr'>au</span> <span class='ocrx_word' id='word_1_1005' title='bbox 2246 2392 2313 2417; x_wconf 85' lang='lat' dir='ltr'>trois</span> 
     </span>
     <span class='ocr_line' id='line_1_112' title="bbox 1254 2423 2311 2464; baseline -0.001 -8"><span class='ocrx_word' id='word_1_1006' title='bbox 1254 2437 1287 2456; x_wconf 88' lang='lat' dir='ltr'>ou</span> <span class='ocrx_word' id='word_1_1007' title='bbox 1301 2426 1373 2455; x_wconf 84' lang='lat' dir='ltr'>deux</span> <span class='ocrx_word' id='word_1_1008' title='bbox 1384 2425 1555 2462; x_wconf 78' lang='lat' dir='ltr'>d&#39;entr’eux,</span> <span class='ocrx_word' id='word_1_1009' title='bbox 1575 2426 1606 2454; x_wconf 87' lang='lat' dir='ltr'>de</span> <span class='ocrx_word' id='word_1_1010' title='bbox 1614 2423 1694 2464; x_wconf 83' lang='lat' dir='ltr'>faire</span> <span class='ocrx_word' id='word_1_1011' title='bbox 1708 2425 1746 2461; x_wconf 61' lang='grc' dir='ltr'>ὠ·</span> <span class='ocrx_word' id='word_1_1012' title='bbox 1760 2426 1781 2455; x_wconf 87' lang='lat' dir='ltr'><em>d</em></span> <span class='ocrx_word' id='word_1_1013' title='bbox 1786 2427 1915 2455; x_wconf 61' lang='lat' dir='ltr'>&#39;exescuter</span> <span class='ocrx_word' id='word_1_1014' title='bbox 1924 2433 1991 2463; x_wconf 82' lang='lat' dir='ltr'>pour</span> <span class='ocrx_word' id='word_1_1015' title='bbox 2007 2437 2082 2463; x_wconf 82' lang='lat' dir='ltr'>nous,</span> <span class='ocrx_word' id='word_1_1016' title='bbox 2101 2433 2133 2455; x_wconf 79' lang='lat' dir='ltr'>en</span> <span class='ocrx_word' id='word_1_1017' title='bbox 2148 2434 2227 2456; x_wconf 81' lang='lat' dir='ltr'>notre</span> <span class='ocrx_word' id='word_1_1018' title='bbox 2240 2437 2311 2464; x_wconf 76' lang='lat' dir='ltr'>nom,</span> 
     </span>
     <span class='ocr_line' id='line_1_113' title="bbox 1256 2463 2313 2504; baseline 0.001 -10"><span class='ocrx_word' id='word_1_1019' title='bbox 1256 2463 1294 2498; x_wconf 62' lang='grc' dir='ltr'>(φ</span> <span class='ocrx_word' id='word_1_1020' title='bbox 1327 2475 1361 2494; x_wconf 84' lang='grc' dir='ltr'>αν</span> <span class='ocrx_word' id='word_1_1021' title='bbox 1379 2471 1461 2494; x_wconf 87' lang='lat' dir='ltr'>notre</span> <span class='ocrx_word' id='word_1_1022' title='bbox 1480 2463 1633 2500; x_wconf 79' lang='lat' dir='ltr'>authorite‘,</span> <span class='ocrx_word' id='word_1_1023' title='bbox 1652 2474 1706 2494; x_wconf 84' lang='lat' dir='ltr'>non</span> <span class='ocrx_word' id='word_1_1024' title='bbox 1712 2464 1860 2502; x_wconf 79' lang='lat' dir='ltr'>seulement</span> <span class='ocrx_word' id='word_1_1025' title='bbox 1877 2471 1966 2494; x_wconf 79' lang='lat' dir='ltr'>toutes</span> <span class='ocrx_word' id='word_1_1026' title='bbox 1981 2463 2015 2493; x_wconf 88' lang='lat' dir='ltr'>les</span> <span class='ocrx_word' id='word_1_1027' title='bbox 2032 2463 2118 2502; x_wconf 71' lang='lat' dir='ltr'>choses</span> <span class='ocrx_word' id='word_1_1028' title='bbox 2137 2477 2179 2504; x_wconf 68' lang='lat' dir='ltr'>qu⁴</span> <span class='ocrx_word' id='word_1_1029' title='bbox 2196 2465 2313 2494; x_wconf 74' lang='lat' dir='ltr'>doivent</span> 
     </span>
     <span class='ocr_line' id='line_1_114' title="bbox 1248 2501 2315 2542; baseline 0.001 -10"><span class='ocrx_word' id='word_1_1030' title='bbox 1248 2503 1282 2542; x_wconf 72' lang='lat' dir='ltr'>fl&#39;</span> <span class='ocrx_word' id='word_1_1031' title='bbox 1310 2506 1368 2533; x_wconf 79' lang='lat' dir='ltr'>aire</span> <span class='ocrx_word' id='word_1_1032' title='bbox 1380 2502 1419 2537; x_wconf 64' lang='grc' dir='ltr'>ὠ·</span> <span class='ocrx_word' id='word_1_1033' title='bbox 1434 2501 1558 2541; x_wconf 65' lang='grc' dir='ltr'>εῇὲὲῖιιεν</span> <span class='ocrx_word' id='word_1_1034' title='bbox 1573 2504 1606 2532; x_wconf 90' lang='lat' dir='ltr'>de</span> <span class='ocrx_word' id='word_1_1035' title='bbox 1621 2510 1697 2531; x_wconf 85' lang='lat' dir='ltr'>notre</span> <span class='ocrx_word' id='word_1_1036' title='bbox 1707 2510 1789 2540; x_wconf 84' lang='lat' dir='ltr'>part,</span> <span class='ocrx_word' id='word_1_1037' title='bbox 1802 2511 1870 2539; x_wconf 73' lang='lat' dir='ltr'>pour</span> <span class='ocrx_word' id='word_1_1038' title='bbox 1895 2502 1923 2532; x_wconf 87' lang='lat' dir='ltr'>la</span> <span class='ocrx_word' id='word_1_1039' title='bbox 1944 2503 2062 2532; x_wconf 73' lang='lat' dir='ltr'>cre‘ation</span> <span class='ocrx_word' id='word_1_1040' title='bbox 2085 2503 2129 2532; x_wconf 83' lang='lat' dir='ltr'>des</span> <span class='ocrx_word' id='word_1_1041' title='bbox 2152 2502 2315 2533; x_wconf 79' lang='lat' dir='ltr'>Chevtliers</span> 
     </span>
     <span class='ocr_line' id='line_1_115' title="bbox 1256 2540 2314 2581; baseline -0.001 -10"><span class='ocrx_word' id='word_1_1042' title='bbox 1256 2542 1295 2571; x_wconf 88' lang='lat' dir='ltr'>du</span> <span class='ocrx_word' id='word_1_1043' title='bbox 1312 2542 1388 2577; x_wconf 82' lang='lat' dir='ltr'>Bain,</span> <span class='ocrx_word' id='word_1_1044' title='bbox 1397 2541 1429 2569; x_wconf 87' lang='lat' dir='ltr'>de</span> <span class='ocrx_word' id='word_1_1045' title='bbox 1443 2551 1508 2570; x_wconf 85' lang='lat' dir='ltr'>ceux</span> <span class='ocrx_word' id='word_1_1046' title='bbox 1520 2551 1570 2581; x_wconf 83' lang='lat' dir='ltr'>que</span> <span class='ocrx_word' id='word_1_1047' title='bbox 1583 2550 1648 2570; x_wconf 83' lang='lat' dir='ltr'>nous</span> <span class='ocrx_word' id='word_1_1048' title='bbox 1663 2551 1752 2570; x_wconf 84' lang='lat' dir='ltr'>avons</span> <span class='ocrx_word' id='word_1_1049' title='bbox 1759 2540 2007 2579; x_wconf 81' lang='lat' dir='ltr'>particulierement</span> <span class='ocrx_word' id='word_1_1050' title='bbox 2024 2552 2148 2570; x_wconf 74' lang='lat' dir='ltr'>nommez</span> <span class='ocrx_word' id='word_1_1051' title='bbox 2155 2549 2222 2577; x_wconf 81' lang='lat' dir='ltr'>pour</span> <span class='ocrx_word' id='word_1_1052' title='bbox 2238 2542 2293 2570; x_wconf 84' lang='lat' dir='ltr'>cela</span> <span class='ocrx_word' id='word_1_1053' title='bbox 2304 2552 2314 2579; x_wconf 85' lang='lat'>;</span> 
     </span>
     <span class='ocr_line' id='line_1_116' title="bbox 1257 2577 2316 2617; baseline -0.002 -8"><span class='ocrx_word' id='word_1_1054' title='bbox 1257 2583 1325 2609; x_wconf 82' lang='lat' dir='ltr'>mais</span> <span class='ocrx_word' id='word_1_1055' title='bbox 1341 2588 1431 2608; x_wconf 81' lang='lat' dir='ltr'>encore</span> <span class='ocrx_word' id='word_1_1056' title='bbox 1445 2578 1511 2609; x_wconf 87' lang='lat' dir='ltr'>d’en</span> <span class='ocrx_word' id='word_1_1057' title='bbox 1529 2577 1610 2617; x_wconf 85' lang='lat' dir='ltr'>faire</span> <span class='ocrx_word' id='word_1_1058' title='bbox 1630 2577 1668 2612; x_wconf 58' lang='grc' dir='ltr'>ῤ’</span> <span class='ocrx_word' id='word_1_1059' title='bbox 1688 2589 1806 2607; x_wconf 84' lang='lat' dir='ltr'>nommer</span> <span class='ocrx_word' id='word_1_1060' title='bbox 1824 2586 1928 2608; x_wconf 84' lang='lat' dir='ltr'>autant</span> <span class='ocrx_word' id='word_1_1061' title='bbox 1952 2578 2079 2608; x_wconf 80' lang='lat' dir='ltr'>d&#39;autres</span> <span class='ocrx_word' id='word_1_1062' title='bbox 2096 2577 2238 2617; x_wconf 69' lang='lat' dir='ltr'>persbnnes</span> <span class='ocrx_word' id='word_1_1063' title='bbox 2248 2588 2316 2617; x_wconf 84' lang='lat' dir='ltr'>pour</span> 
     </span>
     <span class='ocr_line' id='line_1_117' title="bbox 1257 2616 2316 2656; baseline 0.001 -10"><span class='ocrx_word' id='word_1_1064' title='bbox 1257 2616 1426 2654; x_wconf 76' lang='lat' dir='ltr'>chevaliers,</span> <span class='ocrx_word' id='word_1_1065' title='bbox 1443 2618 1595 2656; x_wconf 79' lang='lat' dir='ltr'>quiseront</span> <span class='ocrx_word' id='word_1_1066' title='bbox 1612 2618 1726 2646; x_wconf 59' lang='lat' dir='ltr'>nommds</span> <span class='ocrx_word' id='word_1_1067' title='bbox 1738 2625 1792 2655; x_wconf 87' lang='lat' dir='ltr'>par</span> <span class='ocrx_word' id='word_1_1068' title='bbox 1808 2628 1873 2647; x_wconf 86' lang='lat' dir='ltr'>nous</span> <span class='ocrx_word' id='word_1_1069' title='bbox 1889 2628 1919 2646; x_wconf 87' lang='lat' dir='ltr'>ou</span> <span class='ocrx_word' id='word_1_1070' title='bbox 1927 2626 1981 2656; x_wconf 89' lang='lat' dir='ltr'>par</span> <span class='ocrx_word' id='word_1_1071' title='bbox 1994 2628 2047 2646; x_wconf 83' lang='lat' dir='ltr'>eux</span> <span class='ocrx_word' id='word_1_1072' title='bbox 2057 2639 2065 2654; x_wconf 88' lang='lat'>,</span> <span class='ocrx_word' id='word_1_1073' title='bbox 2083 2628 2115 2646; x_wconf 88' lang='lat' dir='ltr'>ou</span> <span class='ocrx_word' id='word_1_1074' title='bbox 2127 2626 2180 2655; x_wconf 82' lang='lat' dir='ltr'>par</span> <span class='ocrx_word' id='word_1_1075' title='bbox 2200 2621 2266 2647; x_wconf 87' lang='lat' dir='ltr'>trois</span> <span class='ocrx_word' id='word_1_1076' title='bbox 2284 2629 2316 2647; x_wconf 76' lang='lat' dir='ltr'>ou</span> 
     </span>
     <span class='ocr_line' id='line_1_118' title="bbox 1257 2655 2316 2696; baseline 0.001 -11"><span class='ocrx_word' id='word_1_1077' title='bbox 1257 2657 1328 2685; x_wconf 77' lang='lat' dir='ltr'>deux</span> <span class='ocrx_word' id='word_1_1078' title='bbox 1343 2656 1364 2684; x_wconf 88' lang='lat' dir='ltr'>d</span> <span class='ocrx_word' id='word_1_1079' title='bbox 1369 2655 1503 2684; x_wconf 76' lang='lat' dir='ltr'>’entr‘eux</span> <span class='ocrx_word' id='word_1_1080' title='bbox 1516 2655 1594 2696; x_wconf 86' lang='lat' dir='ltr'>qu&#39;ils</span> <span class='ocrx_word' id='word_1_1081' title='bbox 1608 2662 1773 2685; x_wconf 86' lang='lat' dir='ltr'>trouveront</span> <span class='ocrx_word' id='word_1_1082' title='bbox 1789 2655 1806 2683; x_wconf 73' lang='grc' dir='ltr'><em>ἃ</em></span> <span class='ocrx_word' id='word_1_1083' title='bbox 1817 2663 1911 2693; x_wconf 77' lang='lat' dir='ltr'>propos</span> <span class='ocrx_word' id='word_1_1084' title='bbox 1926 2678 1934 2693; x_wconf 86' lang='lat'>‚</span> <span class='ocrx_word' id='word_1_1085' title='bbox 1953 2656 2023 2684; x_wconf 83' lang='lat' dir='ltr'>dans</span> <span class='ocrx_word' id='word_1_1086' title='bbox 2040 2655 2150 2693; x_wconf 65' lang='lat' dir='ltr'>l&#39;esjtace</span> <span class='ocrx_word' id='word_1_1087' title='bbox 2177 2656 2221 2685; x_wconf 85' lang='lat' dir='ltr'>des</span> <span class='ocrx_word' id='word_1_1088' title='bbox 2244 2657 2316 2686; x_wconf 77' lang='lat' dir='ltr'>deux</span> 
     </span>
     <span class='ocr_line' id='line_1_119' title="bbox 1249 2693 2317 2734; baseline 0.001 -11"><span class='ocrx_word' id='word_1_1089' title='bbox 1249 2695 1331 2733; x_wconf 79' lang='lat' dir='ltr'>jours</span> <span class='ocrx_word' id='word_1_1090' title='bbox 1337 2693 1462 2733; x_wconf 69' lang='lat' dir='ltr'>ficivans</span> <span class='ocrx_word' id='word_1_1091' title='bbox 1476 2694 1556 2732; x_wconf 56' lang='lat' dir='ltr'>apres</span> <span class='ocrx_word' id='word_1_1092' title='bbox 1570 2693 1599 2723; x_wconf 87' lang='lat' dir='ltr'>la</span> <span class='ocrx_word' id='word_1_1093' title='bbox 1611 2694 1678 2724; x_wconf 82' lang='lat' dir='ltr'>date</span> <span class='ocrx_word' id='word_1_1094' title='bbox 1688 2694 1720 2723; x_wconf 88' lang='lat' dir='ltr'>a&#39;e</span> <span class='ocrx_word' id='word_1_1095' title='bbox 1734 2693 1763 2724; x_wconf 86' lang='lat' dir='ltr'>la</span> <span class='ocrx_word' id='word_1_1096' title='bbox 1768 2694 1912 2733; x_wconf 72' lang='lat' dir='ltr'>presente,</span> <span class='ocrx_word' id='word_1_1097' title='bbox 1932 2702 2041 2732; x_wconf 84' lang='lat' dir='ltr'>pourvu</span> <span class='ocrx_word' id='word_1_1098' title='bbox 2062 2693 2140 2732; x_wconf 76' lang='lat' dir='ltr'>qu&#39;ils</span> <span class='ocrx_word' id='word_1_1099' title='bbox 2159 2705 2192 2724; x_wconf 84' lang='lat' dir='ltr'>ne</span> <span class='ocrx_word' id='word_1_1100' title='bbox 2209 2694 2317 2734; x_wconf 75' lang='lat' dir='ltr'>paffent</span> 
     </span>
     <span class='ocr_line' id='line_1_120' title="bbox 1252 2732 1708 2772; baseline -0.002 -10"><span class='ocrx_word' id='word_1_1101' title='bbox 1252 2737 1329 2772; x_wconf 80' lang='lat' dir='ltr'>point</span> <span class='ocrx_word' id='word_1_1102' title='bbox 1346 2732 1370 2763; x_wconf 85' lang='lat' dir='ltr'>le</span> <span class='ocrx_word' id='word_1_1103' title='bbox 1388 2733 1496 2763; x_wconf 83' lang='lat' dir='ltr'>nombre</span> <span class='ocrx_word' id='word_1_1104' title='bbox 1514 2732 1547 2761; x_wconf 84' lang='lat' dir='ltr'>de</span> <span class='ocrx_word' id='word_1_1105' title='bbox 1557 2732 1708 2771; x_wconf 80' lang='lat' dir='ltr'>soixante,-</span> 
     </span>
    </p>
   </div>
   <div class='ocr_carea' id='block_1_22' title="bbox 1260 2806 2322 3077">
    <p class='ocr_par' dir='ltr' id='par_1_31' title="bbox 1260 2806 2322 2962">
     <span class='ocr_line' id='line_1_121' title="bbox 1296 2806 2320 2849; baseline -0.002 -10"><span class='ocrx_word' id='word_1_1106' title='bbox 1296 2811 1339 2839; x_wconf 83' lang='lat' dir='ltr'>Et</span> <span class='ocrx_word' id='word_1_1107' title='bbox 1353 2808 1384 2838; x_wconf 86' lang='lat' dir='ltr'>de</span> <span class='ocrx_word' id='word_1_1108' title='bbox 1397 2808 1458 2847; x_wconf 83' lang='lat' dir='ltr'>plus</span> <span class='ocrx_word' id='word_1_1109' title='bbox 1473 2816 1551 2838; x_wconf 77' lang='lat' dir='ltr'>notre</span> <span class='ocrx_word' id='word_1_1110' title='bbox 1569 2807 1726 2848; x_wconf 73' lang='lat' dir='ltr'>bon-plaisir</span> <span class='ocrx_word' id='word_1_1111' title='bbox 1740 2807 1776 2847; x_wconf 74' lang='lat' dir='ltr'>est</span> <span class='ocrx_word' id='word_1_1112' title='bbox 1792 2819 1841 2849; x_wconf 82' lang='lat' dir='ltr'>que</span> <span class='ocrx_word' id='word_1_1113' title='bbox 1868 2807 1969 2847; x_wconf 81' lang='lat' dir='ltr'>chaque</span> <span class='ocrx_word' id='word_1_1114' title='bbox 1991 2806 2122 2848; x_wconf 75' lang='lat' dir='ltr'>perftnne</span> <span class='ocrx_word' id='word_1_1115' title='bbox 2140 2812 2187 2849; x_wconf 87' lang='lat' dir='ltr'>qui</span> <span class='ocrx_word' id='word_1_1116' title='bbox 2204 2808 2271 2847; x_wconf 70' lang='lat' dir='ltr'>sera</span> <span class='ocrx_word' id='word_1_1117' title='bbox 2288 2820 2320 2838; x_wconf 83' lang='lat' dir='ltr'>a·</span> 
     </span>
     <span class='ocr_line' id='line_1_122' title="bbox 1260 2846 2321 2886; baseline -0.001 -9"><span class='ocrx_word' id='word_1_1118' title='bbox 1260 2849 1365 2878; x_wconf 61' lang='lat' dir='ltr'>vanccse</span> <span class='ocrx_word' id='word_1_1119' title='bbox 1380 2858 1412 2877; x_wconf 90' lang='lat' dir='ltr'>ou</span> <span class='ocrx_word' id='word_1_1120' title='bbox 1427 2849 1497 2877; x_wconf 80' lang='lat' dir='ltr'>cre‘e‘e</span> <span class='ocrx_word' id='word_1_1121' title='bbox 1509 2846 1657 2876; x_wconf 78' lang='lat' dir='ltr'>chevalier</span> <span class='ocrx_word' id='word_1_1122' title='bbox 1668 2855 1722 2884; x_wconf 82' lang='lat' dir='ltr'>par</span> <span class='ocrx_word' id='word_1_1123' title='bbox 1739 2857 1786 2876; x_wconf 82' lang='lat' dir='ltr'>nos</span> <span class='ocrx_word' id='word_1_1124' title='bbox 1793 2846 1899 2886; x_wconf 68' lang='lat' dir='ltr'>ficsdits</span> <span class='ocrx_word' id='word_1_1125' title='bbox 1913 2848 2117 2885; x_wconf 73' lang='lat' dir='ltr'>commiſjaires,</span> <span class='ocrx_word' id='word_1_1126' title='bbox 2134 2858 2165 2876; x_wconf 87' lang='lat' dir='ltr'>ou</span> <span class='ocrx_word' id='word_1_1127' title='bbox 2185 2855 2238 2883; x_wconf 85' lang='lat' dir='ltr'>par</span> <span class='ocrx_word' id='word_1_1128' title='bbox 2254 2851 2321 2876; x_wconf 80' lang='lat' dir='ltr'>trois</span> 
     </span>
     <span class='ocr_line' id='line_1_123' title="bbox 1260 2882 2321 2924; baseline -0.002 -8"><span class='ocrx_word' id='word_1_1129' title='bbox 1260 2897 1291 2916; x_wconf 85' lang='lat' dir='ltr'>ou</span> <span class='ocrx_word' id='word_1_1130' title='bbox 1315 2888 1386 2915; x_wconf 86' lang='lat' dir='ltr'>deux</span> <span class='ocrx_word' id='word_1_1131' title='bbox 1409 2886 1581 2923; x_wconf 78' lang='lat' dir='ltr'>d&#39;entr&#39;eux‚</span> <span class='ocrx_word' id='word_1_1132' title='bbox 1600 2896 1684 2922; x_wconf 83' lang='lat' dir='ltr'>aura,</span> <span class='ocrx_word' id='word_1_1133' title='bbox 1704 2885 1841 2924; x_wconf 70' lang='lat' dir='ltr'>poffi’a&#39;era</span> <span class='ocrx_word' id='word_1_1134' title='bbox 1871 2882 1909 2918; x_wconf 49' lang='grc' dir='ltr'>(ἔγ</span> <span class='ocrx_word' id='word_1_1135' title='bbox 1926 2887 2020 2923; x_wconf 80' lang='lat' dir='ltr'>jouira</span> <span class='ocrx_word' id='word_1_1136' title='bbox 2044 2886 2079 2914; x_wconf 84' lang='lat' dir='ltr'>du</span> <span class='ocrx_word' id='word_1_1137' title='bbox 2110 2885 2153 2914; x_wconf 80' lang='lat' dir='ltr'>dit</span> <span class='ocrx_word' id='word_1_1138' title='bbox 2176 2885 2263 2913; x_wconf 81' lang='lat' dir='ltr'>Ordre</span> <span class='ocrx_word' id='word_1_1139' title='bbox 2287 2886 2321 2914; x_wconf 89' lang='lat' dir='ltr'>de</span> 
     </span>
     <span class='ocr_line' id='line_1_124' title="bbox 1261 2922 2322 2962; baseline -0.003 -7"><span class='ocrx_word' id='word_1_1140' title='bbox 1261 2924 1443 2962; x_wconf 72' lang='lat' dir='ltr'>chevalerie,</span> <span class='ocrx_word' id='word_1_1141' title='bbox 1462 2936 1531 2955; x_wconf 80' lang='lat' dir='ltr'>avec</span> <span class='ocrx_word' id='word_1_1142' title='bbox 1545 2924 1570 2953; x_wconf 86' lang='lat' dir='ltr'>le</span> <span class='ocrx_word' id='word_1_1143' title='bbox 1583 2935 1655 2961; x_wconf 86' lang='lat' dir='ltr'>nom,</span> <span class='ocrx_word' id='word_1_1144' title='bbox 1672 2923 1697 2952; x_wconf 82' lang='lat' dir='ltr'>le</span> <span class='ocrx_word' id='word_1_1145' title='bbox 1715 2928 1794 2961; x_wconf 82' lang='lat' dir='ltr'>titre,</span> <span class='ocrx_word' id='word_1_1146' title='bbox 1809 2923 1832 2953; x_wconf 88' lang='lat' dir='ltr'>le</span> <span class='ocrx_word' id='word_1_1147' title='bbox 1849 2933 1918 2959; x_wconf 86' lang='lat' dir='ltr'>rang</span> <span class='ocrx_word' id='word_1_1148' title='bbox 1936 2922 1974 2957; x_wconf 59' lang='grc' dir='ltr'>(ξφ</span> <span class='ocrx_word' id='word_1_1149' title='bbox 1992 2932 2076 2953; x_wconf 76' lang='lat' dir='ltr'>toules</span> <span class='ocrx_word' id='word_1_1150' title='bbox 2089 2922 2125 2952; x_wconf 91' lang='lat' dir='ltr'>les</span> <span class='ocrx_word' id='word_1_1151' title='bbox 2137 2925 2322 2960; x_wconf 74' lang='lat' dir='ltr'>pre‘rogatives</span> 
     </span>
    </p>

    <p class='ocr_par' dir='ltr' id='par_1_32' title="bbox 1265 2960 2320 3077">
     <span class='ocr_line' id='line_1_125' title="bbox 1280 2960 2320 3027; baseline -0.003 -34"><span class='ocrx_word' id='word_1_1152' title='bbox 1280 2967 1307 2993; x_wconf 86' lang='lat' dir='ltr'>ui</span> <span class='ocrx_word' id='word_1_1153' title='bbox 1322 2974 1355 2993; x_wconf 88' lang='lat' dir='ltr'>en</span> <span class='ocrx_word' id='word_1_1154' title='bbox 1379 2963 1546 3001; x_wconf 80' lang='lat' dir='ltr'>de&#39;pendent,</span> <span class='ocrx_word' id='word_1_1155' title='bbox 1563 2962 1645 2992; x_wconf 79' lang='lat' dir='ltr'>d&#39;une</span> <span class='ocrx_word' id='word_1_1156' title='bbox 1659 2966 1777 2992; x_wconf 87' lang='lat' dir='ltr'>maniere</span> <span class='ocrx_word' id='word_1_1157' title='bbox 1790 2961 1856 3000; x_wconf 85' lang='lat' dir='ltr'>auffi</span> <span class='ocrx_word' id='word_1_1158' title='bbox 1871 2960 1957 3000; x_wconf 84' lang='lat' dir='ltr'>ample</span> <span class='ocrx_word' id='word_1_1159' title='bbox 1964 2962 2103 3027; x_wconf 59' lang='lat' dir='ltr'>equ&#39;aucun</span> <span class='ocrx_word' id='word_1_1160' title='bbox 2117 2970 2196 2991; x_wconf 84' lang='lat' dir='ltr'>autre</span> <span class='ocrx_word' id='word_1_1161' title='bbox 2211 2961 2320 2990; x_wconf 77' lang='lat' dir='ltr'>Cheva-</span> 
     </span>
     <span class='ocr_line' id='line_1_126' title="bbox 1275 3000 2319 3041; baseline -0.002 -10"><span class='ocrx_word' id='word_1_1162' title='bbox 1275 3007 1314 3031; x_wconf 77' lang='lat' dir='ltr'>ier</span> <span class='ocrx_word' id='word_1_1163' title='bbox 1332 3012 1363 3031; x_wconf 76' lang='lat' dir='ltr'>ou</span> <span class='ocrx_word' id='word_1_1164' title='bbox 1382 3001 1542 3031; x_wconf 72' lang='lat' dir='ltr'>Chevaliers</span> <span class='ocrx_word' id='word_1_1165' title='bbox 1556 3001 1591 3029; x_wconf 86' lang='lat' dir='ltr'>du</span> <span class='ocrx_word' id='word_1_1166' title='bbox 1607 3000 1689 3030; x_wconf 71' lang='lat' dir='ltr'>me³me</span> <span class='ocrx_word' id='word_1_1167' title='bbox 1705 3012 1791 3038; x_wconf 83' lang='lat' dir='ltr'>rang,</span> <span class='ocrx_word' id='word_1_1168' title='bbox 1808 3003 1855 3041; x_wconf 82' lang='lat' dir='ltr'>qui</span> <span class='ocrx_word' id='word_1_1169' title='bbox 1873 3007 1921 3029; x_wconf 85' lang='lat' dir='ltr'>ont</span> <span class='ocrx_word' id='word_1_1170' title='bbox 1936 3000 1962 3028; x_wconf 63' lang='lat' dir='ltr'>ft</span> <span class='ocrx_word' id='word_1_1171' title='bbox 1992 3000 2065 3040; x_wconf 87' lang='lat' dir='ltr'>faits</span> <span class='ocrx_word' id='word_1_1172' title='bbox 2081 3001 2118 3029; x_wconf 87' lang='lat' dir='ltr'>du</span> <span class='ocrx_word' id='word_1_1173' title='bbox 2138 3008 2204 3030; x_wconf 83' lang='lat' dir='ltr'>tems</span> <span class='ocrx_word' id='word_1_1174' title='bbox 2223 3000 2255 3029; x_wconf 86' lang='lat' dir='ltr'>de</span> <span class='ocrx_word' id='word_1_1175' title='bbox 2273 3010 2319 3030; x_wconf 78' lang='lat' dir='ltr'>nos</span> 
     </span>
     <span class='ocr_line' id='line_1_127' title="bbox 1265 3038 2101 3077; baseline -0.001 -8"><span class='ocrx_word' id='word_1_1176' title='bbox 1265 3039 1422 3077; x_wconf 62' lang='lat' dir='ltr'>Ancitres,</span> <span class='ocrx_word' id='word_1_1177' title='bbox 1439 3046 1487 3069; x_wconf 85' lang='lat' dir='ltr'>ont</span> <span class='ocrx_word' id='word_1_1178' title='bbox 1506 3050 1540 3069; x_wconf 85' lang='lat' dir='ltr'>eu</span> <span class='ocrx_word' id='word_1_1179' title='bbox 1554 3038 1591 3073; x_wconf 59' lang='grc' dir='ltr'>(ῥ’</span> <span class='ocrx_word' id='word_1_1180' title='bbox 1607 3046 1657 3068; x_wconf 86' lang='lat' dir='ltr'>ont</span> <span class='ocrx_word' id='word_1_1181' title='bbox 1670 3047 1709 3077; x_wconf 86' lang='lat' dir='ltr'>pu</span> <span class='ocrx_word' id='word_1_1182' title='bbox 1727 3043 1813 3069; x_wconf 79' lang='lat' dir='ltr'>avoir</span> <span class='ocrx_word' id='word_1_1183' title='bbox 1829 3049 1860 3068; x_wconf 85' lang='lat' dir='ltr'>ou</span> <span class='ocrx_word' id='word_1_1184' title='bbox 1874 3039 1950 3077; x_wconf 86' lang='lat' dir='ltr'>jouir</span> <span class='ocrx_word' id='word_1_1185' title='bbox 1971 3040 2003 3068; x_wconf 89' lang='lat' dir='ltr'>de</span> <span class='ocrx_word' id='word_1_1186' title='bbox 2017 3038 2101 3068; x_wconf 84' lang='lat' dir='ltr'>droit.</span> 
     </span>
    </p>
   </div>
   <div class='ocr_carea' id='block_1_23' title="bbox 1302 3115 1694 3156">
    <p class='ocr_par' dir='ltr' id='par_1_33' title="bbox 1302 3115 1694 3156">
     <span class='ocr_line' id='line_1_128' title="bbox 1302 3115 1694 3156; baseline 0 -10"><span class='ocrx_word' id='word_1_1187' title='bbox 1302 3119 1352 3146; x_wconf 84' lang='lat' dir='ltr'>En</span> <span class='ocrx_word' id='word_1_1188' title='bbox 1370 3116 1469 3146; x_wconf 62' lang='lat' dir='ltr'>tlmoin</span> <span class='ocrx_word' id='word_1_1189' title='bbox 1488 3115 1522 3145; x_wconf 86' lang='lat' dir='ltr'>de</span> <span class='ocrx_word' id='word_1_1190' title='bbox 1536 3117 1616 3156; x_wconf 80' lang='lat' dir='ltr'>quoi,</span> <span class='ocrx_word' id='word_1_1191' title='bbox 1633 3116 1694 3147; x_wconf 80' lang='lat' dir='ltr'>&amp;c-</span> 
     </span>
    </p>
   </div>
   <div class='ocr_carea' id='block_1_24' title="bbox 1305 3190 2157 3231">
    <p class='ocr_par' dir='ltr' id='par_1_34' title="bbox 1305 3190 2157 3231">
     <span class='ocr_line' id='line_1_129' title="bbox 1305 3190 2157 3231; baseline -0.002 -8"><span class='ocrx_word' id='word_1_1192' title='bbox 1305 3195 1507 3223; x_wconf 78' lang='lat' dir='ltr'>Te&#39;moim-nous</span> <span class='ocrx_word' id='word_1_1193' title='bbox 1522 3191 1617 3222; x_wconf 71' lang='lat' dir='ltr'>me3mes</span> <span class='ocrx_word' id='word_1_1194' title='bbox 1633 3192 1651 3221; x_wconf 72' lang='grc' dir='ltr'><em>ἃ</em></span> <span class='ocrx_word' id='word_1_1195' title='bbox 1667 3190 1872 3223; x_wconf 60' lang='grc' dir='ltr'>ΧΝεΒῑῐηίηἰίεῑ</span> <span class='ocrx_word' id='word_1_1196' title='bbox 1892 3190 1916 3221; x_wconf 78' lang='lat' dir='ltr'>le</span> <span class='ocrx_word' id='word_1_1197' title='bbox 1934 3201 1982 3222; x_wconf 84' lang='lat'>22.</span> <span class='ocrx_word' id='word_1_1198' title='bbox 1998 3191 2029 3221; x_wconf 77' lang='lat' dir='ltr'>de</span> <span class='ocrx_word' id='word_1_1199' title='bbox 2043 3191 2157 3231; x_wconf 82' lang='lat' dir='ltr'>Juillct.</span> 
     </span>
    </p>
   </div>
   <div class='ocr_carea' id='block_1_25' title="bbox 1862 3277 2168 3323">
    <p class='ocr_par' dir='ltr' id='par_1_35' title="bbox 1862 3277 2168 3323">
     <span class='ocr_line' id='line_1_130' title="bbox 1862 3277 2168 3323; baseline -0.003 -16"><span class='ocrx_word' id='word_1_1200' title='bbox 1862 3278 1918 3308; x_wconf 91' lang='lat' dir='ltr'>Per</span> <span class='ocrx_word' id='word_1_1201' title='bbox 1937 3278 2025 3316; x_wconf 88' lang='lat' dir='ltr'>ipsum</span> <span class='ocrx_word' id='word_1_1202' title='bbox 2044 3277 2168 3323; x_wconf 84' lang='lat' dir='ltr'>Regem.</span> 
     </span>
    </p>
   </div>
   <div class='ocr_carea' id='block_1_26' title="bbox 1224 3353 2278 3367">
    <p class='ocr_par' dir='ltr' id='par_1_36' title="bbox 1224 3353 2278 3367">
     <span class='ocr_line' id='line_1_131' title="bbox 1224 3353 2278 3367; baseline 0 912"><span class='ocrx_word' id='word_1_1203' title='bbox 1224 3353 2278 3367; x_wconf 95' lang='lat' dir='ltr'> </span> 
     </span>
    </p>
   </div>
   <div class='ocr_carea' id='block_1_27' title="bbox 310 3424 1072 3473">
    <p class='ocr_par' dir='ltr' id='par_1_37' title="bbox 310 3424 1072 3473">
     <span class='ocr_line' id='line_1_132' title="bbox 310 3424 1072 3473; baseline -0.003 -13"><span class='ocrx_word' id='word_1_1204' title='bbox 310 3424 492 3460; x_wconf 81' lang='lat' dir='ltr'>Pardonatio</span> <span class='ocrx_word' id='word_1_1205' title='bbox 515 3425 670 3458; x_wconf 76' lang='lat' dir='ltr'>Generalis</span> <span class='ocrx_word' id='word_1_1206' title='bbox 688 3434 743 3472; x_wconf 80' lang='lat' dir='ltr'>per</span> <span class='ocrx_word' id='word_1_1207' title='bbox 765 3426 931 3458; x_wconf 80' lang='lat' dir='ltr'>Dominum</span> <span class='ocrx_word' id='word_1_1208' title='bbox 953 3427 1072 3473; x_wconf 70' lang='lat' dir='ltr'>Regem.</span> 
     </span>
    </p>
   </div>
   <div class='ocr_carea' id='block_1_28' title="bbox 27 3512 1237 4167">
    <p class='ocr_par' dir='ltr' id='par_1_38' title="bbox 27 3512 1237 4167">
     <span class='ocr_line' id='line_1_133' title="bbox 368 3512 834 3544; baseline 0 0"><span class='ocrx_word' id='word_1_1209' title='bbox 368 3514 448 3544; x_wconf 91' lang='lat' dir='ltr'>nibus</span> <span class='ocrx_word' id='word_1_1210' title='bbox 463 3512 496 3544; x_wconf 89' lang='lat' dir='ltr'>ad</span> <span class='ocrx_word' id='word_1_1211' title='bbox 531 3523 582 3543; x_wconf 93' lang='lat' dir='ltr'>uos</span> <span class='ocrx_word' id='word_1_1212' title='bbox 653 3523 679 3543; x_wconf 91' lang='lat' dir='ltr'>c.</span> <span class='ocrx_word' id='word_1_1213' title='bbox 697 3512 834 3544; x_wconf 89' lang='lat' dir='ltr'>Salutem.</span> 
     </span>
     <span class='ocr_line' id='line_1_134' title="bbox 27 3514 1230 3599; baseline -0.001 -14"><span class='ocrx_word' id='word_1_1214' title='bbox 27 3521 152 3599; x_wconf 34' lang='lat'>{233⁵</span> <span class='ocrx_word' id='word_1_1215' title='bbox 173 3515 368 3586; x_wconf 55' lang='lat' dir='ltr'>RE}Cic;{nis</span> <span class='ocrx_word' id='word_1_1216' title='bbox 379 3552 460 3591; x_wconf 83' lang='lat' dir='ltr'>quod</span> <span class='ocrx_word' id='word_1_1217' title='bbox 486 3523 573 3589; x_wconf 68' lang='lat' dir='ltr'>Nqos,</span> <span class='ocrx_word' id='word_1_1218' title='bbox 592 3514 652 3583; x_wconf 60' lang='grc' dir='ltr'>Ἃ(1εᾶ</span> <span class='ocrx_word' id='word_1_1219' title='bbox 659 3551 762 3582; x_wconf 88' lang='lat' dir='ltr'>Gratia</span> <span class='ocrx_word' id='word_1_1220' title='bbox 784 3551 876 3582; x_wconf 84' lang='lat' dir='ltr'>nostra</span> <span class='ocrx_word' id='word_1_1221' title='bbox 893 3552 1003 3590; x_wconf 87' lang='lat' dir='ltr'>speciali</span> <span class='ocrx_word' id='word_1_1222' title='bbox 1020 3576 1030 3591; x_wconf 93' lang='lat'>‚</span> <span class='ocrx_word' id='word_1_1223' title='bbox 1047 3563 1081 3584; x_wconf 90' lang='lat' dir='ltr'>ac</span> <span class='ocrx_word' id='word_1_1224' title='bbox 1102 3563 1137 3584; x_wconf 84' lang='lat' dir='ltr'>ex</span> <span class='ocrx_word' id='word_1_1225' title='bbox 1154 3562 1230 3585; x_wconf 87' lang='lat' dir='ltr'>certa</span> 
     </span>
     <span class='ocr_line' id='line_1_135' title="bbox 126 3590 1231 3631; baseline -0.004 -4"><span class='ocrx_word' id='word_1_1226' title='bbox 126 3621 132 3627; x_wconf 90' lang='lat'>.</span> <span class='ocrx_word' id='word_1_1227' title='bbox 173 3594 296 3625; x_wconf 78' lang='lat' dir='ltr'>Scientia</span> <span class='ocrx_word' id='word_1_1228' title='bbox 312 3596 344 3624; x_wconf 69' lang='grc' dir='ltr'>ὃς</span> <span class='ocrx_word' id='word_1_1229' title='bbox 360 3601 440 3622; x_wconf 87' lang='lat' dir='ltr'>mero</span> <span class='ocrx_word' id='word_1_1230' title='bbox 459 3590 546 3620; x_wconf 86' lang='lat' dir='ltr'>Motu</span> <span class='ocrx_word' id='word_1_1231' title='bbox 557 3591 678 3628; x_wconf 87' lang='lat' dir='ltr'>nostris,</span> <span class='ocrx_word' id='word_1_1232' title='bbox 705 3591 739 3621; x_wconf 92' lang='lat'>&amp;</span> <span class='ocrx_word' id='word_1_1233' title='bbox 761 3599 814 3628; x_wconf 89' lang='lat' dir='ltr'>pro</span> <span class='ocrx_word' id='word_1_1234' title='bbox 835 3591 946 3621; x_wconf 87' lang='lat' dir='ltr'>Amore</span> <span class='ocrx_word' id='word_1_1235' title='bbox 966 3591 1015 3621; x_wconf 88' lang='lat' dir='ltr'>illo</span> <span class='ocrx_word' id='word_1_1236' title='bbox 1031 3600 1153 3631; x_wconf 84' lang='lat' dir='ltr'>magno,</span> <span class='ocrx_word' id='word_1_1237' title='bbox 1172 3603 1231 3630; x_wconf 84' lang='lat' dir='ltr'>quo</span> 
     </span>
     <span class='ocr_line' id='line_1_136' title="bbox 73 3628 1230 3669; baseline -0.001 -8"><span class='ocrx_word' id='word_1_1238' title='bbox 73 3650 81 3661; x_wconf 56' lang='lat' dir='ltr'><strong><em>s</em></strong></span> <span class='ocrx_word' id='word_1_1239' title='bbox 134 3660 140 3666; x_wconf 81' lang='grc'>,</span> <span class='ocrx_word' id='word_1_1240' title='bbox 176 3633 269 3663; x_wconf 85' lang='lat' dir='ltr'>fideles</span> <span class='ocrx_word' id='word_1_1241' title='bbox 284 3631 394 3662; x_wconf 85' lang='lat' dir='ltr'>nostros</span> <span class='ocrx_word' id='word_1_1242' title='bbox 411 3629 564 3667; x_wconf 86' lang='lat' dir='ltr'>Subditos,</span> <span class='ocrx_word' id='word_1_1243' title='bbox 580 3630 679 3659; x_wconf 77' lang='lat' dir='ltr'>intime</span> <span class='ocrx_word' id='word_1_1244' title='bbox 694 3628 727 3658; x_wconf 92' lang='lat' dir='ltr'>ad</span> <span class='ocrx_word' id='word_1_1245' title='bbox 746 3637 835 3658; x_wconf 89' lang='lat' dir='ltr'>unum</span> <span class='ocrx_word' id='word_1_1246' title='bbox 851 3650 860 3665; x_wconf 86' lang='lat'>,</span> <span class='ocrx_word' id='word_1_1247' title='bbox 887 3639 989 3659; x_wconf 88' lang='lat' dir='ltr'>omnes</span> <span class='ocrx_word' id='word_1_1248' title='bbox 1013 3631 1230 3669; x_wconf 80' lang='lat' dir='ltr'>prolequimur,</span> 
     </span>
     <span class='ocr_line' id='line_1_137' title="bbox 175 3666 1232 3708; baseline -0.001 -7"><span class='ocrx_word' id='word_1_1249' title='bbox 175 3673 318 3708; x_wconf 53' lang='lat' dir='ltr'>praecipue</span> <span class='ocrx_word' id='word_1_1250' title='bbox 332 3668 413 3707; x_wconf 83' lang='lat' dir='ltr'>quod</span> <span class='ocrx_word' id='word_1_1251' title='bbox 429 3669 555 3697; x_wconf 90' lang='lat' dir='ltr'>unanimi</span> <span class='ocrx_word' id='word_1_1252' title='bbox 573 3677 674 3698; x_wconf 86' lang='lat' dir='ltr'>eorum</span> <span class='ocrx_word' id='word_1_1253' title='bbox 696 3666 836 3704; x_wconf 89' lang='lat' dir='ltr'>Applausu</span> <span class='ocrx_word' id='word_1_1254' title='bbox 854 3677 886 3697; x_wconf 87' lang='lat' dir='ltr'>ac</span> <span class='ocrx_word' id='word_1_1255' title='bbox 908 3668 1146 3706; x_wconf 83' lang='lat' dir='ltr'>Acclamatione,</span> <span class='ocrx_word' id='word_1_1256' title='bbox 1163 3679 1232 3708; x_wconf 86' lang='lat' dir='ltr'>qua-</span> 
     </span>
     <span class='ocr_line' id='line_1_138' title="bbox 177 3706 1232 3744; baseline -0.001 -5"><span class='ocrx_word' id='word_1_1257' title='bbox 177 3712 232 3739; x_wconf 83' lang='lat' dir='ltr'>lern</span> <span class='ocrx_word' id='word_1_1258' title='bbox 246 3719 299 3740; x_wconf 90' lang='lat' dir='ltr'>nec</span> <span class='ocrx_word' id='word_1_1259' title='bbox 316 3708 387 3738; x_wconf 90' lang='lat' dir='ltr'>vidit</span> <span class='ocrx_word' id='word_1_1260' title='bbox 402 3708 463 3744; x_wconf 81' lang='lat' dir='ltr'>quis</span> <span class='ocrx_word' id='word_1_1261' title='bbox 479 3716 532 3737; x_wconf 88' lang='lat' dir='ltr'>nec</span> <span class='ocrx_word' id='word_1_1262' title='bbox 547 3706 654 3736; x_wconf 87' lang='lat' dir='ltr'>audivit</span> <span class='ocrx_word' id='word_1_1263' title='bbox 673 3706 849 3742; x_wconf 82' lang='lat' dir='ltr'>temporibus</span> <span class='ocrx_word' id='word_1_1264' title='bbox 867 3706 1027 3743; x_wconf 63' lang='lat' dir='ltr'>retroadtis,</span> <span class='ocrx_word' id='word_1_1265' title='bbox 1052 3707 1137 3744; x_wconf 87' lang='lat' dir='ltr'>Nos,</span> <span class='ocrx_word' id='word_1_1266' title='bbox 1158 3708 1232 3738; x_wconf 87' lang='lat' dir='ltr'>divi-</span> 
     </span>
     <span class='ocr_line' id='line_1_139' title="bbox 178 3743 1233 3785; baseline -0.003 -7"><span class='ocrx_word' id='word_1_1267' title='bbox 178 3747 214 3778; x_wconf 77' lang='lat' dir='ltr'>ua</span> <span class='ocrx_word' id='word_1_1268' title='bbox 230 3745 432 3782; x_wconf 73' lang='lat' dir='ltr'>Providentia,</span> <span class='ocrx_word' id='word_1_1269' title='bbox 448 3745 514 3782; x_wconf 87' lang='lat' dir='ltr'>Jure</span> <span class='ocrx_word' id='word_1_1270' title='bbox 532 3744 632 3774; x_wconf 87' lang='lat' dir='ltr'>nostro</span> <span class='ocrx_word' id='word_1_1271' title='bbox 650 3744 846 3780; x_wconf 66' lang='lat' dir='ltr'>haereditario,</span> <span class='ocrx_word' id='word_1_1272' title='bbox 863 3753 895 3773; x_wconf 83' lang='lat' dir='ltr'>ac</span> <span class='ocrx_word' id='word_1_1273' title='bbox 915 3743 1101 3775; x_wconf 79' lang='lat' dir='ltr'>Successione</span> <span class='ocrx_word' id='word_1_1274' title='bbox 1128 3747 1233 3785; x_wconf 87' lang='lat' dir='ltr'>legitti-</span> 
     </span>
     <span class='ocr_line' id='line_1_140' title="bbox 179 3781 1232 3823; baseline -0.001 -8"><span class='ocrx_word' id='word_1_1275' title='bbox 179 3795 239 3823; x_wconf 88' lang='lat' dir='ltr'>ma,</span> <span class='ocrx_word' id='word_1_1276' title='bbox 256 3785 412 3822; x_wconf 81' lang='lat' dir='ltr'>Imperium</span> <span class='ocrx_word' id='word_1_1277' title='bbox 430 3784 516 3823; x_wconf 75' lang='lat' dir='ltr'>hujus</span> <span class='ocrx_word' id='word_1_1278' title='bbox 542 3783 640 3822; x_wconf 81' lang='lat' dir='ltr'>Regni</span> <span class='ocrx_word' id='word_1_1279' title='bbox 660 3782 790 3821; x_wconf 78' lang='lat' dir='ltr'>auspicati</span> <span class='ocrx_word' id='word_1_1280' title='bbox 811 3781 923 3818; x_wconf 75' lang='lat' dir='ltr'>sumuS,</span> <span class='ocrx_word' id='word_1_1281' title='bbox 952 3792 1000 3819; x_wconf 88' lang='lat' dir='ltr'>per</span> <span class='ocrx_word' id='word_1_1282' title='bbox 1029 3785 1232 3814; x_wconf 87' lang='lat' dir='ltr'>avisamentum</span> 
     </span>
     <span class='ocr_line' id='line_1_141' title="bbox 181 3820 1234 3860; baseline 0.002 -9"><span class='ocrx_word' id='word_1_1283' title='bbox 181 3823 305 3854; x_wconf 88' lang='lat' dir='ltr'>Concilii</span> <span class='ocrx_word' id='word_1_1284' title='bbox 325 3823 430 3860; x_wconf 78' lang='lat' dir='ltr'>nostri,</span> <span class='ocrx_word' id='word_1_1285' title='bbox 450 3822 672 3860; x_wconf 85' lang='lat' dir='ltr'>pardonavimus</span> <span class='ocrx_word' id='word_1_1286' title='bbox 689 3820 844 3851; x_wconf 76' lang='lat' dir='ltr'>remisimus</span> <span class='ocrx_word' id='word_1_1287' title='bbox 864 3821 896 3850; x_wconf 92' lang='lat'>&amp;</span> <span class='ocrx_word' id='word_1_1288' title='bbox 922 3821 1121 3860; x_wconf 76' lang='lat' dir='ltr'>relaxavimus,</span> <span class='ocrx_word' id='word_1_1289' title='bbox 1138 3832 1171 3852; x_wconf 92' lang='lat' dir='ltr'>ac</span> <span class='ocrx_word' id='word_1_1290' title='bbox 1185 3833 1234 3860; x_wconf 91' lang='lat' dir='ltr'>per</span> 
     </span>
     <span class='ocr_line' id='line_1_142' title="bbox 181 3858 1232 3896; baseline 0.001 -7"><span class='ocrx_word' id='word_1_1291' title='bbox 181 3861 328 3892; x_wconf 64' lang='lat' dir='ltr'>presentes</span> <span class='ocrx_word' id='word_1_1292' title='bbox 341 3863 528 3896; x_wconf 87' lang='lat' dir='ltr'>pardonamus</span> <span class='ocrx_word' id='word_1_1293' title='bbox 543 3861 713 3891; x_wconf 84' lang='lat' dir='ltr'>remittimus</span> <span class='ocrx_word' id='word_1_1294' title='bbox 739 3860 772 3890; x_wconf 91' lang='lat'>&amp;</span> <span class='ocrx_word' id='word_1_1295' title='bbox 793 3858 962 3895; x_wconf 85' lang='lat' dir='ltr'>relaxamus,</span> <span class='ocrx_word' id='word_1_1296' title='bbox 983 3862 1024 3888; x_wconf 85' lang='lat' dir='ltr'>A.</span> <span class='ocrx_word' id='word_1_1297' title='bbox 1042 3862 1078 3890; x_wconf 88' lang='lat' dir='ltr'>B.</span> <span class='ocrx_word' id='word_1_1298' title='bbox 1097 3861 1132 3890; x_wconf 89' lang='lat' dir='ltr'>de</span> <span class='ocrx_word' id='word_1_1299' title='bbox 1152 3864 1181 3889; x_wconf 80' lang='lat' dir='ltr'>C.</span> <span class='ocrx_word' id='word_1_1300' title='bbox 1201 3865 1232 3891; x_wconf 83' lang='lat' dir='ltr'>in</span> 
     </span>
     <span class='ocr_line' id='line_1_143' title="bbox 97 3897 1235 3936; baseline -0.001 -6"><span class='ocrx_word' id='word_1_1301' title='bbox 97 3920 105 3930; x_wconf 50' lang='grc' dir='ltr'><strong>η</strong></span> <span class='ocrx_word' id='word_1_1302' title='bbox 126 3918 135 3930; x_wconf 65' lang='lat'>›‹</span> <span class='ocrx_word' id='word_1_1303' title='bbox 183 3903 242 3927; x_wconf 45' lang='lat' dir='ltr'>sssom</span> <span class='ocrx_word' id='word_1_1304' title='bbox 271 3902 309 3929; x_wconf 90' lang='lat' dir='ltr'>D.</span> <span class='ocrx_word' id='word_1_1305' title='bbox 326 3899 493 3936; x_wconf 80' lang='lat' dir='ltr'>Generoso‚</span> <span class='ocrx_word' id='word_1_1306' title='bbox 510 3899 571 3928; x_wconf 78' lang='lat' dir='ltr'>alias</span> <span class='ocrx_word' id='word_1_1307' title='bbox 589 3899 658 3929; x_wconf 66' lang='lat' dir='ltr'>diet’</span> <span class='ocrx_word' id='word_1_1308' title='bbox 673 3899 734 3929; x_wconf 87' lang='lat' dir='ltr'>&amp;c.</span> <span class='ocrx_word' id='word_1_1309' title='bbox 751 3897 795 3928; x_wconf 93' lang='lat' dir='ltr'>seu</span> <span class='ocrx_word' id='word_1_1310' title='bbox 816 3897 833 3914; x_wconf 67' lang='lat'><strong><em>⁴</em></strong></span> <span class='ocrx_word' id='word_1_1311' title='bbox 853 3906 1036 3935; x_wconf 80' lang='lat' dir='ltr'>quocumque</span> <span class='ocrx_word' id='word_1_1312' title='bbox 1053 3899 1107 3928; x_wconf 89' lang='lat' dir='ltr'>alio</span> <span class='ocrx_word' id='word_1_1313' title='bbox 1122 3898 1235 3929; x_wconf 91' lang='lat' dir='ltr'>Nomi—</span> 
     </span>
     <span class='ocr_line' id='line_1_144' title="bbox 134 3933 1231 3976; baseline 0.002 -12"><span class='ocrx_word' id='word_1_1314' title='bbox 134 3941 136 3943; x_wconf 77' lang='grc'><strong>’</strong></span> <span class='ocrx_word' id='word_1_1315' title='bbox 188 3947 220 3965; x_wconf 55' lang='lat' dir='ltr'>rs:</span> <span class='ocrx_word' id='word_1_1316' title='bbox 240 3939 281 3964; x_wconf 75' lang='lat' dir='ltr'>vel</span> <span class='ocrx_word' id='word_1_1317' title='bbox 305 3937 493 3976; x_wconf 81' lang='lat' dir='ltr'>Cognomine</span> <span class='ocrx_word' id='word_1_1318' title='bbox 521 3937 576 3967; x_wconf 89' lang='lat' dir='ltr'>five</span> <span class='ocrx_word' id='word_1_1319' title='bbox 603 3937 759 3967; x_wconf 89' lang='lat' dir='ltr'>Additione</span> <span class='ocrx_word' id='word_1_1320' title='bbox 785 3933 927 3964; x_wconf 83' lang='lat' dir='ltr'>Nominis</span> <span class='ocrx_word' id='word_1_1321' title='bbox 955 3936 999 3965; x_wconf 92' lang='lat' dir='ltr'>vel</span> <span class='ocrx_word' id='word_1_1322' title='bbox 1021 3935 1231 3975; x_wconf 84' lang='lat' dir='ltr'>Cognominis‚</span> 
     </span>
     <span class='ocr_line' id='line_1_145' title="bbox 189 3972 1236 4006; baseline 0.002 -3"><span class='ocrx_word' id='word_1_1323' title='bbox 189 3975 340 4004; x_wconf 39' lang='lat' dir='ltr'>tvvansstatis</span> <span class='ocrx_word' id='word_1_1324' title='bbox 356 3975 455 4005; x_wconf 85' lang='lat' dir='ltr'>Officii</span> <span class='ocrx_word' id='word_1_1325' title='bbox 474 3975 519 4006; x_wconf 87' lang='lat' dir='ltr'>seu</span> <span class='ocrx_word' id='word_1_1326' title='bbox 548 3976 623 4006; x_wconf 91' lang='lat' dir='ltr'>Loci</span> <span class='ocrx_word' id='word_1_1327' title='bbox 647 3975 727 4005; x_wconf 87' lang='lat' dir='ltr'>idem</span> <span class='ocrx_word' id='word_1_1328' title='bbox 750 3976 793 4004; x_wconf 90' lang='lat' dir='ltr'>A.</span> <span class='ocrx_word' id='word_1_1329' title='bbox 821 3975 855 4002; x_wconf 92' lang='grc' dir='ltr'>Β.</span> <span class='ocrx_word' id='word_1_1330' title='bbox 879 3972 1020 4004; x_wconf 86' lang='lat' dir='ltr'>censeatur</span> <span class='ocrx_word' id='word_1_1331' title='bbox 1039 3983 1158 4006; x_wconf 89' lang='lat' dir='ltr'>vocetur</span> <span class='ocrx_word' id='word_1_1332' title='bbox 1179 3975 1236 4006; x_wconf 83' lang='lat' dir='ltr'>five</span> 
     </span>
     <span class='ocr_line' id='line_1_146' title="bbox 188 4011 1235 4054; baseline 0.005 -15"><span class='ocrx_word' id='word_1_1333' title='bbox 188 4024 199 4039; x_wconf 42' lang='grc' dir='ltr'><strong>ἡ</strong></span> <span class='ocrx_word' id='word_1_1334' title='bbox 215 4025 227 4040; x_wconf 64' lang='grc' dir='ltr'>ε·</span> <span class='ocrx_word' id='word_1_1335' title='bbox 245 4021 380 4050; x_wconf 46' lang='grc' dir='ltr'>,αρεωῃ</span> <span class='ocrx_word' id='word_1_1336' title='bbox 395 4023 440 4044; x_wconf 89' lang='lat' dir='ltr'>aut</span> <span class='ocrx_word' id='word_1_1337' title='bbox 459 4024 546 4050; x_wconf 85' lang='lat' dir='ltr'>nuper</span> <span class='ocrx_word' id='word_1_1338' title='bbox 563 4013 723 4044; x_wconf 83' lang='lat' dir='ltr'>censebatur</span> <span class='ocrx_word' id='word_1_1339' title='bbox 748 4013 902 4054; x_wconf 78' lang='lat' dir='ltr'>vocabatur</span> <span class='ocrx_word' id='word_1_1340' title='bbox 923 4011 978 4041; x_wconf 85' lang='lat' dir='ltr'>five</span> <span class='ocrx_word' id='word_1_1341' title='bbox 1003 4015 1235 4051; x_wconf 83' lang='lat' dir='ltr'>nuncupabatur,</span> 
     </span>
     <span class='ocr_line' id='line_1_147' title="bbox 180 4050 1235 4090; baseline 0.002 -11"><span class='ocrx_word' id='word_1_1342' title='bbox 180 4069 185 4073; x_wconf 34' lang='grc' dir='ltr'>η</span> <span class='ocrx_word' id='word_1_1343' title='bbox 198 4062 279 4079; x_wconf 40' lang='lat' dir='ltr'>mlv*</span> <span class='ocrx_word' id='word_1_1344' title='bbox 302 4051 334 4080; x_wconf 89' lang='lat'>&amp;</span> <span class='ocrx_word' id='word_1_1345' title='bbox 354 4050 469 4090; x_wconf 81' lang='lat' dir='ltr'>fingulas</span> <span class='ocrx_word' id='word_1_1346' title='bbox 486 4052 685 4090; x_wconf 86' lang='lat' dir='ltr'>Proditiones,</span> <span class='ocrx_word' id='word_1_1347' title='bbox 704 4060 761 4081; x_wconf 86' lang='lat' dir='ltr'>tam</span> <span class='ocrx_word' id='word_1_1348' title='bbox 790 4059 909 4088; x_wconf 80' lang='lat' dir='ltr'>majores</span> <span class='ocrx_word' id='word_1_1349' title='bbox 935 4051 1020 4087; x_wconf 64' lang='lat' dir='ltr'>quam</span> <span class='ocrx_word' id='word_1_1350' title='bbox 1040 4053 1184 4089; x_wconf 85' lang='lat' dir='ltr'>minores,</span> <span class='ocrx_word' id='word_1_1351' title='bbox 1200 4062 1235 4082; x_wconf 88' lang='lat' dir='ltr'>ac</span> 
     </span>
     <span class='ocr_line' id='line_1_148' title="bbox 181 4088 1236 4130; baseline 0.002 -12"><span class='ocrx_word' id='word_1_1352' title='bbox 181 4093 198 4129; x_wconf 21' lang='lat' dir='ltr'>‘V</span> <span class='ocrx_word' id='word_1_1353' title='bbox 213 4100 253 4118; x_wconf 45' lang='lat' dir='ltr'>:nn</span> <span class='ocrx_word' id='word_1_1354' title='bbox 267 4091 307 4117; x_wconf 72' lang='lat' dir='ltr'>i-za</span> <span class='ocrx_word' id='word_1_1355' title='bbox 325 4088 408 4118; x_wconf 70' lang='lat' dir='ltr'>Lael&#39;ae</span> <span class='ocrx_word' id='word_1_1356' title='bbox 428 4089 581 4127; x_wconf 80' lang='lat' dir='ltr'>Majestatis</span> <span class='ocrx_word' id='word_1_1357' title='bbox 593 4114 601 4127; x_wconf 85' lang='lat'>,</span> <span class='ocrx_word' id='word_1_1358' title='bbox 624 4100 741 4121; x_wconf 88' lang='lat' dir='ltr'>necnon</span> <span class='ocrx_word' id='word_1_1359' title='bbox 768 4088 949 4130; x_wconf 74' lang='lat' dir='ltr'>Rebelliones</span> <span class='ocrx_word' id='word_1_1360' title='bbox 969 4088 1184 4120; x_wconf 63' lang='lat' dir='ltr'>insurrectiones</span> <span class='ocrx_word' id='word_1_1361' title='bbox 1203 4092 1236 4121; x_wconf 88' lang='lat'>&amp;</span> 
     </span>
     <span class='ocr_line' id='line_1_149' title="bbox 177 4127 1237 4167; baseline -0.001 -7"><span class='ocrx_word' id='word_1_1362' title='bbox 177 4129 422 4165; x_wconf 55' lang='lat' dir='ltr'>⁴24‹;:·.l;1:·22uones,</span> <span class='ocrx_word' id='word_1_1363' title='bbox 437 4137 470 4159; x_wconf 79' lang='lat' dir='ltr'>ac</span> <span class='ocrx_word' id='word_1_1364' title='bbox 486 4127 679 4167; x_wconf 84' lang='lat' dir='ltr'>Misptiliones</span> <span class='ocrx_word' id='word_1_1365' title='bbox 696 4129 830 4160; x_wconf 86' lang='lat' dir='ltr'>omnium</span> <span class='ocrx_word' id='word_1_1366' title='bbox 844 4127 1056 4167; x_wconf 67' lang='lat' dir='ltr'>&amp;lingularum</span> <span class='ocrx_word' id='word_1_1367' title='bbox 1070 4128 1237 4160; x_wconf 83' lang='lat' dir='ltr'>earumdem</span> 
     </span>
    </p>
   </div>
   <div class='ocr_carea' id='block_1_29' title="bbox 1268 3433 2340 4201">
    <p class='ocr_par' dir='ltr' id='par_1_39' title="bbox 1268 3433 2328 3510">
     <span class='ocr_line' id='line_1_150' title="bbox 1268 3433 2328 3478; baseline -0.004 -9"><span class='ocrx_word' id='word_1_1368' title='bbox 1268 3438 1468 3470; x_wconf 87' lang='lat' dir='ltr'>Proditionum</span> <span class='ocrx_word' id='word_1_1369' title='bbox 1485 3436 1518 3467; x_wconf 87' lang='lat'>&amp;</span> <span class='ocrx_word' id='word_1_1370' title='bbox 1533 3434 1699 3478; x_wconf 81' lang='lat' dir='ltr'>Criminum</span> <span class='ocrx_word' id='word_1_1371' title='bbox 1718 3435 1806 3466; x_wconf 82' lang='lat' dir='ltr'>Laesae</span> <span class='ocrx_word' id='word_1_1372' title='bbox 1819 3434 1990 3473; x_wconf 75' lang='lat' dir='ltr'>Majestaris,</span> <span class='ocrx_word' id='word_1_1373' title='bbox 2005 3442 2067 3465; x_wconf 76' lang='lat' dir='ltr'>ante</span> <span class='ocrx_word' id='word_1_1374' title='bbox 2082 3433 2231 3475; x_wconf 65' lang='lat' dir='ltr'>vicesimum</span> <span class='ocrx_word' id='word_1_1375' title='bbox 2247 3438 2328 3465; x_wconf 84' lang='lat' dir='ltr'>Diem</span> 
     </span>
     <span class='ocr_line' id='line_1_151' title="bbox 1270 3476 1696 3510; baseline -0.014 -2"><span class='ocrx_word' id='word_1_1376' title='bbox 1270 3480 1372 3509; x_wconf 86' lang='lat' dir='ltr'>Martii</span> <span class='ocrx_word' id='word_1_1377' title='bbox 1389 3476 1492 3506; x_wconf 80' lang='lat' dir='ltr'>ultimo</span> <span class='ocrx_word' id='word_1_1378' title='bbox 1508 3482 1696 3510; x_wconf 74' lang='lat' dir='ltr'>praeteritum:</span> 
     </span>
    </p>

    <p class='ocr_par' dir='ltr' id='par_1_40' title="bbox 1268 3510 2331 3738">
     <span class='ocr_line' id='line_1_152' title="bbox 1308 3510 2328 3550; baseline -0.004 -4"><span class='ocrx_word' id='word_1_1379' title='bbox 1308 3516 1352 3546; x_wconf 85' lang='lat' dir='ltr'>Ac</span> <span class='ocrx_word' id='word_1_1380' title='bbox 1369 3515 1455 3544; x_wconf 87' lang='lat' dir='ltr'>etiam</span> <span class='ocrx_word' id='word_1_1381' title='bbox 1469 3513 1566 3542; x_wconf 86' lang='lat' dir='ltr'>omnia</span> <span class='ocrx_word' id='word_1_1382' title='bbox 1580 3512 1613 3540; x_wconf 89' lang='lat'>&amp;</span> <span class='ocrx_word' id='word_1_1383' title='bbox 1627 3510 1799 3541; x_wconf 87' lang='lat' dir='ltr'>omnimoda</span> <span class='ocrx_word' id='word_1_1384' title='bbox 1816 3511 1998 3549; x_wconf 85' lang='lat' dir='ltr'>Homicidia,</span> <span class='ocrx_word' id='word_1_1385' title='bbox 2017 3510 2158 3549; x_wconf 84' lang='lat' dir='ltr'>Felonias,</span> <span class='ocrx_word' id='word_1_1386' title='bbox 2176 3510 2328 3550; x_wconf 87' lang='lat' dir='ltr'>Roberias‚</span> 
     </span>
     <span class='ocr_line' id='line_1_153' title="bbox 1268 3549 2328 3589; baseline -0.004 -4"><span class='ocrx_word' id='word_1_1387' title='bbox 1268 3555 1302 3585; x_wconf 91' lang='lat'>&amp;</span> <span class='ocrx_word' id='word_1_1388' title='bbox 1316 3553 1458 3584; x_wconf 71' lang='lat' dir='ltr'>Accesiar.</span> <span class='ocrx_word' id='word_1_1389' title='bbox 1478 3549 1658 3586; x_wconf 86' lang='lat' dir='ltr'>earumdem,</span> <span class='ocrx_word' id='word_1_1390' title='bbox 1677 3559 1710 3578; x_wconf 91' lang='lat' dir='ltr'>ac</span> <span class='ocrx_word' id='word_1_1391' title='bbox 1725 3550 1811 3579; x_wconf 84' lang='lat' dir='ltr'>etiam</span> <span class='ocrx_word' id='word_1_1392' title='bbox 1837 3551 1936 3579; x_wconf 88' lang='lat' dir='ltr'>omnia</span> <span class='ocrx_word' id='word_1_1393' title='bbox 1966 3550 1998 3580; x_wconf 85' lang='lat'>&amp;</span> <span class='ocrx_word' id='word_1_1394' title='bbox 2021 3550 2190 3580; x_wconf 84' lang='lat' dir='ltr'>omnimoda</span> <span class='ocrx_word' id='word_1_1395' title='bbox 2212 3549 2328 3589; x_wconf 79' lang='lat' dir='ltr'>Escapia</span> 
     </span>
     <span class='ocr_line' id='line_1_154' title="bbox 1270 3587 2328 3628; baseline -0.005 -4"><span class='ocrx_word' id='word_1_1396' title='bbox 1270 3595 1302 3624; x_wconf 72' lang='grc' dir='ltr'>ὃ(</span> <span class='ocrx_word' id='word_1_1397' title='bbox 1320 3592 1489 3627; x_wconf 84' lang='lat' dir='ltr'>Evafiones,</span> <span class='ocrx_word' id='word_1_1398' title='bbox 1504 3596 1563 3617; x_wconf 88' lang='lat' dir='ltr'>tam</span> <span class='ocrx_word' id='word_1_1399' title='bbox 1580 3588 1736 3617; x_wconf 89' lang='lat' dir='ltr'>voluntaria</span> <span class='ocrx_word' id='word_1_1400' title='bbox 1753 3589 1839 3624; x_wconf 66' lang='lat' dir='ltr'>quam</span> <span class='ocrx_word' id='word_1_1401' title='bbox 1855 3597 1912 3616; x_wconf 90' lang='lat' dir='ltr'>non</span> <span class='ocrx_word' id='word_1_1402' title='bbox 1928 3587 2101 3625; x_wconf 83' lang='lat' dir='ltr'>voluntaria,</span> <span class='ocrx_word' id='word_1_1403' title='bbox 2119 3598 2152 3618; x_wconf 87' lang='lat' dir='ltr'>ac</span> <span class='ocrx_word' id='word_1_1404' title='bbox 2170 3588 2328 3628; x_wconf 78' lang='lat' dir='ltr'>Negligen-</span> 
     </span>
     <span class='ocr_line' id='line_1_155' title="bbox 1271 3624 2328 3668; baseline -0.003 -7"><span class='ocrx_word' id='word_1_1405' title='bbox 1271 3632 1342 3668; x_wconf 89' lang='lat' dir='ltr'>tias,</span> <span class='ocrx_word' id='word_1_1406' title='bbox 1361 3635 1610 3668; x_wconf 80' lang='lat' dir='ltr'>quorumcumque</span> <span class='ocrx_word' id='word_1_1407' title='bbox 1643 3624 1825 3654; x_wconf 87' lang='lat' dir='ltr'>Proditorum</span> <span class='ocrx_word' id='word_1_1408' title='bbox 1842 3647 1852 3661; x_wconf 73' lang='lat'>‚</span> <span class='ocrx_word' id='word_1_1409' title='bbox 1879 3624 2096 3655; x_wconf 77' lang='lat' dir='ltr'>Murdratorum</span> <span class='ocrx_word' id='word_1_1410' title='bbox 2117 3648 2126 3664; x_wconf 92' lang='lat'>,</span> <span class='ocrx_word' id='word_1_1411' title='bbox 2154 3626 2328 3659; x_wconf 83' lang='lat' dir='ltr'>Homicida-</span> 
     </span>
     <span class='ocr_line' id='line_1_156' title="bbox 1272 3663 2331 3705; baseline -0.008 -6"><span class='ocrx_word' id='word_1_1412' title='bbox 1272 3680 1355 3705; x_wconf 87' lang='lat' dir='ltr'>rum,</span> <span class='ocrx_word' id='word_1_1413' title='bbox 1374 3668 1407 3698; x_wconf 90' lang='lat'>&amp;</span> <span class='ocrx_word' id='word_1_1414' title='bbox 1423 3667 1581 3701; x_wconf 86' lang='lat' dir='ltr'>Felonum‚</span> <span class='ocrx_word' id='word_1_1415' title='bbox 1605 3672 1651 3693; x_wconf 91' lang='lat' dir='ltr'>aut</span> <span class='ocrx_word' id='word_1_1416' title='bbox 1675 3663 1905 3694; x_wconf 81' lang='lat' dir='ltr'>Accessariorum</span> <span class='ocrx_word' id='word_1_1417' title='bbox 1931 3672 1976 3693; x_wconf 83' lang='lat' dir='ltr'>aut</span> <span class='ocrx_word' id='word_1_1418' title='bbox 2001 3663 2191 3701; x_wconf 59' lang='lat' dir='ltr'>suspectorum</span> <span class='ocrx_word' id='word_1_1419' title='bbox 2215 3676 2331 3698; x_wconf 82' lang='lat' dir='ltr'>eorum-</span> 
     </span>
     <span class='ocr_line' id='line_1_157' title="bbox 1271 3708 1356 3738; baseline -0.035 0"><span class='ocrx_word' id='word_1_1420' title='bbox 1271 3708 1356 3738; x_wconf 87' lang='lat' dir='ltr'>dem:</span> 
     </span>
    </p>

    <p class='ocr_par' dir='ltr' id='par_1_41' title="bbox 1272 3738 2334 3938">
     <span class='ocr_line' id='line_1_158' title="bbox 1307 3738 2331 3784; baseline -0.005 -8"><span class='ocrx_word' id='word_1_1421' title='bbox 1307 3746 1437 3776; x_wconf 91' lang='lat' dir='ltr'>Necnon</span> <span class='ocrx_word' id='word_1_1422' title='bbox 1448 3742 1610 3782; x_wconf 84' lang='lat' dir='ltr'>generaliter</span> <span class='ocrx_word' id='word_1_1423' title='bbox 1624 3749 1724 3769; x_wconf 88' lang='lat' dir='ltr'>omnes</span> <span class='ocrx_word' id='word_1_1424' title='bbox 1737 3739 1770 3769; x_wconf 68' lang='grc' dir='ltr'>ὃς</span> <span class='ocrx_word' id='word_1_1425' title='bbox 1784 3738 1969 3782; x_wconf 81' lang='lat' dir='ltr'>omnimodas</span> <span class='ocrx_word' id='word_1_1426' title='bbox 1987 3739 2115 3771; x_wconf 84' lang='lat' dir='ltr'>Felonias</span> <span class='ocrx_word' id='word_1_1427' title='bbox 2130 3742 2331 3784; x_wconf 73' lang='lat' dir='ltr'>quascumque,</span> 
     </span>
     <span class='ocr_line' id='line_1_159' title="bbox 1272 3776 2333 3819; baseline -0.012 -4"><span class='ocrx_word' id='word_1_1428' title='bbox 1272 3794 1331 3816; x_wconf 87' lang='lat' dir='ltr'>tam</span> <span class='ocrx_word' id='word_1_1429' title='bbox 1351 3792 1451 3813; x_wconf 88' lang='lat' dir='ltr'>contra</span> <span class='ocrx_word' id='word_1_1430' title='bbox 1469 3788 1657 3812; x_wconf 86' lang='lat' dir='ltr'>communem</span> <span class='ocrx_word' id='word_1_1431' title='bbox 1674 3777 1782 3814; x_wconf 87' lang='lat' dir='ltr'>Legem</span> <span class='ocrx_word' id='word_1_1432' title='bbox 1800 3776 1896 3819; x_wconf 81' lang='lat' dir='ltr'>Regni</span> <span class='ocrx_word' id='word_1_1433' title='bbox 1917 3777 2002 3807; x_wconf 89' lang='lat' dir='ltr'>nostri</span> <span class='ocrx_word' id='word_1_1434' title='bbox 2019 3778 2063 3808; x_wconf 86' lang='lat' dir='ltr'>An</span> <span class='ocrx_word' id='word_1_1435' title='bbox 2086 3779 2141 3817; x_wconf 80' lang='lat' dir='ltr'>liae,</span> <span class='ocrx_word' id='word_1_1436' title='bbox 2160 3782 2243 3817; x_wconf 72' lang='lat' dir='ltr'>quam</span> <span class='ocrx_word' id='word_1_1437' title='bbox 2261 3792 2333 3813; x_wconf 89' lang='lat' dir='ltr'>con.</span> 
     </span>
     <span class='ocr_line' id='line_1_160' title="bbox 1273 3815 2334 3861; baseline -0.005 -7"><span class='ocrx_word' id='word_1_1438' title='bbox 1273 3832 1312 3854; x_wconf 87' lang='lat' dir='ltr'>tra</span> <span class='ocrx_word' id='word_1_1439' title='bbox 1332 3830 1522 3861; x_wconf 81' lang='lat' dir='ltr'>quaecumque</span> <span class='ocrx_word' id='word_1_1440' title='bbox 1538 3819 1644 3849; x_wconf 73' lang='lat' dir='ltr'>Statura</span> <span class='ocrx_word' id='word_1_1441' title='bbox 1665 3815 2040 3859; x_wconf 33' lang='lat' dir='ltr'>Adius&#39;Ordtnationes-five</span> <span class='ocrx_word' id='word_1_1442' title='bbox 2089 3819 2242 3849; x_wconf 79' lang='lat' dir='ltr'>rovisxones</span> <span class='ocrx_word' id='word_1_1443' title='bbox 2265 3822 2334 3859; x_wconf 81' lang='lat' dir='ltr'>ejus-</span> 
     </span>
     <span class='ocr_line' id='line_1_161' title="bbox 1273 3854 2332 3897; baseline -0.006 -5"><span class='ocrx_word' id='word_1_1444' title='bbox 1273 3863 1340 3892; x_wconf 90' lang='lat' dir='ltr'>dem</span> <span class='ocrx_word' id='word_1_1445' title='bbox 1362 3860 1457 3897; x_wconf 87' lang='lat' dir='ltr'>Regni</span> <span class='ocrx_word' id='word_1_1446' title='bbox 1476 3857 1564 3888; x_wconf 89' lang='lat' dir='ltr'>nostri</span> <span class='ocrx_word' id='word_1_1447' title='bbox 1584 3855 1700 3886; x_wconf 86' lang='lat' dir='ltr'>antehac</span> <span class='ocrx_word' id='word_1_1448' title='bbox 1720 3854 1793 3883; x_wconf 87' lang='lat' dir='ltr'>edita</span> <span class='ocrx_word' id='word_1_1449' title='bbox 1811 3854 1937 3884; x_wconf 80' lang='lat' dir='ltr'>ordinata</span> <span class='ocrx_word' id='word_1_1450' title='bbox 1963 3858 2019 3885; x_wconf 74' lang='lat' dir='ltr'>live</span> <span class='ocrx_word' id='word_1_1451' title='bbox 2041 3857 2151 3894; x_wconf 75' lang='lat' dir='ltr'>provisa</span> <span class='ocrx_word' id='word_1_1452' title='bbox 2168 3857 2212 3888; x_wconf 91' lang='lat' dir='ltr'>seu</span> <span class='ocrx_word' id='word_1_1453' title='bbox 2232 3869 2332 3890; x_wconf 78' lang='lat' dir='ltr'>eorum</span> 
     </span>
     <span class='ocr_line' id='line_1_162' title="bbox 1274 3898 2253 3938; baseline -0.015 -8"><span class='ocrx_word' id='word_1_1454' title='bbox 1274 3898 1405 3937; x_wconf 86' lang='lat' dir='ltr'>alicujus:</span> <span class='ocrx_word' id='word_1_1455' title='bbox 1610 3932 1615 3938; x_wconf 86' lang='lat'>.</span> <span class='ocrx_word' id='word_1_1456' title='bbox 1870 3931 1875 3936; x_wconf 32' lang='grc' dir='ltr'>ι</span> <span class='ocrx_word' id='word_1_1457' title='bbox 2031 3932 2037 3937; x_wconf 27' lang='grc' dir='ltr'><strong><em>υ</em></strong></span> <span class='ocrx_word' id='word_1_1458' title='bbox 2251 3917 2253 3920; x_wconf 57' lang='grc'>,</span> 
     </span>
    </p>

    <p class='ocr_par' dir='ltr' id='par_1_42' title="bbox 1275 3929 2334 4053">
     <span class='ocr_line' id='line_1_163' title="bbox 1314 3929 2332 3973; baseline -0.003 -6"><span class='ocrx_word' id='word_1_1459' title='bbox 1314 3938 1359 3968; x_wconf 86' lang='lat' dir='ltr'>Ac</span> <span class='ocrx_word' id='word_1_1460' title='bbox 1374 3945 1476 3966; x_wconf 87' lang='lat' dir='ltr'>omnes</span> <span class='ocrx_word' id='word_1_1461' title='bbox 1490 3935 1522 3966; x_wconf 72' lang='grc' dir='ltr'>δε</span> <span class='ocrx_word' id='word_1_1462' title='bbox 1537 3932 1722 3963; x_wconf 80' lang='lat' dir='ltr'>omnimodos</span> <span class='ocrx_word' id='word_1_1463' title='bbox 1737 3929 1909 3960; x_wconf 72' lang='lat' dir='ltr'>Acceffanos</span> <span class='ocrx_word' id='word_1_1464' title='bbox 1925 3929 2049 3969; x_wconf 71' lang='lat' dir='ltr'>Murdu,</span> <span class='ocrx_word' id='word_1_1465' title='bbox 2072 3930 2251 3965; x_wconf 67' lang='lat' dir='ltr'>Homicidiae</span> <span class='ocrx_word' id='word_1_1466' title='bbox 2271 3959 2280 3973; x_wconf 85' lang='lat'>,</span> <span class='ocrx_word' id='word_1_1467' title='bbox 2299 3937 2332 3967; x_wconf 68' lang='grc' dir='ltr'>ὃς</span> 
     </span>
     <span class='ocr_line' id='line_1_164' title="bbox 1275 3968 2334 4015; baseline -0.008 -9"><span class='ocrx_word' id='word_1_1468' title='bbox 1275 3983 1522 4015; x_wconf 85' lang='lat' dir='ltr'>quarumcumque</span> <span class='ocrx_word' id='word_1_1469' title='bbox 1539 3970 1731 4008; x_wconf 87' lang='lat' dir='ltr'>Feloniarum,</span> <span class='ocrx_word' id='word_1_1470' title='bbox 1744 3968 1957 4006; x_wconf 84' lang='lat' dir='ltr'>Roberiarum,</span> <span class='ocrx_word' id='word_1_1471' title='bbox 1974 3970 2007 4000; x_wconf 89' lang='lat'>&amp;</span> <span class='ocrx_word' id='word_1_1472' title='bbox 2027 3971 2142 4002; x_wconf 86' lang='lat' dir='ltr'>aliarum</span> <span class='ocrx_word' id='word_1_1473' title='bbox 2158 3973 2334 4004; x_wconf 69' lang='lat' dir='ltr'>Felonjamm</span> 
     </span>
     <span class='ocr_line' id='line_1_165' title="bbox 1278 4020 1981 4053; baseline -0.016 -9"><span class='ocrx_word' id='word_1_1474' title='bbox 1278 4020 1542 4053; x_wconf 79' lang='lat' dir='ltr'>quarumcumque:</span> <span class='ocrx_word' id='word_1_1475' title='bbox 1953 4046 1958 4052; x_wconf 30' lang='grc' dir='ltr'><strong>ι</strong></span> <span class='ocrx_word' id='word_1_1476' title='bbox 1975 4046 1981 4051; x_wconf 32' lang='grc'>1</span> 
     </span>
    </p>

    <p class='ocr_par' dir='ltr' id='par_1_43' title="bbox 1277 4044 2339 4192">
     <span class='ocr_line' id='line_1_166' title="bbox 1316 4044 2339 4086; baseline -0.009 -4"><span class='ocrx_word' id='word_1_1477' title='bbox 1316 4052 1444 4082; x_wconf 87' lang='lat' dir='ltr'>Necnon</span> <span class='ocrx_word' id='word_1_1478' title='bbox 1460 4049 1558 4079; x_wconf 90' lang='lat' dir='ltr'>omnia</span> <span class='ocrx_word' id='word_1_1479' title='bbox 1574 4049 1607 4079; x_wconf 88' lang='lat'>&amp;</span> <span class='ocrx_word' id='word_1_1480' title='bbox 1621 4046 1724 4086; x_wconf 80' lang='lat' dir='ltr'>singula</span> <span class='ocrx_word' id='word_1_1481' title='bbox 1739 4044 1859 4076; x_wconf 85' lang='lat' dir='ltr'>Offensa</span> <span class='ocrx_word' id='word_1_1482' title='bbox 1885 4044 2052 4077; x_wconf 81' lang='lat' dir='ltr'>Punitiones</span> <span class='ocrx_word' id='word_1_1483' title='bbox 2075 4048 2108 4079; x_wconf 93' lang='lat'>&amp;</span> <span class='ocrx_word' id='word_1_1484' title='bbox 2140 4048 2339 4080; x_wconf 64' lang='lat' dir='ltr'>Forisfa&amp;t1r23</span> 
     </span>
     <span class='ocr_line' id='line_1_167' title="bbox 1278 4084 2339 4128; baseline -0.006 -8"><span class='ocrx_word' id='word_1_1485' title='bbox 1278 4098 1471 4128; x_wconf 64' lang='lat' dir='ltr'>quaecumque</span> <span class='ocrx_word' id='word_1_1486' title='bbox 1496 4087 1531 4116; x_wconf 89' lang='lat' dir='ltr'>de</span> <span class='ocrx_word' id='word_1_1487' title='bbox 1553 4087 1728 4117; x_wconf 79' lang='lat' dir='ltr'>Praemunire</span> <span class='ocrx_word' id='word_1_1488' title='bbox 1745 4108 1753 4122; x_wconf 90' lang='lat'>,</span> <span class='ocrx_word' id='word_1_1489' title='bbox 1777 4084 1822 4114; x_wconf 88' lang='lat' dir='ltr'>seu</span> <span class='ocrx_word' id='word_1_1490' title='bbox 1843 4086 2036 4115; x_wconf 82' lang='lat' dir='ltr'>communiter</span> <span class='ocrx_word' id='word_1_1491' title='bbox 2063 4088 2179 4124; x_wconf 87' lang='lat' dir='ltr'>cognita</span> <span class='ocrx_word' id='word_1_1492' title='bbox 2202 4086 2339 4123; x_wconf 78' lang='lat' dir='ltr'>peridem</span> 
     </span>
     <span class='ocr_line' id='line_1_168' title="bbox 1277 4122 2339 4192; baseline -0.006 -32"><span class='ocrx_word' id='word_1_1493' title='bbox 1277 4129 1423 4164; x_wconf 86' lang='lat' dir='ltr'>Nomen,</span> <span class='ocrx_word' id='word_1_1494' title='bbox 1441 4135 1490 4163; x_wconf 80' lang='lat' dir='ltr'>per</span> <span class='ocrx_word' id='word_1_1495' title='bbox 1515 4125 1586 4162; x_wconf 80' lang='lat' dir='ltr'>ipsm</span> <span class='ocrx_word' id='word_1_1496' title='bbox 1602 4127 1647 4154; x_wconf 85' lang='lat' dir='ltr'>A.</span> <span class='ocrx_word' id='word_1_1497' title='bbox 1677 4126 1713 4154; x_wconf 87' lang='lat' dir='ltr'>B.</span> <span class='ocrx_word' id='word_1_1498' title='bbox 1739 4132 1801 4154; x_wconf 80' lang='lat' dir='ltr'>ante</span> <span class='ocrx_word' id='word_1_1499' title='bbox 1828 4122 1981 4192; x_wconf 57' lang='lat' dir='ltr'>‘isicefimum</span> <span class='ocrx_word' id='word_1_1500' title='bbox 2008 4127 2088 4154; x_wconf 70' lang='lat' dir='ltr'>Diem</span> <span class='ocrx_word' id='word_1_1501' title='bbox 2110 4127 2213 4154; x_wconf 74' lang='lat' dir='ltr'>Martii</span> <span class='ocrx_word' id='word_1_1502' title='bbox 2236 4125 2339 4155; x_wconf 76' lang='lat' dir='ltr'>ultimo</span> 
     </span>
    </p>

    <p class='ocr_par' dir='ltr' id='par_1_44' title="bbox 1880 4170 2340 4201">
     <span class='ocr_line' id='line_1_169' title="bbox 1880 4170 2340 4201; baseline -0.009 -3"><span class='ocrx_word' id='word_1_1503' title='bbox 1880 4170 1894 4201; x_wconf 85' lang='lat'>3</span> <span class='ocrx_word' id='word_1_1504' title='bbox 2267 4172 2340 4200; x_wconf 55' lang='lat' dir='ltr'>prze-</span> 
     </span>
    </p>
   </div>
  </div>
 </body>
</html>
