2557 4279
672 146 1474 197 CONVENTIONES,
1532 141 1919 193 LITERAE,

1347 234 1539 272 musMagpae
1554 231 1714 260 Britanniae
1725 231 1786 265 Rex
1795 249 1806 264 ,
1822 226 1889 264 post
1899 226 2114 265 requisitionem
2127 225 2153 256 ei
2174 223 2277 256 fadiam
2290 233 2342 264 per
2359 223 2410 257 Li·
2427 220 2553 259 Anu-D.

1355 279 1425 301 teras
1437 269 1603 312 subsignatas
1618 267 1713 298 Manu
1726 269 1805 303 Regis
1818 264 2049 309 Christianiffimi‚
2066 264 2180 303 ejusque
2192 263 2304 296 secreto
2326 263 2411 304 Sigil-
2455 261 2540 294 1610.

1354 310 1384 339 lo
1398 308 1535 344 firmatas,
1554 306 1640 337 invafi
1655 313 1704 336 aut
1719 305 1800 336 Bello
1813 312 1908 341 petiti,
1927 303 2026 343 Opem
2041 303 2207 342 requirentis
2220 326 2232 342 ,
2247 303 2322 335 intra
2339 303 2412 335 duos
2430 298 2556 339 8Jac.3,

243 176 318 218 172

98 244 228 284 lirino.
248 250 496 288 redintegraretur,
513 245 546 275 &
565 241 598 273 ad
615 249 749 279 optatum
763 240 862 270 Finem
876 237 1041 275 duceretur,
1064 235 1220 275 Nobisque
1233 233 1310 265 illam

123 292 209 322 1610.
249 289 359 321 Curam
374 294 489 324 uterque
504 292 558 322 pro
571 283 597 312 se
610 279 838 311 demandaverit:

100 330 118 358 8
127 329 195 368 Jac.
207 339 230 356 r.
280 327 422 358 Videlicet
433 347 443 360 ,

105 1077 126 1096 θ
137 1075 218 1104 XVI.

103 1118 169 1151 695.

137 3922 250 3951 ''XVI-

137 3963 203 3997 696.

284 362 480 397 serenissimus
494 362 612 397 Magnae
629 357 792 387 Britannia
806 357 867 385 Rex
879 375 889 392 ‚
905 351 965 389 &aa

286 403 387 435 Nobis

285 424 404 473 Robertss
416 440 516 468 comiti
529 433 732 473 Salisburienfi‚

284 482 402 511 Henrico
415 479 514 506 comiti
527 473 784 512 Northamptoniae‚

282 516 381 548 Carolo
391 519 491 546 comiti
505 511 739 549 Nottinghamiae,

255 574 257 576 -
283 555 429 586 Edwardo
441 556 559 584 Domino
575 550 682 582 Zouche
701 550 737 579 de
751 545 859 578 Sandio
881 543 990 575 Mauro
1002 543 1036 574 &
1057 540 1237 577 Cantelupo,

285 594 430 625 Edwardo
444 595 564 623 Domino
577 592 703 621 Wootton
715 589 751 617 de
769 585 882 624 Marley
890 607 900 621 ‚

283 632 430 665 Edwardo
441 634 562 661 Domino
579 632 668 659 Bruce
685 627 722 657 de
739 622 888 659 Kinlofle,

284 671 370 743 {ulio
383 669 485 711 Caesari
500 669 591 699 Militi
606 665 784 698 Canceilario
798 658 941 691 scaccarii
957 657 1060 696 Regii,

314 720 326 741 t

288 733 396 779 Thimae
416 749 520 786 Parrye
537 744 626 776 Militi
640 739 816 772 Cancellario
831 733 965 770 Ducati'is
991 731 1180 770 Lancastriae,

284 788 325 820 Et
337 786 472 826 praefatus
485 788 546 815 Rex
559 778 807 822 Christianifflmus,

251 852 253 856 Α
285 827 436 896 §gmina
455 863 487 892 de
506 861 534 891 Ia
552 858 665 890 Boderie
682 854 774 886 Militi
791 852 925 883 Domino
946 849 1071 889 ejusdem
1090 848 1182 886 Loci,
1206 845 1313 877 Confi-

250 905 333 936 nario
349 905 378 934 in
393 902 489 933 Status
503 897 654 933 Consilio,
674 895 707 925 ὃ(
729 893 836 930 Legato
860 890 909 920 suo
929 889 1004 929 apud
1027 888 1195 925 praediesum
1215 888 1312 923 Regem

252 947 369 981 Magnae
387 942 565 974 Britannia-⁵,
580 933 632 970 &c
659 935 732 963 inter
749 940 822 969 quos
837 930 970 967 utrinque
981 935 1162 959 conventum
1183 926 1216 956 &
1238 934 1311 955 con-

252 982 406 1014 cordatum
421 979 463 1009 est
478 976 570 1008 modo
583 975 616 1006 &
631 971 723 1004 formai
737 969 883 1008 sequenti,

288 1061 305 1077 ¹*
321 1058 482 1092 Paratum,
497 1052 688 1083 Conventum
699 1046 917 1079 concordatum
931 1044 965 1075 &
977 1041 1147 1074 conclusum
1162 1039 1214 1078 est,
1222 1039 1314 1078 quod,

272 1109 301 1130 er
314 1098 388 1128 nulla
405 1095 492 1126 Ρειὲὶα
504 1089 722 1121 Conventiones
736 1085 882 1119 Articulos
904 1084 960 1114 sive
976 1082 1110 1122 Capitula
1134 1081 1164 1110 in
1186 1079 1312 1117 praesenti

250 1108 383 1168 Poederis
396 1135 429 1164 ὃς
443 1131 572 1162 Unionis
586 1127 727 1158 Tra&atu
740 1132 875 1156 contenta
884 1147 896 1161 ‚
912 1122 972 1152 ullo
985 1121 1076 1152 modo
1091 1119 1234 1150 censeatur
1249 1117 1312 1147 Re—

251 1176 364 1207 ceffum
377 1174 392 1202 a
410 1168 633 1210 praecedentibus
646 1164 829 1196 Tractaxibus
839 1171 887 1194 aut
902 1160 1069 1192 Foederibus
1083 1159 1156 1188 inter
1180 1156 1310 1187 Confoe-

252 1215 363 1245 demtos
374 1209 530 1249 rpiaedietos
540 1215 585 1236 aut
602 1205 664 1235 suos
677 1201 916 1239 Praedeceffores,
934 1207 994 1230 tam
1007 1208 1061 1236 pro
1078 1197 1191 1233 Regnis
1199 1195 1311 1234 Angliae

252 1255 287 1284 δε
303 1251 447 1286 Franciae,
465 1248 550 1285 quam
564 1254 617 1282 pro
633 1243 739 1281 Regnis
753 1241 860 1272 Scotiae
872 1240 909 1271 Ὶδί
924 1237 1070 1274 Franciae,
1086 1235 1205 1266 antehac
1221 1234 1313 1271 factis,

251 1291 296 1322 sed
316 1299 346 1320 ut
359 1298 390 1318 ea
403 1286 542 1326 perpetuo
560 1291 692 1314 maneant
704 1281 735 1310 in
750 1281 800 1310 suo
813 1277 933 1317 pristino
946 1277 1051 1306 robore
1065 1277 1098 1305 ὃς
1110 1275 1227 1313 vigore,
1245 1283 1313 1311 qua·

252 1339 334 1360 tenus
348 1336 408 1357 non
422 1326 476 1356 lint
488 1323 628 1354 contraria
642 1329 689 1351 aut
704 1319 888 1358 repugnantia
903 1315 1031 1355 praesenti
1053 1313 1168 1344 Foederi'
1184 1320 1233 1342 aut
1255 1312 1312 1341 Ar·

250 1368 404 1400 ticulorum
418 1363 502 1395 alicui
519 1364 549 1392 in
561 1361 665 1391 eodem
677 1366 826 1389 contento.

289 1405 417 1441 ITEM,
441 1401 632 1432 Conventum
655 1396 865 1428 concordatum
885 1393 920 1424 δε
939 1390 1105 1423 conclusum
1129 1388 1189 1426 est,
1213 1386 1311 1426 quod,

253 1444 395 1476 invadenti
422 1450 469 1471 aut
491 1438 623 1470 invadere
643 1436 761 1467 conanti
777 1457 786 1472 ,
812 1432 1005 1471 cujuscunque
1029 1431 1050 1459 is
1071 1429 1104 1458 iit
1125 1426 1313 1457 Conditionis

252 1482 347 1515 Status
371 1480 522 1519 Dignitatis
542 1486 589 1508 aut
614 1475 749 1510 Ordinis,
772 1474 876 1508 Regna
904 1470 1008 1500 Patrias
1030 1467 1133 1497 Terras
1152 1464 1310 1502 Dominis,

253 1530 300 1552 aut
316 1522 366 1552 alia
384 1527 564 1557 quaecunque
588 1515 667 1544 Loca
685 1536 693 1550 ,
716 1513 749 1542 ad
771 1512 935 1550 alterutrum
961 1505 1206 1537 Contrahentium
1227 1504 1310 1542 perti-

251 1560 365 1596 nentia,
385 1557 493 1588 nullum
511 1554 656 1585 Auxilium
672 1552 812 1582 Favorem
829 1546 991 1578 Subiidium
1015 1545 1108 1582 palam
1130 1543 1178 1573 vel
1197 1542 1311 1572 occult}=

251 1599 359 1629 directe
379 1596 422 1627 vel
437 1593 574 1625 indirecte
588 1592 655 1622 alter
671 1599 705 1620 ex
727 1586 938 1618 Confoedeiat‘s
959 1584 1052 1619 dabit,
1079 1592 1133 1612 nec
1153 1583 1168 1611 {i
1186 1580 1311 1611 Subditis

252 1638 304 1668 suis
315 1636 375 1667 dari
393 1635 527 1673 patietur,
543 1631 587 1661 sed
602 1631 655 1660 erit
670 1629 744 1658 inter
752 1626 846 1656 dictos
865 1623 1008 1660 Principes
1023 1621 1244 1651 Conr‘oederatio
1260 1619 1313 1648 Li-

254 1685 290 1715 ga
304 1684 388 1713 atque
407 1672 490 1703 Unio
513 1670 545 1700 ad
570 1677 699 1698 mutuam
724 1665 930 1695 Defciiuonem
951 1662 1076 1691 adversus
1097 1668 1198 1689 omnes
1219 1657 1312 1695 cujus-

254 1724 382 1752 cumque
396 1708 643 1743 sintConditionis
659 1703 753 1736 Status
774 1702 930 1742 Dignitzitis
951 1708 997 1730 aut
1024 1699 1156 1735 Ordinis,
1175 1697 1238 1735 qui,
1259 1696 1310 1726 sub

251 1762 424 1792 quocunque
439 1757 574 1787 praetextu
588 1755 634 1776 aut
647 1745 745 1775 colore
760 1767 769 1782 ,
786 1743 821 1777 ὃς
834 1741 933 1779 quavis
945 1740 980 1769 de
998 1737 1106 1774 Causa,
1126 1737 1199 1766 nulla
1215 1736 1312 1764 omni-

253 1793 296 1823 no
311 1792 498 1830 qualicunque
511 1793 646 1822 excepta,
664 1782 798 1813 invadent
811 1788 857 1811 aut
876 1778 1007 1809 invadere
1022 1777 1203 1807 comburitur
1220 1774 1311 1804 hosti—

253 1832 316 1862 liter
332 1829 370 1860 Vi
390 1830 422 1860 &
442 1823 700 1858 Ai‘mis'Personss
721 1821 822 1859 Regna
849 1818 955 1849 Patrias
974 1817 1077 1846 Terras
1102 1813 1244 1844 Dominia
1266 1821 1313 1843 aut

252 1868 429 1905 Territoria,
444 1873 576 1902 tempore
594 1860 796 1895 Conclusionis
812 1858 895 1894 liujus
909 1854 1078 1892 Tradimus,
1098 1854 1114 1883 a
1127 1853 1209 1883 dicitis
1229 1850 1313 1881 Prin·

252 1908 362 1947 cipibus
376 1914 421 1936 aut
436 1913 540 1935 eorum
557 1901 644 1932 altero
657 1898 773 1937 possess'a
785 1898 818 1929 δε
837 1899 967 1932 detenta,
994 1903 1049 1924 nec
1072 1893 1158 1924 etiam
1187 1890 1314 1929 praedie'ti

253 1947 400 1984 Principes
415 1942 562 1974 Auxilium
588 1939 701 1978 aliquod
722 1938 766 1967 seu
785 1935 950 1966 Subsidium
972 1930 1182 1971 quoquomodo
1202 1928 1314 1969 praesta-

253 1987 342 2021 bunt,
360 1993 407 2014 aut
422 1991 473 2021 per
489 1979 626 2011 Subditos
642 1978 704 2008 suos
720 1975 841 2013 praestari
854 1974 1019 2012 permittent
1029 1994 1038 2008 ,
1065 1968 1235 2000 Rebellibus
1247 1969 1314 1999 alte-

248 2026 306 2056 rius
322 2022 429 2060 Partis,
446 2029 495 2050 aut
509 2019 595 2048 Arma
609 2025 712 2048 contra
724 2015 786 2045 suos
803 2013 949 2049 Principes
964 2010 1146 2047 capientibus.

247 2084 252 2088 -
291 2061 420 2098 ITEM,
445 2057 632 2089 Conventum
656 2053 866 2086 concordatum
888 2053 922 2083 ἃ.
944 2048 1113 2080 conclusum
1134 2045 1176 2078 est
1193 2069 1203 2085 ‚
1234 2044 1314 2086 quod

253 2100 370 2139 praesens
385 2099 464 2137 Ligae
481 2095 605 2127 Foederis
623 2096 656 2126 &c
671 2093 797 2123 Unionis
812 2089 964 2121 Traffihitus
977 2088 1028 2117 erit
1043 2094 1210 2124 perpetuus,
1230 2086 1267 2115 ita
1283 2094 1314 2118 ut

255 2139 391 2177 quamdiu
406 2137 476 2168 dieti
490 2133 684 2165 Sei-eniffimus
700 2135 761 2161 Rex
784 2133 897 2167 Magnae
920 2129 1077 2157 Britanniae
1094 2126 1126 2156 δε
1151 2126 1211 2154 Rex
1233 2123 1315 2153 Chri-

246 2177 423 2218 stianiffimus
442 2175 583 2209 vixerint,
601 2171 697 2202 firmus
711 2170 816 2200 stabilis
833 2170 865 2199 &
882 2166 1029 2197 inviolatus
1052 2171 1234 2203 permaneant
1257 2163 1314 2193 line

254 2217 345 2256 aliqua
359 2215 544 2252 exceptione,
562 2212 595 2242 ὃ(
610 2210 673 2248 post
689 2218 791 2239 eorum
807 2206 959 2237 alterutrius
984 2203 1136 2241 Mortem,
1161 2202 1195 2232 ad
1215 2201 1316 2232 Succs·

254 2255 327 2286 sores
339 2253 531 2292 permanebit,
551 2250 582 2288 fi,
598 2250 631 2280 δε
647 2246 812 2278 dummodo
827 2247 896 2276 intra
911 2244 1031 2275 Annum
1055 2243 1126 2272 cum
1147 2241 1212 2271 alter
1232 2239 1315 2270 Prin-

255 2304 322 2334 ceps
339 2294 494 2329 morietur,
512 2287 665 2321 Successor
680 2288 736 2323 ejus
751 2284 897 2324 Siipcrstiti
920 2280 1074 2321 significet,
1101 2290 1149 2318 per
1174 2279 1316 2317 Legitum

255 2333 290 2364 &
307 2333 415 2363 Literas
431 2332 506 2367 suas,
525 2329 550 2359 se
565 2326 675 2358 easdem
692 2324 885 2356 Conditiones
898 2323 1046 2360 accipere,
1064 2320 1097 2351 &
1112 2320 1187 2349 idem
1209 2317 1316 2348 Foedus

256 2372 432 2408 eandemque
446 2367 611 2399 Amicitiam
631 2366 700 2395 inire
714 2364 801 2402 velle,
822 2361 901 2401 quod
917 2361 937 2391 si
960 2361 1032 2390 intra
1054 2358 1172 2388 Annum
1197 2356 1317 2387 Succes-

257 2410 300 2440 sor
316 2408 462 2446 Supe*·stiti
480 2407 541 2437 hoc
557 2414 617 2434 non
640 2404 827 2440 nunciaverit,
847 2400 982 2438 Princeps
997 2396 1131 2435 superstes
1150 2396 1234 2425 omni
1251 2394 1318 2425 Ob-

1354 346 1470 376 Menses
1483 345 1498 374 a
1515 344 1593 374 dicta
1607 343 1806 382 Requisitione
1819 345 2027 381 numerandos,
2043 342 2128 374 dioto,
2148 343 2214 379 Regi
2233 341 2414 383 Christianis·

1297 413 1301 416 ,
1345 385 1417 425 fimo
1430 385 1464 414 ad
1483 383 1689 413 Defensionem
1705 382 1760 418 eius
1774 389 1824 418 per
1837 380 1957 411 Terram
1971 381 2134 413 faciendam
2145 404 2156 419 ,
2173 381 2204 410 in
2216 380 2340 412 Galbam
2357 391 2414 413 tra-

1350 423 1426 461 jecia
1441 422 1581 453 tenebitur
1595 420 1714 451 reddere
1726 419 1772 450 sex
1787 418 1874 449 millia
1888 420 1922 450 ad
1942 420 2099 451 minimum
2113 419 2247 451 Peditum
2270 421 2416 453 sufficien—

1352 471 1394 504 ter
1409 468 1596 505 armatorum,
1604 460 1708 504 partim
1722 457 1972 496 Arcubus,partim
1980 456 2131 496 Sclopetis,
2144 460 2244 495 partim
2254 459 2361 494 Contis
2368 461 2415 493 seu

1353 500 1488 543 Picquis,
1504 499 1538 529 ad
1561 501 1708 529 arbitrium
1731 497 1764 529 &
1779 496 1931 533 optionem
1945 496 2016 526 dieti
2027 498 2105 533 Regis
2117 497 2331 542 Christianiffi'mi
2368 508 2417 532 aut

1352 548 1498 568 minorem
1511 537 1598 568 alium
1619 543 1822 574 quemcunque
1836 534 2018 572 Numerum,
2035 534 2054 564 si
2071 536 2104 566 &
2119 544 2254 573 quatenus
2267 541 2304 570 ab
2318 525 2355 571 εἷ)
2403 557 2417 564 -

1350 585 1443 615 tatur,
1461 577 1567 614 quibus
1584 575 1678 606 dictus
1697 576 1756 604 Rex
1777 571 2009 611 Christiamffimus
2018 571 2092 610 justa
2105 572 2254 614 debitaque
2269 550 2415 618 stipenlciia

1351 615 1456 646 solvere
1469 615 1570 646 debeat
1582 615 1618 645 ab
1631 623 1668 645 eo
1686 613 1799 644 tantum
1811 619 1945 649 tempore
1958 621 2017 649 quo
2028 612 2059 641 in
2075 610 2201 644 Galliam
2213 617 2371 653 appulerim

1356 693 1361 698 ι
1390 653 1582 697 Conventum
1595 653 1705 690 insuper
1718 650 1933 682 &conclusum
1948 650 2000 687 est,
2013 649 2094 687 quod
2107 652 2340 693 quotiescumque
2352 643 2414 689 nia.

1353 701 1448 730 iorem
1470 691 1601 737 Militum
1621 691 1790 722 Numerum
1814 690 1830 718 a
1854 689 1934 719 dicto
1957 688 2119 726 Sereniffimo
2141 691 2211 728 Rege
2233 692 2415 727 postulaverit

1353 733 1414 761 Rex
1430 729 1684 774 Chrisstaniffimus,
1702 729 1794 760 modo
1807 729 1841 759 &
1856 726 1950 759 forms
1964 727 2127 766 praemiffis,
2147 730 2290 760 tenebitur
2301 732 2326 762 is
2345 733 2415 765 illud

1354 769 1484 814 praestare
1495 774 1516 800 11
1530 768 1692 815 commode
1707 768 1799 798 facere
1814 765 1915 805 posfit,
1933 765 2029 798 habita
2042 775 2111 797 tum
2133 766 2314 806 Temporum
2350 779 2413 804 turn

1353 808 1448 855 Loci,
1465 809 1499 838 ὃ(
1518 807 1739 851 δεεῑυςΒεῐυω
1754 804 1866 836 suarum
1879 805 1986 835 ratione
1998 827 2010 843 ,
2028 804 2085 842 qua
2100 806 2128 835 in
2143 804 2191 836 Re
2203 806 2284 844 ipsius
2296 793 2418 851 SssreniJ:

1345 847 1410 887 fimi
1423 849 1502 884 Regis
1512 846 1674 877 onerabitur
1689 844 1884 876 Conscientia.

1388 885 1403 916 Ι
1413 893 1436 915 Τ
1446 895 1464 916 ε
1474 893 1514 923 M,
1532 886 1591 916 Pro
1605 884 1685 915 Bello
1700 885 1734 915 ὃς
1749 882 1926 913 Defensione
1939 881 2045 919 navali,
2065 890 2244 914 conventum
2257 885 2418 917 concorda-

1353 933 1417 956 tum
1430 925 1463 968 &
1479 923 1648 968 con-clusum
1662 921 1719 960 est,
1735 921 1817 959 quod
1831 921 1913 951 dieto
1926 924 1991 959 Regi·
2006 920 2227 961 Christianffnto
2241 922 2417 961 suppeditare

1355 964 1499 994 tenebitur
1513 963 1606 993 dictus
1619 959 1799 999 Serenifflmux
1811 962 1872 990 Rex
1886 960 1957 990 οᾶο
1969 958 2004 990 N
2005 969 2068 990 aves
2082 959 2166 998 justae
2186 960 2400 1001 Magnitudinis

1353 1011 1400 1047 aut
1413 1002 1502 1031 talem
1520 1001 1712 1045 Numerum,
1728 1001 1761 1032 ὅ(
1783 997 1848 1029 tales
1862 1020 1876 1036 ,
1898 1007 1930 1029 ut
1950 1000 2113 1029 commode
2133 999 2168 1029 ad
2190 987 2419 1038 depugnandun'i

1356 1041 1435 1070 mille
1447 1040 1563 1082 ducenti
1582 1038 1692 1069 Milites
1705 1048 1736 1068 m
1750 1037 1800 1069 illis
1817 1037 1931 1074 imponi
1944 1035 2066 1075 poffint,
2081 1039 2147 1075 apte
2162 1037 2309 1070 instruitas
2324 1041 2358 1072 &
2371 1051 2415 1071 ar·

1356 1088 1445 1123 maras
1459 1080 1594 1108 omnibus
1608 1077 1690 1107 rebus
1710 1076 1745 1107 ad
1767 1074 1989 1114 depugnandum
2012 1075 2187 1114 necessariis,
2206 1077 2293 1108 veluti
2327 1078 2417 1110 Bom-

1355 1119 1446 1162 bardis
1461 1115 1578 1147 Pulvere
1593 1115 1699 1146 Globis
1715 1117 1749 1146 ὃ(
1763 1115 1821 1144 aliis
1837 1113 1989 1152 similibus,
2006 1114 2044 1144 ita
2058 1123 2155 1145 tamen
2170 1123 2201 1146 ut
2223 1102 2414 1149 dicti’Pulve-

1355 1167 1392 1186 ris
1406 1158 1439 1188 &
1453 1156 1624 1198 Globorum
1639 1154 1754 1185 tantum
1767 1152 1986 1185 aestimationem
2000 1151 2086 1183 solvat
2102 1153 2192 1183 dictus
2203 1156 2264 1184 Rex
2279 1154 2414 1196 christia-

1354 1196 1490 1234 nissimus,
1507 1195 1609 1237 quibus
1623 1192 1757 1233 Navibus
1769 1192 1814 1223 alii
1831 1189 1937 1225 Milites
1950 1191 2037 1228 quam
2050 1193 2166 1228 Magne
2187 1194 2347 1224 Britanniae
2359 1197 2415 1225 Re-

1351 1238 1391 1271 gis
1406 1234 1518 1276 Subditi
1527 1255 1537 1275 ,
1555 1236 1611 1262 line
1623 1230 1759 1261 coniensu
1772 1229 1844 1260 dicti
1861 1231 1941 1266 Regis
1958 1229 2135 1268 Sereniffimi,
2154 1231 2267 1268 imponi
2286 1242 2348 1262 non

1355 1281 1476 1316 terunt,
1502 1276 1587 1317 nique
1609 1273 1670 1312 Reit
1691 1266 1928 1307 Christianiffimus
1949 1268 2093 1299 tenebitur
2121 1268 2230 1299 solvere
2250 1269 2348 1308 Stipen
2370 1273 2395 1302 ia

1356 1310 1517 1355 Nautilque
1539 1309 1684 1346 Stipendia
1707 1308 1739 1337 &
1761 1306 1909 1338 Alimenta
1925 1305 2000 1344 justa
2019 1307 2053 1338 &
2079 1308 2280 1338 convenientia
2323 1311 2360 1340 ab
2378 1296 2416 1341 eo

1355 1358 1468 1392 tantum
1481 1358 1613 1385 tempore
1632 1356 1692 1384 quo
1713 1345 1784 1376 dieu
1803 1344 1912 1376 Milites
1932 1345 1966 1376 &
1989 1343 2100 1375 Nautae
2123 1344 2223 1377 Naves
2244 1331 2418 1380 con’scende-

1354 1397 1409 1417 rint
1424 1396 1454 1417 ut
1472 1384 1772 1431 ngltshrlstianiffimo
1789 1384 1973 1422 inservirent,
1989 1384 2006 1414 a
2019 1393 2079 1422 quo
2093 1384 2180 1414 etiam
2195 1394 2326 1423 tempore
2362 1387 2415 1418 du-

1354 1434 1435 1455 rante
1449 1425 1581 1469 Auxilio,
1607 1426 1693 1454 dietae
1713 1423 1812 1457 Naves
1831 1423 1971 1461 parebunt
1991 1421 2119 1453 Amrallo
2138 1422 2266 1454 anciae
2289 1409 2341 1456 aut,
2353 1427 2414 1464 ejus

1355 1465 1398 1495 Le
1419 1474 1484 1502 ato,
1499 1464 1589 1495 aliisve
1607 1461 1706 1493 Classis
1721 1460 2063 1499 Registristianiffimi
2084 1460 2239 1492 Praefectis.

1415 1512 1583 1548 ‘onventurn
1598 1510 1692 1532 tamen
1710 1499 1920 1542 concordatum
1943 1500 1977 1529 &
2001 1499 2172 1530 conclusum
2196 1500 2238 1531 est
2280 1502 2360 1541 quod
2374 1511 2417 1534 te.

1355 1543 1466 1573 nebitur
1489 1545 1619 1584 praetatus
1640 1538 1815 1578 Serenffimus
1839 1542 1900 1570 Rex
1927 1538 2079 1578 imponere
2094 1538 2178 1569 diesis
2200 1526 2335 1572 Naivibus
2354 1541 2417 1572 Ali·-

1355 1590 1450 1625 menta
1472 1581 1622 1611 necessaria
1646 1580 1675 1609 in
1697 1578 1767 1608 duos
1793 1576 1906 1618 Menses
1927 1576 2136 1614 computandos
2159 1578 2175 1607 a
2206 1586 2337 1618 ternpore
2357 1590 2417 1619 quo

1356 1619 1465 1663 Milites
1483 1620 1517 1650 ὃς
1532 1618 1640 1649 Nautae
1658 1617 1759 1647 Naves
1774 1615 1991 1647 coniceuderi'nt
2008 1623 2038 1645 ut
2061 1616 2208 1646 inserviant
2231 1616 2307 1656 Regi
2327 1618 2416 1650 Chri-

1354 1657 1538 1700 stianiffimo,
1553 1666 1677 1698 quorum
1697 1655 1910 1685 Alimentorum
1924 1654 2043 1684 inibitur
2063 1653 2214 1685 aestimatio
2233 1666 2320 1695 quam
2343 1659 2416 1688 intra

1353 1697 1424 1744 duos
1440 1695 1555 1726 Menses
1574 1696 1638 1737 Rex
1654 1692 1907 1725 Christianiffimus
1920 1692 2027 1729 solvet,
2045 1692 2063 1721 si
2078 1692 2154 1723 dicta
2176 1694 2318 1725 Alimenta
2343 1696 2415 1726 dum

1355 1735 1460 1779 Naves
1475 1735 1529 1764 illae
1544 1734 1707 1778 inservirent
1723 1733 1896 1770 consumpta
1913 1730 2033 1768 fuerint,
2048 1740 2095 1762 aut
2113 1732 2176 1762 alias
2191 1742 2245 1771 pro
2257 1742 2310 1765 rata
2321 1735 2416 1766 Tem-

1352 1784 1426 1812 poris
1439 1783 1498 1811 quo
1512 1772 1550 1803 illi
1566 1772 1747 1802 inlervierint.

1389 1812 1526 1856 issum,
1545 1809 1739 1855 Conventum
1755 1807 1967 1838 concordatum
1981 1809 2015 1840 ὃ(
2031 1807 2197 1840 conclusum
2210 1809 2252 1840 est
2287 1811 2369 1850 quod
2385 1811 2421 1842 fi-

1355 1851 1458 1882 militer
1473 1852 1506 1882 &
1523 1848 1644 1880 vicissim
1660 1851 1722 1878 Rex
1737 1845 1986 1887 Christianiffimus,
2005 1845 2070 1884 post
2093 1832 2321 1885 Requisitioiiem
2335 1851 2360 1880 ei
2375 1850 2420 1881 fa·

1354 1890 1431 1921 etam
1441 1913 1451 1928 ,
1469 1898 1518 1933 per
1534 1888 1642 1921 Literas
1654 1887 1825 1928 sublignatas
1838 1885 1936 1918 Manu
1949 1884 2108 1929 Seremffimi
2121 1886 2216 1925 Regis,
2238 1888 2352 1927 ejusque
2368 1889 2420 1920 Se-

1355 1938 1436 1973 creto
1452 1927 1555 1967 sigillo
1569 1926 1707 1963 firmatas,
1725 1926 1814 1959 invasi
1826 1923 1972 1959 autrssello
1993 1925 2093 1962 petiti,
2117 1924 2216 1962 Opem
2237 1928 2404 1964 requirentis
2464 1952 2467 1955 Α

1355 1976 1426 1998 intra
1440 1966 1512 1997 duos
1526 1965 1641 1996 Menses
1654 1965 1670 1994 a
1683 1964 1759 1995 dista
1774 1962 1971 2001 Requisitione
1985 1963 2191 2002 numerandos,
2210 1964 2290 1996 dicto
2301 1949 2424 1996 Serenis³

1349 2005 1418 2047 fimo
1432 2008 1518 2050 Regi,
1537 2003 1800 2049 ati-Defensionem
1815 2003 1876 2041 ejus
1890 2011 1944 2042 per,
1954 2001 2080 2033 Terram
2094 2002 2257 2034 faciendam
2267 2026 2278 2042 ,
2296 2005 2326 2035 iri
2348 2004 2420 2036 Ma-

1357 2054 1443 2090 gnam
1461 2044 1634 2076 Britanniam
1650 2041 1821 2086 Hiberniam
1837 2041 1882 2072 vel
1894 2040 1947 2074 alia
1962 2040 2105 2072 Dominia
2120 2041 2211 2082 Regis
2222 2042 2344 2082 ejusdem
2380 2051 2424 2074 te-

1357 2085 1472 2115 nebitur
1484 2081 1601 2126 reddere
1616 2081 1662 2113 sex
1679 2080 1783 2112 mill'ad
1804 2080 1962 2111 minimum
1980 2078 2118 2111 Peditum
2138 2080 2313 2115 sufficienter
2331 2067 2424 2113 afma-

1357 2132 1473 2168 torum‚
1490 2129 1593 2165 partim
1608 2119 1774 2163 Sciopetis,
1798 2119 1899 2155 partim
1925 2117 2032 2149 Contis
2055 2117 2114 2148 sive
2132 2119 2246 2158 Picquis
2259 2142 2270 2158 ,
2293 2119 2329 2151 ad
2349 2121 2424 2151 arbi-

1359 2170 1446 2206 trium
1461 2162 1494 2194 ὃς
1517 2167 1668 2199 optionem
1689 2158 1760 2189 dieti
1781 2156 1942 2196 Sereniffimi
1964 2159 2043 2192 Regis
2063 2156 2129 2194 vel,
2151 2157 2171 2188 fi
2196 2157 2253 2195 ipse
2277 2159 2408 2190 maluerit

1357 2208 1530 2240 quingentos
1543 2197 1751 2236 cataphractos
1773 2195 1898 2234 Milites,
1921 2196 1971 2233 qui
1991 2194 2130 2233 Equitum
2154 2196 2231 2226 mille
2252 2183 2424 2236 quingento3

1358 2249 1442 2277 rum,
1461 2238 1672 2282 Lanceatorum
1684 2237 1718 2268 &
1732 2235 1881 2273 Equorum
1904 2234 2016 2265 circiter
2036 2234 2124 2264 trium
2147 2234 2280 2266 Milliuru
2303 2236 2424 2267 Nume-

1358 2287 1423 2321 rum
1441 2277 1654 2319 adimplebunt,
1674 2275 1771 2306 Armis
1785 2272 1873 2312 Equis
1894 2271 2009 2309 validis,
2033 2273 2067 2304 &
2081 2272 2138 2304 aliis
2157 2271 2259 2306 Rebus
2280 2261 2424 2306 sufficien-

1359 2318 1436 2347 tibus
1449 2325 1530 2346 more
1544 2314 1661 2345 Gallico
1678 2312 1847 2350 instruc'tos,
1871 2319 1920 2342 aut
1942 2312 2089 2341 minorem
2107 2311 2195 2348 alium
2216 2322 2423 2351 quemcunque

1360 2355 1531 2386 Numerum
1538 2352 1678 2391 Equitum
1694 2352 1727 2384 δε
1742 2350 1888 2387 Peditum,
1907 2349 1946 2387 si,
1964 2351 1997 2381 &
2011 2358 2148 2388 quatenus
2159 2350 2254 2382 dietus
2269 2353 2330 2382 Rex
2344 2352 2426 2382 Chri-

1360 2392 1530 2433 stianiffimus
1548 2391 1688 2431 requisitus
1703 2389 1804 2427 fuerit,
1821 2389 1924 2428 quibus
1940 2388 2080 2419 Militibus
2095 2388 2141 2419 seu
2160 2387 2367 2428 Cataphraetis,
2381 2391 2425 2422 di-

256 2449 391 2486 ligatione
406 2448 425 2476 li
434 2449 486 2483 iius
508 2444 634 2485 Foederis
652 2443 759 2472 solutus
780 2450 814 2470 ac
828 2439 896 2481 liber
917 2437 1101 2480 intelligetur,
1119 2435 1251 2472 idemque
1269 2443 1320 2463 eo·
1363 2433 1425 2462 etus
1439 2431 1619 2470 Sereniffimus
1637 2432 1697 2459 Rex
1708 2427 1782 2467 justa
1795 2426 1946 2465 debitaque
1962 2427 2110 2464 Stipendia
2125 2427 2232 2459 solvere
2253 2428 2355 2460 debeat
2389 2430 2426 2461 ab

259 2487 383 2524 deinque
408 2485 498 2514 modo
523 2492 582 2521 quo
606 2485 684 2528 supra
702 2479 749 2510 fiet
770 2481 802 2510 ὃ(
827 2478 1019 2507 observabitur
1040 2483 1111 2502 inter
1130 2472 1265 2514 Haeredes
1285 2473 1319 2502 ὃ(
1364 2481 1400 2500 eo
1417 2471 1533 2513 tanturn
1547 2478 1682 2513 ternpore
1698 2477 1757 2505 quo
1780 2468 1810 2496 in
1834 2465 1977 2503 Magnam
2000 2465 2172 2499 Britanniam
2192 2452 2371 2498 fflberniarri’
2378 2476 2426 2498 aut

257 2524 438 2555 Succeffores
453 2522 583 2552 Coronas
600 2520 634 2550 ὃς
655 2520 749 2549 status
775 2517 949 2553 Regnorum
974 2512 1093 2549 Magnae
1118 2510 1268 2540 Britanniae
1287 2510 1321 2540 &
1364 2510 1415 2538 alia
1430 2509 1570 2538 Dominia
1584 2507 1671 2543 Regis
1688 2505 1856 2543 appulerint.

257 2564 280 2594 F
295 2574 328 2593 an
352 2564 396 2592 iae.
890 2579 894 2584 ,

283 2573 425 2636 rITcEM‘
451 2596 643 2627 Conventum
665 2589 880 2624 concordatum
906 2588 940 2619 &
960 2585 1128 2618 conclusum
1143 2584 1200 2621 est,
1221 2584 1321 2623 quod,

257 2651 312 2680 pro
327 2640 469 2670 Tuitione
485 2634 659 2666 Defenfione
673 2632 707 2662 &
725 2627 951 2660 Conservatione
965 2625 1153 2656 Personarum
1174 2623 1322 2654 dictorum

257 2677 514 2711 δετεῑτίιΐιῐηοτυῐη
522 2672 691 2709 Principum
706 2669 838 2700 Statuum
852 2666 1028 2702 Regnorum
1050 2663 1206 2694 Pari-iarum
1218 2662 1321 2692 Terra-

260 2728 324 2749 rum
338 2714 546 2747 Dominiorum
562 2711 723 2743 Civitatutn
741 2704 928 2745 Oppidorum
943 2703 1083 2733 Villarum
1095 2701 1264 2732 Castrorum
1287 2700 1320 2731 δε

258 2756 488 2788 Territoriorum
501 2751 635 2786 suorum,
653 2755 784 2784 tempore
798 2743 998 2775 Conclusionis
1022 2741 1108 2779 hujus
1129 2739 1255 2770 Foederis
1275 2739 1319 2769 vel

258 2792 427 2831 Tractatsis,
442 2791 478 2822 ab
491 2799 550 2820 uno
562 2797 609 2820 aut
622 2788 708 2817 altero
723 2792 824 2815 eorum
840 2780 1029 2822 poffefforum
1045 2780 1102 2810 five
1125 2779 1323 2815 detentorum,

262 2843 362 2865 contra
376 2840 478 2861 omnes
493 2827 633 2859 invasores
652 2825 685 2856 &
707 2822 821 2854 hostiles
842 2819 1045 2860 Aggreffores,
1070 2819 1154 2849 etiam
1176 2817 1322 2855 Principes

261 2871 414 2904 Potestites
427 2867 663 2900 communitates
675 2863 860 2902 quoscunque
875 2859 920 2889 vel
933 2857 1123 2896 quascunque,
1142 2857 1175 2887 &
1191 2864 1322 2893 quocun-

259 2922 318 2949 que
335 2907 489 2948 Dignitatis
509 2905 610 2936 Gradu
632 2902 819 2943 praefulgeant
832 2923 841 2936 ,
865 2898 909 2928 vel
932 2898 995 2927 ains
1015 2895 1209 2933 cuiuscunque
1228 2892 1323 2924 Status

260 2948 378 2981 Gradus
394 2948 426 2977 δε
444 2944 630 2977 Conditioiiis
643 2940 778 2977 existant,
805 2945 978 2976 quocunque
1001 2933 1259 2973 Consanguinitatis
1276 2941 1323 2963 aut

262 2987 416 3020 Affinitatis
427 2983 546 3014 vinculo
560 2981 783 3014 comedantur,
800 2977 849 3014 qui
864 2975 968 3014 Regna
981 2972 1084 3004 Patrias
1096 2973 1200 3002 Terras
1215 2970 1323 3001 Domi-

265 3028 318 3058 nia'
327 3025 464 3055 Civitates
480 3020 595 3058 Oppida
608 3019 697 3050 Villas
709 3016 807 3048 Castra
821 3024 855 3045 ac
869 3013 1026 3044 Territoria
1043 3013 1076 3042 &
1094 3011 1173 3042 Loca
1185 3019 1321 3050 quaecun-

263 3076 335 3105 que,
353 3073 401 3102 per
415 3062 532 3091 alterum
546 3058 749 3098 pra-edictorum
764 3054 931 3090 Principum
941 3074 950 3088 ,
966 3060 997 3082 ut
1011 3050 1121 3081 dictum
1136 3048 1177 3080 est
1192 3071 1202 3086 ,
1222 3048 1325 3086 possei-

263 3107 291 3135 sa
303 3112 352 3135 ant
366 3103 496 3135 detenta,
514 3099 542 3129 vi
561 3097 637 3128 faerit
651 3094 789 3126 hostiliter
802 3090 990 3124 invaseritvel
1003 3088 1147 3127 aggressus
1161 3087 1262 3125 fuerit,
1281 3088 1323 3117 in—

265 3143 387 3174 vaserint
400 3148 449 3170 aut
462 3136 578 3176 aggressi
596 3136 720 3171 fuerint,
736 3132 783 3164 seu
795 3130 907 3161 Bellum
926 3136 973 3160 aut
998 3128 1142 3159 Guerram
1168 3126 1259 3156 facere
1277 3133 1325 3155 aut

263 3189 384 3213 movere
400 3175 602 3216 praesumpserit
615 3182 661 3204 aut
673 3170 857 3206 attentaverit,
873 3165 1100 3206 praesumpserint
1111 3173 1158 3196 aut
1171 3172 1325 3195 attentave-

263 3222 339 3257 rint,
356 3225 405 3249 aut
417 3215 555 3253 Iniuriam
571 3212 616 3244 vel
631 3212 805 3248 Darnpnum
816 3208 894 3238 alteri
915 3206 1085 3244 Principum
1107 3203 1326 3242 praedictorum,

267 3258 362 3290 e‘usve
381 3254 510 3289 Subditiss,
527 3251 632 3283 Incolis
654 3251 712 3281 sive
731 3245 947 3279 Habitatoribus
968 3244 1041 3275 infra
1059 3241 1233 3274 eorumdem
1252 3240 1328 3270 dieta

301 3306 372 3336 egna
383 3293 489 3325 Patr-ias
502 3291 606 3321 Terras
614 3288 757 3321 Dominia
771 3284 887 3323 Oppida
899 3283 1038 3314 Civitates
1052 3282 1139 3313 Villas
1145 3280 1246 3311 Castra
1252 3279 1328 3310 Ter-

266 3337 364 3368 ritoria
379 3334 412 3364 &
429 3332 510 3363 Loca
523 3337 721 3368 quaecunque,
738 3324 876 3356 hostiliter
894 3321 1071 3357 invadendo,
1089 3319 1214 3350 intulerit
1230 3326 1276 3347 aut
1289 3317 1329 3348 fe-

269 3376 354 3412 cerit,
372 3370 518 3403 intulerint
534 3377 580 3398 aut
595 3367 731 3402 fecerint,
749 3373 810 3394 non
823 3361 999 3393 obstantibus
1014 3359 1242 3397 quibuscumque
1256 3356 1330 3386 Tra-

270 3413 392 3444 &aribus
408 3409 488 3448 Ligis
500 3406 660 3445 Alligantiis
667 3403 810 3435 Amicitiis
819 3398 1161 3433 &Confoederationibus
1173 3406 1222 3433 per
1229 3404 1329 3433 quem-

273 3459 390 3488 cunque
403 3447 524 3478 modum
537 3443 713 3476 confirmatis
727 3464 736 3479 ,
760 3448 808 3471 aut
831 3438 951 3477 posthac
972 3435 1110 3468 habendis
1131 3432 1331 3464 contrahendis

273 3489 332 3518 sive
350 3484 552 3518 confirmandis
566 3506 577 3521 ,
600 3491 669 3513 curn
692 3478 907 3519 quibuscunque
927 3475 1107 3514 Principibus
1129 3471 1331 3504 Potentatibus

271 3527 308 3558 &
322 3523 606 3558 Communitaribus,
622 3519 728 3553 etiami]
741 3516 879 3554 utriusque
893 3523 941 3546 aut
953 3514 1063 3546 alterius
1076 3521 1180 3543 eorum
1198 3509 1328 3541 Consan—

272 3564 372 3602 ,guinei
387 3562 494 3593 Affines
509 3569 557 3593 aut
572 3557 775 3591 confoederari
788 3556 858 3593 lint,
877 3554 980 3592 quibus
1000 3550 1184 3583 Tra&atibus
1205 3547 1331 3586 expresse

271 3604 308 3633 rin
321 3602 383 3632 hoc
405 3601 603 3632 renunciatum
626 3599 660 3628 &
681 3597 849 3633 derogatum
875 3591 936 3629 est,
960 3591 986 3622 se
1012 3591 1137 3622 invicem
1155 3598 1208 3626 pro
1232 3594 1329 3616 mutua

275 3642 417 3671 Tuitione
432 3638 653 3669 Confer-vatione
668 3635 701 3665 &
718 3631 911 3668 Defensione,
931 3629 1010 3661 bons.
1024 3629 1078 3659 fide
1092 3627 1199 3658 realiter
1215 3626 1247 3656 ὃς
1260 3633 1330 3655 cum

277 3678 402 3716 effectu,
422 3678 524 3707 mutuis
540 3675 654 3706 Auxiliis
666 3672 835 3704 Militaribus
854 3668 994 3700 Gentium
1015 3668 1191 3702 Armorum,
1209 3672 1269 3694 tam
1292 3662 1331 3692 E-

279 3718 392 3754 quitum
406 3716 490 3754 quum
514 3714 663 3750 Peditum,
688 3722 722 3743 ac
746 3710 879 3742 Navium
911 3709 945 3739 &
973 3706 1158 3742 Nautarum,
1182 3704 1239 3733 un‘a
1259 3711 1331 3731 cum

280 3755 428 3787 Machinis
444 3752 608 3782 Bombardis
623 3750 742 3781 Pulvere
758 3746 956 3787 Lapidibus&
969 3746 1028 3776 aliis
1046 3742 1238 3776 Instrumentis
1252 3739 1334 3770 belli-

270 3796 335 3830 εἰς,
354 3793 388 3823 ad
403 3790 543 3828 Expensas
557 3790 696 3827 Principis
709 3789 807 3825 Opem
824 3785 988 3823 requirentis
1001 3785 1034 3816 ὃς
1046 3780 1256 3819 interpellantis,
1262 3787 1334 3816 quo-

270 3834 332 3863 tties
344 3841 416 3867 opus
431 3831 464 3859 &
481 3828 590 3858 necesse
606 3828 688 3857 fuerit
702 3849 711 3863 ,
729 3828 761 3857 ὃς
786 3833 893 3863 quanto
913 3823 994 3854 citius
1012 3819 1177 3853 commode
1193 3818 1316 3857 poterint
1326 3838 1337 3854 ,

273 3869 435 3941 ,postquam
451 3866 546 3909 debite
558 3866 679 3904 requisiti
693 3865 817 3901 fuerint,
837 3862 1024 3899 adjuvabunt:
1051 3859 1086 3890 In
1104 3865 1228 3896 quorum
1247 3855 1336 3886 Auxi-

292 3911 384 3940 iorum
399 3904 593 3945 praestatione,
612 3913 750 3941 quantum
764 3903 860 3933 attinet
874 3901 908 3930 ad
924 3901 942 3919 ²*
966 3900 1135 3930 Numerum
1148 3894 1291 3930 Militum,
1303 3895 1337 3925 &

282 3947 418 3980 Navium
432 3944 609 3974 Armatarurn
623 3965 632 3978 ,
660 3941 919 3972 Instrumentorum
943 3940 976 3970 ὃς
1002 3936 1205 3968 Machinarum
1225 3932 1337 3962 bellica-

280 3995 455 4061 glclriiiiiabunt
471 4019 561 4050 modo
576 4019 608 4048 &
625 4017 718 4048 forma
733 4016 921 4054 sequentibus.

309 4062 502 4094 Conventum
523 4056 730 4087 concordatum
755 4057 787 4087 &
811 4052 980 4085 conclusum
1003 4049 1045 4083 est
1061 4073 1071 4090 ‚
1098 4048 1179 4090 quod
1201 4046 1344 4081 Sereniffi-

385 3990 609 4017 caeterorumque
623 3979 856 4014 Praemissorurn‚
873 3976 899 4007 se
919 3977 1046 4007 invicem
1068 3973 1175 4013 praefati
1191 3970 1340 4008 Principes
1382 3970 1498 4002 Militiae
1517 3969 1550 3999 ὃ(
1572 3967 1709 4007 Equitum
1731 3976 1778 3999 aut

1366 2585 1371 2589 .
1399 2545 1589 2588 Conventum
1605 2544 1717 2580 insuper
1732 2544 1765 2574 &
1779 2541 1948 2572 conclusum
1960 2541 2001 2572 est
2011 2565 2020 2580 ,
2038 2541 2118 2581 quod
2129 2541 2352 2581 quotiescunque
2365 2526 2425 2574 ma-

1363 2593 1454 2626 iorem
1472 2582 1602 2613 Militum
1616 2581 1660 2611 seu
1671 2580 1929 2618 cataphractorum
1944 2580 2112 2610 Numerum
2129 2582 2144 2610 a
2158 2579 2230 2616 dieti
2243 2580 2426 2612 Christianis-

1365 2624 1439 2666 iimo
1462 2621 1548 2658 Rege
1571 2619 1753 2664 postulaverit
1771 2618 1834 2649 Rex
1854 2618 2068 2655 SerenisfimuS‚
2089 2618 2180 2648 niodo
2193 2618 2226 2650 &
2242 2619 2338 2651 forma
2351 2629 2425 2657 prae-

1364 2659 1470 2707 rniffiS,
1484 2659 1624 2690 tenebitur
1645 2669 1666 2688 is
1678 2657 1752 2688 istud
1765 2656 1892 2695 praestare
1907 2656 1927 2685 fi
1943 2655 2106 2689 commode
2119 2656 2211 2688 facere
2226 2657 2310 2694 poffit
2344 2659 2426 2689 babi—

1362 2708 1392 2743 ta
1416 2708 1489 2742 tum,
1499 2698 1684 2741 Temporum
1718 2705 1788 2740 turn¹
1799 2693 1895 2738 Loci,
1912 2696 1946 2726 &
1961 2694 2057 2724 Status
2069 2704 2164 2726 rerum
2175 2696 2289 2727 suarum
2303 2682 2412 2728 ratione

1364 2748 1392 2768 m
1401 2747 1475 2806 1(ῃὲιέ
1483 2736 1563 2806 ffis'ffi
1577 2735 1668 2804 Risllsl
1680 2719 1910 2804 Ogissmpisslimi
1919 2734 2084 2777 onerabitur
2096 2731 2286 2765 Constientia.
2416 2720 2428 2736 ³

1363 2823 1430 2858 ium,
1440 2815 1474 2845 a·
1487 2784 1657 2857 cofnffissnissi
1669 2783 1725 2848 Zi,
1733 2772 2428 2855 «ψ531ὲΐὲἓεῖῑᾊῖἓῑηξὲἕέἕᾞᾰὲρῐὲῗὲἳὲῗέῑ

1365 2853 1478 2884 nebitur
1499 2852 1592 2883 dnstus
1607 2851 1670 2881 Rex
1683 2848 1938 2880 Christianiffimus
1952 2848 2024 2879 otsto
2038 2848 2139 2880 Naves
2146 2849 2232 2887 justae
2247 2850 2428 2888 Magnitudi-

1364 2893 1423 2928 nis,
1441 2899 1487 2921 aut
1496 2890 1587 2934 talem
1603 2889 1788 2933 Numerum,
1807 2887 1840 2931 ὅς
1853 2887 1970 2932 13¹⁶?st
1988 2895 2020 2917 ut
2033 2888 2196 2932 commode
2211 2888 2245 2918 ad
2261 2889 2429 2928 depugnari·
2444 2893 2463 2914 *
2473 2893 2553 2922 XVI.

1366 2931 1436 2962 dum
1461 2929 1539 2960 mille
1559 2929 1676 2960 ducenti
1699 2925 1810 2957 Milites
1829 2936 1860 2957 in
1872 2926 1924 2956 illis
1936 2934 2050 2964 imponi
2062 2925 2185 2964 possint,
2202 2928 2427 2971 apteinstrudhs
2446 2935 2526 2967 697„

1367 2969 1400 3000 δε
1419 2976 1534 3012 armatas
1556 2967 1692 2998 omnibus
1710 2967 1792 3009 rebus
1814 2964 1849 2995 ad
1874 2964 2094 3003 depugnandum
2115 2965 2296 3003 necessariis,
2319 2966 2410 2998 veluti

1366 3006 1534 3052 Bombardis
1555 3006 1678 3051 Pulvere
1698 3004 1819 3041 Globn,
1837 3003 1871 3033 &
1890 3003 1949 3034 aliis
1964 3003 2101 3035 omnibus
2117 3003 2264 3042 similibus,
2280 3005 2320 3036 im
2330 2989 2428 3036 rameii

1368 3056 1400 3077 ut
1414 3046 1483 3076 ἀιέὶι
1504 3044 1632 3076 Pulveris
1644 3045 1679 3077 &
1692 3043 1862 3074 Globorum
1874 3043 1988 3073 tanturn
1998 3040 2219 3074 aestimationem
2232 3043 2323 3074 solvat
2334 3043 2430 3075 dietus

1366 3083 1553 3127 Serem'ffl'mur¹
1569 3086 1647 3121 Rex3
1667 3082 1768 3121 quibus
1790 3080 1925 3111 Navibus
1945 3080 1991 3110 alii
2015 3079 2126 3112 Milites
2144 3091 2231 3121 quam
2255 3080 2335 3113 Galli
2370 3082 2429 3114 fine

1368 3123 1505 3168 consensu
1526 3122 1596 3152 disti
1618 3123 1704 3159 Regis>
1717 3118 1947 3159 Christianfflmi,
1966 3119 2080 3156 imponi
2100 3129 2161 3150 nori
2172 3127 2319 3159 poterunt·
2341 3104 2429 3159 iisque

1368 3162 1462 3192 dietus
1475 3160 1654 3204 Serengffiqnas
1662 3161 1728 3203 „Rex
1741 3158 1883 3189 tenebitur
1894 3158 2004 3188 solvere
2017 3157 2175 3195 stipiendia
2185 3159 2219 3189 <sc
2229 3143 2372 3190 Aiime’mta
2381 3160 2429 3198 ju-

1368 3199 1410 3230 sta
1428 3201 1461 3230 &
1484 3206 1701 3236 convenientia,
1718 3197 1755 3227 ab
1774 3206 1812 3228 eo
1836 3196 1947 3228 tantum
1961 3203 2093 3235 tempore
2109 3206 2169 3235 quo
2179 3196 2251 3228 dicti
2268 3196 2380 3229 Milites
2396 3198 2430 3230 &

1369 3235 1815 3273 NautaeNavesconscenderint
1824 3242 1858 3265 ut
1869 3235 1950 3265 disto
1964 3234 2039 3273 Regi
2050 3235 2225 3274 inservirent,
2237 3236 2254 3266 a
2270 3246 2330 3273 quo
2343 3237 2430 3267 en'am

1369 3286 1512 3316 tempore,
1527 3275 1644 3306 durante
1658 3274 1785 3311 Auxilio,
1802 3272 1887 3303 dietae
1900 3273 2002 3304 Naves
2050 3274 2153 3305 rebunt
2168 3273 2309 3305 Amirallis
2317 3273 2428 3312 Angliae

1369 3326 1418 3347 aut
1431 3316 1538 3346 Scotiae
1552 3321 1599 3344 aut
1613 3322 1714 3344 eorum
1732 3312 1841 3350 Legatis
1851 3334 1860 3349 ,
1878 3312 1991 3351 aliisque
2037 3313 2096 3352 egis
2109 3311 2208 3344 Claffis
2222 3312 2375 3344 Praefectis.

1394 3353 1596 3399 ⁸Conventum
1611 3360 1705 3382 tamen
1719 3350 1932 3381 concordatum
1945 3352 1979 3382 &
1993 3351 2161 3382 conclusum
2175 3350 2234 3389 est,
2255 3349 2335 3388 quod
2349 3358 2428 3381 tene-

1371 3394 1447 3424 bitur
1460 3392 1552 3435 dietus
1565 3389 1800 3434 clqristianiffimus
1814 3391 1874 3418 Rex
1894 3391 2043 3428 imponere
2057 3389 2140 3421 dietis
2150 3389 2188 3421 N
2190 3387 2431 3421 avibusAlimen-

1371 3441 1399 3463 ta
1412 3427 1577 3467 necessaria,
1595 3439 1624 3458 in
1639 3428 1710 3459 duos
1725 3427 1836 3457 Menses
1848 3428 2061 3465 computandos
2074 3429 2090 3458 a
2103 3437 2236 3465 tempore
2248 3436 2306 3465 quo
2317 3425 2431 3456 Milites

1371 3473 1406 3503 ὃς
1428 3470 1538 3500 Nautae
1558 3467 1657 3512 Naves
1669 3466 1888 3500 conscenderint
1901 3475 1933 3502 ut
1945 3466 2096 3500 inserviant
2112 3466 2205 3505 Regi,
2221 3473 2346 3504 quorum
2365 3463 2429 3494 Ali-

1374 3516 1543 3539 mentorum
1562 3506 1678 3550 inibitur
1691 3505 1842 3549 aestimatio
1856 3514 1942 3543 quam
1956 3507 2031 3538 inita
2039 3505 2111 3536 duos
2125 3500 2430 3539 Menses-Serenifflmus

1372 3550 1432 3576 Rex
1451 3546 1555 3581 solvet,
1575 3549 1593 3575 ii
1610 3544 1685 3588 dista
1699 3544 1845 3575 Alimenta
1861 3544 1931 3574 dum
1947 3543 2047 3574 Naves
2058 3543 2099 3572 illi
2115 3542 2279 3573 inservirent
2293 3540 2429 3571 consum·

1372 3594 1418 3623 pta
1434 3584 1501 3621 sint,
1518 3591 1564 3613 aut
1581 3582 1645 3614 alias
1660 3593 1711 3620 pro
1725 3591 1780 3614 rata
1793 3583 1931 3621 temporis
1945 3591 2006 3618 quo
2020 3581 2058 3611 illi
2075 3579 2257 3612 inservierint.

1395 3623 1456 3668 ,Ιτ
1466 3631 1484 3652 E
1495 3630 1535 3666 iu,
1551 3620 1740 3653 Conventum
1755 3620 1966 3652 concordatum
1980 3621 2013 3651 &
2028 3619 2193 3651 conclusum
2208 3615 2260 3654 est,
2277 3617 2358 3655 quod
2366 3616 2430 3648 Co-

1374 3672 1431 3707 piae
1442 3660 1595 3705 Auiriliares
1609 3660 1790 3698 supradietae,
1808 3668 1866 3691 tam
1880 3657 2039 3689 Terrestres
2053 3659 2136 3696 quam
2150 3654 2287 3693 Navales,
2304 3657 2332 3687 ei
2347 3656 2430 3687 Prin-

1374 3711 1433 3745 cipi
1448 3709 1496 3730 cui
1510 3698 1548 3729 sic
1567 3698 1774 3743 concedentur,
1785 3697 1894 3731 tamdiu
1906 3696 2022 3727 fideliter
2035 3696 2136 3726 servire
2149 3695 2318 3725 tenebuntur
2332 3703 2432 3732 quam-

1376 3741 1424 3770 diu
1445 3748 1491 3769 eas
1510 3736 1617 3768 duxerit
1635 3737 1806 3775 retinendas,
1825 3734 2024 3774 Stipendiaque
2037 3734 2072 3765 &
2085 3732 2248 3771 Alimenta,
2268 3742 2299 3764 ut
2309 3732 2434 3771 supradi-

1375 3779 1458 3810 &um
1471 3775 1530 3814 est,
1548 3776 1719 3813 persolverit.

1412 3815 1602 3847 Conventum
1630 3815 1699 3846 item
1723 3811 1929 3845 concordatum
1953 3812 1986 3842 &
2005 3808 2171 3840 conclusum
2188 3809 2230 3840 est
2247 3832 2257 3848 ,
2280 3809 2316 3841 ad
2333 3818 2435 3842 omnes

1379 3853 1534 3893 Scrupuios
1557 3855 1589 3884 δε
1605 3852 1802 3884 Dubitationes
1813 3850 1957 3881 evitandas
1969 3858 2035 3886 quse
2048 3847 2150 3887 possint
2166 3850 2232 3878 oriri
2244 3848 2280 3879 de
2292 3848 2435 3879 Numero

1376 3896 1499 3925 Turmae
1518 3891 1542 3921 E
1564 3893 1672 3929 uitum,
1689 3900 1735 3921 aut
1761 3889 1896 3920 Peditum
1915 3886 2071 3924 Cohortis,
2089 3886 2180 3925 deque
2197 3887 2351 3924 Stipendiis
2365 3886 2436 3918 Tri·

1379 3934 1523 3963 bunorum
1569 3932 1752 3961 enturionum
1768 3925 2016 3964 vexilliferorum,
2034 3925 2067 3956 &
2081 3925 2199 3956 aliorum
2216 3925 2440 3965 Praepositorum

1489 4008 1495 4013 .
1609 4008 1614 4012 .
1629 4008 1644 4013 ..
1802 3965 1956 4009 Peditum,
1974 3971 2006 3995 ut
2023 3963 2066 3994 illa
2080 3964 2174 3995 forma
2188 3965 2328 4004 perpetuo
2344 3963 2438 3995 obser-

1384 4018 1465 4040 vetur
1489 4017 1517 4037 in
1541 4006 1659 4037 Auxiliis
1685 4004 1861 4043 praestandis,
1879 4004 1914 4035 &
1935 4002 2087 4040 Stipendiis
2109 4003 2269 4042 solvendis,
2284 4004 2358 4034 inter
2374 4001 2439 4032 haec

1385 4048 1445 4079 duo
1464 4046 1564 4086 Regna
1575 4068 1584 4083 ,
1602 4055 1665 4084 quae
1686 4046 1716 4074 in
1730 4043 1852 4075 Seedula
1870 4042 1940 4074 huic
1957 4040 2070 4073 Foederi
2087 4041 2213 4080 subjecta
2228 4043 2398 4109 contineiur-

2361 4082 2458 4115 rem,
