2557 4279
0 269 38 291 in.
45 257 87 289 D.

0 307 60 338 599-

0 360 6 366 .
18 337 90 364 Elia..

0 380 53 411 Reg.

0 421 17 443 r,
30 421 78 449 41.

1 462 31 480 z.
66 457 95 488 p-

0 501 34 518 m.
49 499 94 526 34-

21 1756 106 1784 XVI.

3 1803 67 1833 379·

0 3256 72 3287 Ann.
84 3254 116 3286 D

18 3303 102 3333 1599-

0 3337 56 3362 Pac.
64 3345 81 3370 4
89 3344 94 3360 ι
103 3356 110 3362 .

0 3372 70 3403 Elia.
85 3378 110 3410 p.

1 3420 100 3442 24.m.2
105 3420 117 3449 3

0 3450 53 3478 dor.

121 3277 130 3286 .
145 3240 335 3298 ELizabeth
345 3263 354 3278 ‚
371 3240 432 3271 δαῒ.

645 165 758 207 E·T
838 164 1113 207 ACTA
1196 166 1683 209 PUBLICA.·

132 344 181 376 De
205 336 377 382 Conceffionc
403 336 501 384 Officii
525 336 726 371 Clarencienx
743 348 799 384 pro
817 339 863 372 W
861 338 982 371 illielmo
1000 335 1146 371 Camden.

175 425 272 463 Egina
285 424 440 462 omnibus,
454 423 490 454 ad
505 433 594 463 quos,
613 426 674 456 &c.
711 424 852 456 Salutem.

115 431 174 503 R
209 464 309 494 Sciatis
323 463 420 501 quod,
439 463 511 493 cum
525 472 586 493 non
601 472 715 500 novum
730 463 762 493 fit
784 473 818 494 ac
841 473 985 499 vacuum,
1010 461 1056 493 sed
1077 460 1172 493 neces-

110 505 211 535 sarium
223 504 256 534 &
272 502 359 540 digne
377 502 529 539 antiquitus
542 502 686 540 usitatum,
706 502 805 539 quod,
825 503 898 532 inter
913 510 1030 532 caeteros
1046 501 1171 544 Officia—

109 544 164 574 rios
177 542 209 572 &
226 540 395 580 Ministros‚
410 551 482 579 quos
496 539 665 578 Principum
679 540 808 570 lateribus
827 550 890 580 prov
904 550 1006 570 eorum
1030 538 1171 583 Magnifi-

108 581 201 613 centia
223 587 305 618 atque
326 579 429 610 Gloria
450 579 592 609 adhaerere
612 580 728 616 deceat,
755 587 859 608 eorum
881 578 1055 617 praesertim,
1070 579 1172 618 quibus

107 619 224 650 Officiis
249 622 407 650 Armorum
428 617 508 648 Cura
528 616 738 654 committitur,
764 617 880 653 copiam
896 617 999 647 habere
1022 617 1124 655 liceat,
1142 624 1173 647 ut
1189 633 1191 637 ν

107 669 162 690 nec
178 667 289 695 tempus
304 657 448 688 Bellorum
464 666 555 696 neque
573 656 655 686 Pacis
670 654 773 693 absque
788 657 1029 686 convenientibus
1045 656 1078 686 &
1099 657 1172 693 aptis

111 696 253 729 Ministris
268 697 413 736 praeterire
426 695 547 734 debeat,
979 733 984 737 .
1152 733 1156 738 .

147 735 265 766 Idcirco
287 744 391 766 notum
415 734 535 766 facimus
555 731 655 770 quod,
681 741 741 762 non
756 731 849 762 solum
865 741 899 762 ex
913 732 1107 769 plurimorum
1124 732 1173 762 Fi-

110 775 219 806 delium
233 773 411 812 nostrorum,
430 773 532 812 quibus
546 771 575 801 in
590 781 622 801 ea
638 779 717 808 parte
730 769 818 801 fidem
835 770 960 808 plenarie
981 771 1170 809 adhibemus,

110 814 214 851 relatu,
234 823 336 844 verum
350 813 436 843 etiam
453 819 502 848 per
519 808 629 839 Rerum
645 809 789 848 gestarum
802 810 1003 846 experientiam
1012 820 1096 848 quam
1105 810 1175 840 Nos

111 852 180 891 ipsae
193 853 333 883 habemus
347 851 383 882 de
398 848 548 880 Fidelitate
560 847 827 886 Circumspefflone
842 847 982 878 Industria
997 857 1080 886 arque
1096 848 1175 878 bona

114 890 294 929 Diligenti-i,
312 889 409 920 dilecti
423 889 457 919 ὅτ.
473 886 562 917 fidelis
577 886 732 918 Servientis
754 886 862 925 nostri,
889 889 932 917 W
933 886 1038 917 illielmi
1056 888 1176 917 Camden

113 931 180 962 alias
195 929 360 965 Richmond‚
377 928 418 957 ob
428 926 617 965 Sagacitatem
639 926 673 955 &
695 925 846 956 Solertiam
867 936 934 963 quas
951 927 979 956 in
995 936 1031 956 eo
1044 926 1108 957 satis
1128 935 1178 956 ex-

114 971 241 1009 petimus
255 967 426 1005 exploratas,
445 964 706 1002 conliderantesque
721 964 845 1000 eiusdem
863 964 1010 994 Willielmi
1028 966 1176 995 continua-

117 1018 181 1040 tum
203 1007 376 1042 Servitium,
406 1003 532 1034 Munere
565 1004 670 1033 merito
693 1003 720 1033 id
742 1003 894 1041 poscente,
920 1004 1013 1041 ipsum
1035 1005 1065 1034 in
1080 1007 1177 1041 Regem

117 1052 270 1078 Armorum
284 1055 315 1073 ac
331 1041 510 1081 Principalem
526 1041 682 1071 Heraldum
698 1042 828 1073 Patrium
843 1042 1017 1073 Australium
1040 1043 1176 1073 Orienta-

117 1087 188 1117 lium
204 1085 236 1114 &
255 1081 489 1113 Occidentalium
505 1080 600 1119 Regni
615 1080 703 1111 nostri
718 1081 831 1120 Angliae
842 1105 852 1120 ,
875 1091 910 1111 ex
927 1081 1082 1112 abundanti
1102 1082 1178 1112 Gra-

118 1126 157 1156 tia
177 1121 271 1153 nostra
293 1120 422 1160 speciali,
448 1130 482 1150 ac
501 1129 536 1150 ex
559 1129 635 1150 certa
657 1119 782 1150 Scientia
805 1121 838 1150 &
855 1130 937 1150 mero
952 1120 1040 1151 Motu
1060 1119 1179 1158 nostris,

117 1162 257 1193 ereximus
270 1160 393 1190 fecimus
405 1158 606 1189 constituimus
619 1158 816 1189 ordinavimus
828 1160 861 1190 ὃ(
877 1160 1055 1198 creavimus,
1083 1169 1116 1190 ac
1131 1169 1180 1197 per

116 1201 287 1237 PraesenteS,
306 1208 359 1236 pro
375 1197 477 1228 Nobis
494 1196 664 1228 Haeredibus
676 1198 709 1229 ὃς
725 1198 761 1228 ab
777 1199 896 1236 antiquo
909 1198 1066 1237 consuetis,
1087 1198 1181 1228 eidem

121 1238 270 1271 Willielmo
293 1238 392 1268 damus
415 1238 449 1268 &
477 1236 666 1266 concedimus
684 1259 694 1274 ,
733 1245 767 1266 ac
783 1236 876 1274 ipsum
897 1238 925 1266 in
945 1237 1051 1268 eisdem
1072 1237 1181 1268 realiter

120 1279 325 1309 coronavimus
343 1275 541 1307 investivimus
561 1298 571 1314 ,
609 1285 783 1306 coronamus
801 1276 834 1306 &
854 1276 1020 1307 investimus
1038 1287 1087 1314 per
1106 1276 1184 1307 Prae-

120 1318 208 1348 sentes
224 1328 229 1332 ·

158 1340 336 1387 Hab⁷endum
354 1353 537 1394 gaudendum
555 1352 759 1391 occupandum
780 1354 813 1384 &
832 1353 1023 1385 exercendum
1040 1353 1186 1385 Officium

120 1395 212 1433 illud,
231 1403 345 1424 necnon
366 1392 492 1423 Nomen
512 1392 616 1422 Stilum
636 1392 772 1422 Titulum
799 1393 832 1423 ὃς
860 1392 1089 1430 Praeeminentias
1115 1404 1187 1432 prae-

121 1434 201 1465 dicta
215 1456 224 1471 ,
241 1432 333 1463 eidem
354 1430 504 1462 lVillielmo
523 1433 576 1468 pro
595 1431 720 1461 termino
739 1431 814 1461 Vitae
835 1432 915 1469 ipsius
938 1431 1100 1470 PVillielnii,
1119 1442 1189 1463 cum

121 1472 261 1503 omnibus
274 1471 388 1509 Juribus
408 1469 546 1500 Proficuis
565 1468 835 1499 Commoditatibus
852 1472 885 1502 δε
905 1470 1117 1501 Eiiiolutnel'itis
1128 1472 1191 1509 qui-

120 1512 288 1549 buscunque
306 1509 401 1539 eidem
421 1507 535 1538 Officio
552 1508 785 1548 qualitercunque
802 1508 992 1546 spectantibus
1011 1509 1114 1540 debitis
1132 1511 1191 1541 live

119 1549 326 1588 pertinentibus
334 1559 344 1586 ·‚
836 1586 841 1591 ι

159 1589 270 1619 Dantes
287 1586 402 1617 ulterius
417 1585 469 1623 &,
489 1595 538 1623 per
557 1593 688 1615 tenorem
707 1585 913 1625 Praesentium,
933 1587 1129 1619 concedentes
1149 1588 1191 1618 ei-

122 1627 190 1658 dem
210 1626 391 1656 Clarencieux
408 1624 618 1654 Auctoritatem
643 1623 816 1655 Potestatem
844 1626 878 1656 ὃς
904 1625 1086 1664 Licentiam,
1113 1627 1192 1656 Lite-

123 1677 165 1697 ras
185 1666 312 1696 Patentes
330 1666 489 1695 Armorum
509 1663 589 1692 claris
608 1661 683 1693 Viris
706 1662 858 1701 donandi,
883 1662 1040 1694 secundum
1065 1665 1193 1695 Ordina—

121 1707 215 1736 tiones
232 1713 280 1742 per
296 1702 430 1733 Comites
449 1700 634 1732 Marescallos
648 1711 741 1739 nuper
758 1701 989 1740 praescriptas,&
1004 1713 1073 1733 cum
1091 1713 1193 1734 eorum

120 1743 278 1780 consensu,
304 1743 323 1763 *²
353 1751 387 1771 ac
412 1749 514 1771 caetera
532 1741 631 1770 omnia
648 1742 681 1772 δε
702 1740 810 1777 singula
828 1751 892 1779 quae
910 1741 993 1771 dieto
1018 1743 1192 1772 incumbunt

123 1782 238 1813 Officio
256 1781 345 1821 Regis
366 1780 525 1810 Armorum
544 1803 554 1818 ‚
592 1778 648 1809 sive
673 1779 759 1809 inesse
784 1779 992 1818 dignoscuntur
1016 1781 1045 1810 in
1061 1780 1128 1819 Jure
1149 1781 1193 1810 vel

120 1831 156 1852 ex
172 1819 388 1852 Consuetudine
403 1819 582 1857 temporibus
599 1817 892 1856 retroadtisfiaciendi
908 1820 1060 1850 exercendi
1078 1820 1111 1851 δε
1130 1829 1195 1850 exe-

144 1861 241 1891 uendi:

121 1871 142 1900 q
162 1900 226 1938 Qui
246 1897 363 1935 quidem
384 1895 566 1927 Clarencieux
594 1895 629 1926 ad
648 1895 726 1927 hunc
752 1896 866 1927 Statum
885 1897 969 1927 nobis
987 1897 1168 1936 praesentibus
1184 1921 1194 1935 ,

122 1938 316 1976 omnibusque
329 1936 388 1967 aliis
407 1935 537 1975 Regibus
550 1935 582 1966 ὃς
599 1933 749 1974 Heraldis,
765 1945 800 1966 ac
835 1935 1031 1975 uampluribus
1047 1936 1193 1976 Magnan-

124 1980 177 2009 bus
191 1979 224 2009 ὃς
239 1975 386 2015 fidedignis
401 1974 501 2012 Regni
517 1973 605 2004 nostri
620 1973 737 2014 Angliae
752 1984 811 2012 prae
834 1975 884 2005 i6’ti
893 1998 903 2014 ,
925 1983 994 2005 tunc
1017 1986 1117 2006 coram
1137 1986 1191 2006 no-

124 2018 169 2048 bis
183 2015 383 2054 praesentibus,
403 2014 436 2044 ὃς
452 2014 468 2043 s
482 2013 604 2043 ecialiter
620 2022 670 2050 per
687 2012 757 2043 Nos
773 2013 808 2043 ad
832 2014 890 2044 hoc
911 2015 1038 2054 vocatis,
1057 2015 1192 2045 adhibitis

122 2057 158 2088 &
173 2055 354 2092 solempniter
370 2023 507 2090 requisiptis
519 2053 552 2083 &
569 2052 726 2091 consuetis,
744 2055 824 2091 super
838 2052 942 2084 Sancta
957 2052 1015 2084 Dei
1035 2053 1191 2094 Evangelia

121 2094 238 2125 solenne
253 2092 382 2131 praestitit
391 2091 613 2122 Sacramentum
624 2100 630 2120 :

160 2132 304 2163 Dedimus
325 2130 437 2168 insuper
457 2130 491 2161 δε
510 2129 717 2167 conceffimus,
744 2140 778 2161 ac
801 2140 851 2168 per
867 2129 1020 2162 Praesentes
1041 2131 1138 2162 damus
1157 2133 1191 2164 ὃς

124 2171 313 2203 concedimus
327 2169 421 2199 eidem
441 2167 611 2206 Willielmo,
636 2169 651 2198 a
666 2168 764 2199 Nobis
777 2167 855 2208 Regi
870 2169 1028 2201 Armorum
1053 2182 1086 2202 ac
1108 2171 1192 2202 Prin-

125 2210 209 2250 cipali
226 2207 353 2240 Hei-aldo
368 2207 497 2238 Partium
511 2206 683 2237 Australium
697 2207 888 2238 Orientalium
902 2210 935 2240 δε
945 2208 1192 2249 Occidentalium,

125 2258 157 2280 ut
174 2249 341 2287 praefertur,
359 2246 458 2277 erecto
469 2269 479 2284 ,
498 2248 608 2283 Viginti
622 2245 728 2276 Libras
745 2246 944 2284 sterlingorum
956 2258 1004 2286 per
1013 2249 1131 2279 Annum
1147 2260 1192 2280 ra·-

125 2289 203 2318 tione
217 2287 263 2318 vel
275 2285 358 2317 causa
372 2285 498 2324 ejusdem
514 2285 638 2324 Officii,
666 2285 860 2324 percipiendas
882 2286 979 2317 eidem
1006 2287 1159 2318 Willielmo
1177 2290 1192 2319 Ξι

124 2325 215 2357 Festo
231 2325 326 2356 Sansti
341 2323 492 2354 Michaelis
507 2323 681 2362 Archangeli
697 2324 804 2354 ultimo
817 2326 963 2363 praeterito
986 2328 1136 2358 annuatim
1158 2329 1192 2360 &

127 2364 243 2403 singulis
257 2363 349 2394 Annis
365 2362 486 2393 durante
500 2361 569 2393 Vita
585 2361 648 2400 sua,
669 2361 705 2392 de
713 2362 863 2393 Thesauro
878 2364 979 2394 nostro
993 2365 1193 2397 Haeredum&

127 2402 331 2435 Successorum
346 2401 531 2440 nostrorum,
550 2400 585 2432 ad
599 2400 761 2438 Receptam
770 2401 913 2432 scaccarii
930 2402 1020 2433 nostri
1032 2403 1194 2435 Haeredum

127 2444 162 2474 &
185 2439 387 2473 Succefforum
409 2439 593 2478 nostrorum,
616 2449 664 2478 per
687 2439 794 2470 Manus
809 2440 987 2472 Thesaurarii
1001 2443 1035 2473 δε
1055 2443 1195 2474 Camera-

128 2483 238 2512 riorum
262 2481 308 2511 seu
332 2480 453 2509 aliorum
476 2478 699 2509 Officiariorum
714 2478 879 2510 nostrorum
895 2479 1057 2512 Haeredum
1073 2483 1106 2513 ὃς
1122 2482 1196 2513 Suc-

128 2521 275 2551 cefforum
297 2518 464 2548 nostrorum
492 2517 601 2548 ibidem
622 2527 675 2555 pro
695 2525 830 2555 tempore
844 2518 1042 2558 existentium,
1065 2520 1099 2550 ad
1118 2521 1197 2551 Festa

128 2558 371 2589 Annunciationis
392 2557 482 2586 beatae
507 2555 610 2587 Mariae
635 2555 761 2593 Virginis
782 2557 816 2587 &
841 2557 942 2588 Sancti
966 2558 1120 2589 Michaelis
1140 2559 1197 2590 Ar-

129 2596 260 2636 changeli
275 2597 362 2635 aequis
373 2595 572 2633 Portionibus,
588 2595 644 2625 una
659 2604 728 2625 cum
749 2594 915 2626 Liberatura
934 2597 967 2627 &
984 2596 1198 2638 Vestura,qua-

131 2637 188 2675 les,
211 2637 243 2666 &
263 2636 294 2665 in
311 2633 418 2666 eisdem
434 2633 525 2663 modo
545 2635 578 2664 ὃς
596 2633 710 2671 forma,
736 2642 821 2673 prout
845 2634 945 2672 aliquis
971 2635 1039 2666 alius
1057 2636 1124 2666 Rex
1144 2638 1199 2668 Ar-

132 2684 249 2706 morum
267 2674 325 2705 sive
344 2672 501 2710 Heraldus,
519 2681 652 2710 tempore
668 2673 809 2702 Edwardi
827 2676 914 2703 Tertii
932 2684 1021 2714 nuper
1031 2674 1118 2715 Regis
1136 2677 1198 2706 An-

131 2714 198 2753 gliae
216 2712 413 2752 Progenitoris
430 2710 520 2741 nostri
539 2710 675 2750 existens,
693 2712 723 2741 in
742 2711 850 2756 Regno
869 2712 970 2743 nostro
987 2713 1127 2752 praedieto
1147 2716 1199 2745 ha-

134 2754 199 2784 buit
226 2753 259 2783 &
285 2751 428 2790 percepit,
453 2750 617 2781 habendam
643 2751 676 2781 &
702 2750 919 2789 percipiendam
943 2751 1138 2784 Liberaturam
1166 2755 1200 2785 &
1221 2763 1225 2767 ’

134 2791 287 2824 Vesturam
312 2788 473 2822 hu'usrnodi
499 2789 592 2819 eidem
622 2787 775 2819 Willielmo
800 2791 946 2821 annuatim
972 2801 1026 2829 pro
1052 2792 1200 2823 Termino

135 2829 214 2860 Vitae
231 2829 303 2868 suae,
318 2801 359 2860 adl
371 2837 509 2866 magnam
528 2827 727 2859 Gai-derobam
747 2828 874 2859 nostram
893 2828 1054 2861 Haeredum
1075 2832 1108 2862 &
1127 2831 1203 2863 Suc-

134 2868 280 2900 cessorum
298 2867 486 2906 nostrorum,
510 2876 560 2904 per
589 2865 695 2897 Manus
714 2866 850 2898 Custodis
875 2868 1001 2906 ejusdem
1021 2869 1203 2901 Garderobae

135 2906 245 2938 nostrae
264 2905 423 2937 Haeredum
441 2906 475 2938 ὅ(
501 2905 706 2936 Successorum
732 2906 897 2937 nostrorum
918 2917 970 2952 pro
997 2916 1126 2946 tempore
1144 2911 1204 2940 exi-

136 2946 249 2984 stentis3
268 2945 362 2984 aliquo
380 2944 491 2975 Statuto
511 2944 587 2975 Astu
607 2944 803 2975 Ordinatione
821 2945 988 2977 Provilione
1006 2947 1063 2978 sive
1092 2947 1203 2979 Restri-

139 2985 237 3015 &ione
255 2983 321 3015 inde
339 2986 369 3014 in
387 2984 564 3014 contrarium
582 2983 683 3013 habitis
700 2982 784 3015 fastis
803 2984 885 3016 editis
903 2985 1038 3016 ordinatis
1059 2986 1116 3018 sive
1135 2997 1205 3027 pro-

276 3147 332 3185 De.
350 3142 528 3177 Admirallo
540 3170 550 3186 ‚
576 3153 679 3177 contra
703 3146 876 3192 Hispanos,
897 3146 1062 3191 constituto.

469 3241 522 3271 To
534 3240 569 3271 all
582 3240 702 3271 whome
714 3240 805 3280 these,
825 3241 886 3278 ὀνο.
924 3243 1093 3283 Greetinge.

227 3279 420 3312 Forasmuche
437 3288 466 3309 as
480 3280 561 3311 there
573 3280 598 3309 is
608 3280 664 3318 just
677 3280 733 3310 and
754 3282 908 3314 neceffarie
929 3282 1021 3314 Cause
1044 3294 1138 3322 geven
1159 3285 1208 3317 Us

147 3322 233 3354 to-set
249 3319 331 3350 forth
343 3326 376 3348 to
389 3318 438 3348 the
452 3318 518 3348 Seas
532 3319 561 3348 iri
575 3318 691 3348 warlike
705 3329 825 3351 manner
839 3330 892 3352 our
901 3321 1022 3363 Navye,
1040 3333 1208 3363 compoun-

148 3360 203 3393 ded
218 3369 246 3391 as
260 3358 326 3391 well
340 3357 377 3387 of
389 3367 404 3387 a
421 3365 518 3388 certen
534 3357 656 3388 nomber
670 3357 708 3387 of
717 3367 786 3388 oure
808 3370 897 3391 owne
921 3361 1057 3401 ShippeS,
1083 3374 1111 3393 as
1126 3365 1163 3394 of
1172 3375 1207 3394 o-

146 3401 239 3437 thers,
257 3396 431 3429 convenient
448 3397 492 3426 for
507 3395 557 3426 the
570 3394 704 3427 Defence
717 3397 754 3427 of
766 3408 818 3428 our
838 3399 973 3430 Realmes
986 3401 1041 3431 and
1057 3401 1208 3441 SubiectS,

145 3437 270 3479 againste
284 3436 352 3466 such
368 3435 517 3473 Attempts
528 3445 563 3464 or
583 3433 741 3473 Invafions,
767 3447 794 3467 as
815 3438 864 3467 the
886 3437 1082 3476 Preparations
1103 3442 1139 3471 of
1154 3452 1207 3473 our

145 3478 308 3515 Ennemyes
325 3474 382 3504 doe
397 3482 470 3512 geve
484 3473 533 3504 Us
547 3473 642 3504 reason
657 3481 692 3504 to
706 3476 863 3515 conceive,
881 3477 941 3507 tha-t
965 3478 1032 3519 they
1050 3480 1152 3511 entend
1175 3489 1207 3512 to

144 3525 263 3549 execute
281 3523 378 3552 uppon
391 3513 471 3543 some
487 3521 547 3550 part
563 3511 600 3542 of
609 3522 663 3542 our
680 3512 966 3553 Dominions‚Wee
982 3517 1054 3548 have
1069 3520 1126 3560 byn
1146 3521 1207 3551 the-

146 3556 238 3587 refore
260 3551 369 3584 moved
390 3558 424 3582 to
445 3551 569 3582 bethink
583 3561 636 3580 our
650 3551 704 3581 self
715 3553 751 3582 of
760 3553 842 3584 some
857 3564 952 3586 meere
967 3556 1088 3596 Person,
1116 3559 1207 3590 bothe

146 3595 191 3625 for
206 3595 250 3624 his
268 3592 399 3630 Degree,
417 3590 471 3621 and
487 3590 662 3632 Experience
679 3592 708 3620 in
721 3590 778 3621 like
787 3591 902 3624 Marine
911 3594 1055 3634 Services,
1071 3605 1103 3626 to
1118 3598 1206 3629 who-

149 3643 197 3663 me
220 3631 297 3662 Wee
323 3631 436 3667 mighte
460 3631 617 3660 committe
638 3632 670 3659 10
687 3638 781 3672 greate
800 3641 815 3661 a
832 3631 946 3672 Charge
960 3644 987 3663 as
1001 3635 1052 3665 the
1065 3635 1205 3667 Govern-

147 3679 227 3702 ment
241 3671 277 3701 of
287 3679 341 3699 our
357 3669 428 3699 saide
444 3668 550 3708 Navye
570 3667 627 3698 and
643 3668 774 3706 subjecti
786 3669 823 3698 of
832 3670 867 3699 all
882 3671 952 3701 forts
967 3672 1076 3704 therein
1097 3675 1205 3705 serviti-

166 3721 200 3748 ες
219 3708 286 3740 And
300 3718 398 3746 uppon
413 3707 467 3737 due
482 3706 706 3739 Confideration
721 3707 757 3736 of
767 3707 815 3737 the
832 3708 957 3740 Fidelitie
967 3711 1054 3741 Valor
1068 3714 1122 3743 and
1138 3714 1207 3744 Suf—

167 3748 276 3779 ciencie
290 3747 340 3785 os,
366 3757 422 3778 our
436 3747 511 3784 right
527 3745 644 3775 Trustie
666 3745 720 3775 and
739 3746 941 3778 Well'oeloved
952 3774 961 3786 ‚
986 3750 1103 3780 Thomas
1127 3754 1208 3782 Lora'

152 3790 281 3816 Howard
292 3789 386 3815 Baron
400 3784 435 3825 of
444 3784 563 3815 Walden
579 3783 713 3825 Knighte
730 3783 767 3813 of
770 3794 822 3814 our
838 3785 992 3819 honorable
1007 3789 1103 3820 Order
1117 3791 1152 3821 of
1159 3792 1206 3822 the

150 3823 269 3863 Garter,
284 3825 364 3854 Wee
380 3824 455 3854 have
474 3823 555 3854 made
569 3824 665 3854 choile
681 3823 717 3852 of
730 3823 791 3852 him
807 3832 839 3853 to
859 3828 997 3858 committ
1024 3826 1053 3858 so
1076 3839 1173 3866 greate
1190 3841 1205 3861 a

145 3862 252 3893 Truste
265 3862 320 3892 and
333 3862 450 3899 Charge
467 3872 548 3893 unt0.

186 3899 301 3930 Knowe
315 3910 350 3940 ye
363 3901 506 3931 therefore
518 3901 595 3937 that,
613 3900 657 3930 for
670 3900 749 3929 those
764 3900 904 3940 respeets‚
922 3902 999 3934 Wee
1019 3904 1058 3934 do
1074 3906 1112 3946 by
1129 3906 1206 3938 these

151 3938 280 3970 Presents
299 3948 382 3969 name
400 3940 485 3970 make
504 3940 637 3978 appointe
656 3939 811 3969 constitute
828 3940 953 3980 ordeyne
962 3941 1016 3972 and
1036 3943 1141 3981 depute
1157 3946 1206 3976 the

150 3977 206 4008 said
225 3975 338 4005 Thomas
356 3986 388 4007 to
407 3978 444 4008 be
462 3989 516 4008 our
535 3981 706 4007 Lieutenant
723 3977 778 4007 and
798 3981 931 4018 Captaine
951 3983 1082 4011 Generall
1096 3985 1208 4014 Leader

149 4018 290 4045 Governor
308 4014 364 4044 and
382 4015 530 4046 Admirall
553 4017 590 4047 of
611 4026 665 4047 our
681 4016 754 4047 saide
780 4016 813 4046 N
817 4027 886 4056 avye
904 4019 958 4049 and
977 4019 1081 4051 Forces
1098 4022 1207 4052 therein

150 4055 294 4091 servinge,
313 4052 428 4083 whiche
441 4055 520 4084 Wee
534 4055 607 4086 have
622 4055 689 4087 sette
706 4064 736 4085 to
754 4056 802 4086 the
820 4055 885 4086 Seas
899 4057 946 4086 for
961 4057 1008 4088 the
1026 4059 1158 4091 Defence
1173 4061 1210 4091 of

149 4103 206 4124 oui·
226 4091 357 4122 Realmes
379 4091 435 4121 and
455 4091 581 4133 People,
607 4093 711 4134 against
738 4095 788 4126 the
809 4095 950 4134 Spaniard
960 4096 1032 4128 their
1046 4098 1210 4130 Adherents

175 4134 250 4162 Tem.
269 4132 337 4162 VII.
359 4131 393 4160 P.
412 4132 439 4161 I.
1156 4138 1213 4170 and

2208 189 2287 226 219

1216 251 1297 290 vifis,
1315 261 1362 284 aut
1379 253 1471 291 aliqua
1490 252 1543 283 alia
1563 252 1611 284 Re
1625 253 1718 284 Causa
1735 255 1780 286 vel
1801 255 1924 289 Materia
1952 267 2152 298 quacumque,
2178 260 2207 289 in
2231 259 2282 290 ali·
2306 252 2436 284 Anu-D-

1215 299 1276 329 quo
1294 301 1353 321 non
1373 292 1564 322 obstantibus:

1253 327 1300 359 Eo
1318 330 1399 369 quod
1417 329 1543 369 expressa
1563 331 1691 369 mentio,
1711 330 1772 362 &c.
2300 301 2437 397 4393&

2362 379 2398 406 eg-

1252 406 1286 436 In
1305 407 1384 445 cujus
1398 407 1454 445 rei,
1471 407 1533 439 &c-

1253 484 1344 516 Teste
1360 483 1478 523 Regina
1492 484 1568 524 apud
1584 485 1866 526 westmonasterium,
1886 488 1962 518 sexto
1977 488 2023 519 die
2035 489 2123 528 Junii.

1782 566 1835 593 Per
1853 567 1945 594 Breve
1966 565 1998 594 de
2015 568 2135 596 Privato
2149 567 2251 607 Sigillo-

1421 688 1481 721 Aa'
1505 691 1653 736 Reginam
1680 701 1701 721 a
1724 691 1802 735 Rege
1826 690 1931 721 Daniae
1958 692 2077 722 Literae.

1298 773 1466 812 Sereniffima
1484 777 1615 815 Princeps
1632 773 1839 813 consanguinea
1858 773 1896 809 &
1915 777 1995 804 Soror
2013 774 2195 814 Chariffima,

1220 849 1270 902 T
1274 848 1366 880 Ernas
1385 850 1469 881 fimul
1489 851 1505 880 Ξῑ
1518 855 1673 882 Serenitate
1692 852 1784 891 vestra
1804 851 1906 882 Nobis
1922 852 2012 882 attulit
2031 851 2145 882 Thomas
2164 855 2281 892 ferrers,
2303 857 2440 887 Biblon-

1291 896 1419 928 tempore
1437 889 1565 928 diverso,
1584 900 1623 920 20
1642 894 1771 921 nimirum
1789 894 1914 929 Martii,
1938 900 1971 930 15
1993 888 2031 925 ὠ·
2052 900 2088 927 17
2108 891 2216 930 Aprilis
2233 902 2282 921 ex-
2302 907 2353 925 1071.
2370 901 2420 923 Ne-

1219 934 1327 966 maras,
1355 929 1459 966 quibus
1475 929 1586 965 Scripta
1604 932 1736 969 prseterea
1755 929 1814 960 duo
1832 930 1987 967 conjuncta
2006 930 2144 969 fuerunt,
2175 939 2281 960 ALTE-
2303 947 2328 963 ro
2344 940 2373 962 Β.
2390 944 2420 969 4.

1221 973 1302 995 RUM
1317 966 1368 997 sub
1393 967 1496 997 Titulo
1520 967 1671 1006 Responsi,
1701 968 1735 998 ad
1751 978 1784 999 ea
1802 978 1867 1007 quae
1887 969 2013 1005 Legatus
2032 969 2128 1000 noster
2152 968 2284 999 Nirholas
2295 974 2345 1011 fol,
2378 982 2447 1010 299.

1221 1007 1335 1042 Cragius
1357 1009 1390 1034 F.
1415 1008 1445 1036 V.
1465 1009 1504 1035 D.
1521 1009 1670 1036 Serenitati
1687 1006 1788 1046 vestrae
1814 1007 1975 1046 proposuit,
2004 1016 2198 1047 ALTERUM,
2222 1018 2285 1046 par-

1221 1043 1275 1072 tim
1298 1044 1334 1088 de
1356 1045 1389 1074 iis
1416 1054 1481 1084 quae
1505 1044 1593 1083 Angli
1618 1045 1670 1076 sibi
1687 1046 1768 1076 reddi
1779 1047 1845 1085 jure
1863 1047 1959 1085 aliquo
1978 1047 2076 1077 deberi
2093 1048 2264 1077 arbitrantur
2279 1070 2289 1085 ‚

1221 1090 1435 1114 concinnatum.

1265 1121 1367 1151 Literis
1385 1121 1503 1160 quidem
1531 1122 1604 1152 binis
1623 1125 1774 1153 Serenitati
1790 1122 1890 1162 vestra·
1909 1125 1997 1155 inerat
2022 1124 2179 1164 gratissima
2199 1125 2232 1155 ὃς
2251 1124 2294 1155 so-

1226 1160 1299 1189 roria
1319 1159 1578 1191 Commemoratio
1597 1171 1699 1192 eorum
1719 1172 1784 1202 quae
1804 1163 1917 1199 Legato
1935 1162 2056 1202 nostro,
2074 1164 2151 1194 circa
2165 1164 2293 1202 justiciae

1228 1197 1530 1238 Administrationem,
1548 1200 1667 1237 praestita
1685 1201 1784 1239 fuere,
1810 1210 1879 1230 cum
1898 1202 2031 1239 adjuncta
2050 1203 2127 1233 vatia
2141 1203 2294 1233 excusatio-

1229 1247 1265 1266 ne
1285 1237 1406 1268 frustrati
1429 1237 1571 1269 successus
1593 1240 1627 1269 ὅ(
1646 1241 1707 1269 voti
1728 1239 1835 1276 nostri,
1862 1241 1964 1278 quibus
1983 1241 2045 1271 sine
2066 1242 2245 1280 acquiescere
2261 1242 2296 1271 li-

1230 1285 1276 1305 cet
1293 1287 1346 1307 nec
1367 1277 1516 1316 possumus
1534 1287 1589 1308 nec
1615 1278 1785 1316 debeamus,
1814 1278 1882 1308 Deo
1902 1288 1996 1309 tamen
2016 1280 2131 1310 summo
2158 1284 2191 1312 δε
2208 1291 2296 1311 occa-

1234 1315 1305 1345 sioni
1331 1316 1533 1346 commodiori
1559 1324 1661 1346 caetera
1685 1317 1900 1347 committentes
1920 1341 1929 1355 ,
1968 1319 1996 1348 in
2023 1319 2149 1350 futurum
2178 1321 2297 1350 meliora

1234 1355 1268 1384 ὃς
1298 1355 1494 1392 expectationi
1517 1354 1620 1385 nostiae
1640 1356 1733 1391 magis
1753 1358 1908 1387 annuenti-a
1926 1357 2032 1396 sperare
2045 1358 2179 1395 jubemur
2197 1371 2208 1397 z,
2234 1368 2297 1399 per-

1233 1392 1299 1423 suasi
1324 1393 1382 1431 ipsa
1408 1396 1574 1423 Serenitatis
1601 1393 1699 1432 vestrae
1725 1396 1806 1424 toties
1834 1397 1917 1425 nobis
1942 1396 2038 1427 oblata
2063 1400 2195 1434 {equitate
2214 1421 2224 1436 ‚
2262 1399 2297 1429 δε

1235 1431 1366 1471 singulari
1391 1432 1445 1470 qua
1469 1432 1537 1462 Nos
1561 1433 1736 1471 prosequitur
1759 1433 1965 1470 conjunffione
1994 1435 2107 1473 antiqua
2124 1438 2157 1466 ὃς
2177 1437 2298 1467 haeredi-

1235 1474 1303 1501 taria
1322 1495 1332 1510 ,
1370 1471 1440 1501 Nos
1462 1481 1558 1502 autem
1577 1494 1587 1510 ,
1624 1480 1683 1502 tam
1705 1471 1837 1510 Justiciae
1862 1472 1961 1511 vestrae
1990 1477 2153 1504 serenitatis
2173 1476 2302 1506 Subdiris

1235 1509 1464 1541 administrandae
1483 1537 1492 1549 ,
1529 1511 1617 1548 quam
1648 1520 1755 1540 mutuae
1779 1511 2080 1543 Amicitise‘colendae
2105 1514 2137 1544 ὃς
2161 1516 2300 1549 augentice

1237 1548 1330 1578 studio
1347 1571 1356 1586 ,
1397 1550 1454 1588 pari
1487 1547 1623 1579 industria
1652 1551 1792 1587 perpetuo
1824 1549 2026 1580 incumbemus
2041 1574 2050 1587 ,
2083 1552 2120 1580 ne
2147 1555 2301 1591 quidquam

1237 1588 1266 1617 in
1296 1587 1366 1617 Nos
1395 1589 1433 1626 pii
1466 1586 1651 1627 Magistratus
1685 1587 1789 1618 Officii
1811 1587 1958 1619 deiiderari
1982 1589 2067 1626 possit
2083 1599 2089 1618 :
2129 1589 2300 1622 intercesso-

1237 1628 1304 1665 τίκ,
1319 1627 1356 1656 de
1372 1626 1552 1665 Huldenfibus
1571 1626 1731 1664 mulitatis,
1751 1626 1847 1666 Mense
1864 1631 1974 1657 Martio
1987 1628 2021 1658 ad
2037 1628 2105 1657 Nos
2119 1631 2303 1669 conscriptae,

1238 1666 1267 1694 in
1289 1665 1368 1695 causa
1389 1673 1446 1694 tam
1465 1665 1570 1703 liquida
1585 1666 1667 1705 plane
1681 1666 1762 1695 nobis
1778 1676 1863 1696 novae
1886 1666 2017 1705 fuerunt,
2038 1667 2107 1697 cum
2131 1669 2201 1698 nihil
2220 1670 2304 1706 poffit

1238 1703 1275 1733 de
1290 1702 1387 1733 fraude
1401 1703 1556 1734 voluntaria
1571 1703 1699 1734 constare
1717 1703 1907 1742 manifestius,
1935 1706 1969 1735 ad
1984 1716 2072 1744 quani
2093 1706 2112 1736 si
2130 1710 2303 1747 connivere,

1239 1742 1352 1780 recepta
1368 1742 1508 1779 ejusmodi
1529 1743 1715 1773 excusationis
1737 1742 1846 1782 specie,
1864 1744 1952 1783 qualis
1974 1754 2007 1775 ex
2034 1744 2143 1776 Nautae
2156 1746 2238 1776 solius
2252 1747 2304 1777 Er-

1239 1791 1303 1811 rore
1321 1782 1521 1819 praetenditur,
1541 1781 1680 1820 velimus,
1694 1791 1840 1820 nunquam
1860 1783 1963 1812 modus
1978 1783 2237 1821 Deceptationibus
2250 1786 2307 1816 sta·-

1240 1829 1382 1858 tueretur,
1403 1819 1537 1857 Ignoscat
1552 1821 1635 1859 igitur
1654 1819 1747 1858 vestra
1761 1823 1898 1850 Serenitas
1918 1822 1997 1859 quOd
2015 1830 2075 1852 tam
2098 1827 2229 1860 proterve
2246 1824 2306 1856 Dc-

1239 1859 1433 1897 linquentibus
1456 1860 1576 1889 minime
1599 1859 1816 1897 indulgeamus,
1851 1860 1884 1890 &
1905 1861 2007 1891 animo
2026 1861 2136 1892 sororio
2167 1865 2308 1904 expendat

1238 1906 1377 1936 quantum
1392 1898 1462 1929 hinc
1478 1897 1579 1929 Nobis
1595 1897 1799 1928 Molestiarum
1821 1897 1854 1927 &
1870 1897 2015 1930 Fraudum
2029 1900 2257 1940 expectandum,
2286 1903 2306 1934 fi

1238 1937 1427 1975 Subterfugiis
1444 1937 1527 1975 hujus
1537 1938 1647 1976 generis
1661 1937 1798 1976 cuiquam
1813 1937 1933 1973 impune
1948 1948 2068 1976 peccare
2090 1940 2202 1980 liceret,
2232 1942 2302 1971 nihil

1239 1976 1314 2007 hisce
1332 1975 1542 2006 Mercatoribus
1557 1977 1572 2006 ὲ
1584 1975 1800 2006 consuetudine
1816 1975 1848 2005 &
1863 1975 1977 2007 Statuto
1992 1977 2088 2016 Regio
2104 1979 2228 2010 alienum
2238 1991 2309 2011 con-

1238 2016 1317 2055 tigit,
1336 2015 1356 2034 ²*
1375 2014 1425 2045 nisi
1440 2015 1516 2055 quod
1533 2016 1628 2045 mitius
1644 2024 1730 2053 quam
1749 2014 1838 2053 Leges
1851 2014 1953 2052 jubent
1967 2017 2098 2048 mulctati
2122 2019 2196 2056 fint,
2223 2019 2308 2058 idque

1239 2054 1350 2086 Gratiae
1366 2053 1470 2094 Regiae
1484 2055 1588 2084 merito
1599 2055 1734 2084 ascribere
1749 2052 1864 2084 debent.

1276 2093 1425 2132 Scriptum
1449 2093 1517 2123 illud
1539 2094 1636 2132 (cujus
1657 2093 1839 2122 meminimus
1862 2092 1912 2123 sub
1935 2092 2038 2124 Titulo
2059 2094 2196 2133 Responsi
2214 2097 2249 2128 ad
2273 2109 2305 2130 ea

1239 2142 1304 2174 quae
1325 2133 1342 2162 a
1368 2132 1480 2175 Legato
1500 2132 1600 2162 nostro
1622 2130 1759 2162 Nicholao
1779 2134 1876 2168 Cragio
1889 2134 1927 2161 L.
1941 2135 1971 2162 V.
1986 2135 2026 2162 D.
2039 2137 2189 2164 Serenitati
2211 2136 2310 2177 vestm

1240 2171 1383 2211 proposita
1406 2170 1486 2208 lunt)
1512 2172 1580 2202 ideo
1597 2171 1680 2209 paulo
1693 2170 1806 2210 gravius
1821 2170 1906 2200 nobis
1919 2170 2012 2201 visum
2029 2172 2100 2210 fuit,
2124 2174 2204 2212 quod
2220 2185 2310 2213 pauca

1239 2211 1429 2250 Legationem
1454 2209 1535 2247 ipsius
1548 2210 1716 2248 spectantia,
1734 2209 1855 2247 plurima
1872 2211 1943 2240 vero
1961 2219 2061 2242 contra
2081 2211 2199 2251 Regalia
2215 2214 2310 2246 nostra

1240 2251 1273 2282 ὃς
1291 2250 1435 2281 summam
1450 2249 1562 2279 illorum
1578 2249 1791 2279 Authoritatem
1807 2249 1971 2288 continere,
1988 2249 2080 2290 longis
2098 2252 2236 2283 nimirum
2254 2253 2310 2284 dis-

1241 2289 1450 2327 ceptationibus
1480 2290 1510 2318 in
1533 2288 1655 2318 dubium
1680 2286 1816 2318 vocando
1839 2297 1903 2324 quae
1925 2288 2183 2321 Praedecefforibus
2207 2291 2311 2322 nostris

1243 2329 1327 2359 omni
1348 2336 1481 2364 ternpore
1503 2328 1612 2365 integra
1633 2327 1665 2357 δε
1689 2326 1767 2356 licita
1789 2325 1885 2364 fuere,
1910 2325 2077 2366 Nobisque,
2097 2328 2166 2359 Deo
2182 2329 2310 2368 &Justi-

1242 2366 1288 2398 cici
1303 2365 1417 2396 summa
1439 2366 1642 2403 permittente,
1667 2363 1771 2402 absque
1789 2362 1995 2396 Controversia
2008 2366 2079 2398 salva
2096 2368 2152 2398 efle
2167 2368 2201 2399 &
2223 2370 2312 2401 libera

1242 2416 1261 2436 o
1283 2413 1403 2436 orteant.

1263 2416 1307 2475 PV
1315 2444 1399 2474 erum
1417 2442 1485 2473 cum
1501 2443 1633 2480 prolixius
1647 2452 1679 2472 ac
1696 2441 1806 2479 plenius
1821 2441 1857 2472 ad
1872 2441 1935 2472 liaec
1949 2442 1983 2472 ὃς
1997 2442 2102 2481 reliqua
2116 2454 2181 2484 quae
2200 2446 2304 2478 Literae

1243 2491 1303 2513 tarn
1334 2491 1367 2521 15
1391 2482 1476 2520 quam
1498 2491 1534 2519 17
1551 2481 1654 2519 Aprilis
1675 2480 1762 2510 Datae
1775 2481 1939 2518 requirunt,
1959 2481 2125 2518 respondere
2149 2486 2314 2523 cupiamus,

1244 2524 1276 2553 ὃ(
1286 2522 1415 2559 pleraque
1428 2521 1486 2557 ejus
1499 2521 1643 2550 momenti
1657 2520 1713 2549 esie
1728 2519 1916 2557 arbitremur,
1941 2528 1971 2549 ut
1985 2519 2095 2550 Statum
2111 2521 2207 2561 Regni
2222 2525 2313 2556 nostr>

1244 2562 1276 2590 St
1287 2559 1407 2589 Ordinis
1422 2559 1503 2618 iplius
1522 2567 1717 2595 concernant,
1733 2567 1792 2594 quo
1807 2557 1844 2587 de
1858 2560 2013 2588 communi
2036 2558 2183 2592 Sententia
2200 2564 2270 2601 quid
2281 2569 2311 2596 ni

1244 2608 1302 2628 tam
1320 2598 1396 2637 gravi
1412 2598 1546 2636 hegotio
1563 2597 1664 2627 Nobis
1680 2595 1917 2627 constituendum
1935 2596 1967 2626 fit
1992 2598 2198 2639 intelligamuS,
2215 2601 2316 2633 decre-

1245 2638 1341 2667 vimus
1352 2636 1386 2666 ad
1403 2636 1498 2674 Regni
1513 2636 1651 2666 Senatum
1666 2636 1805 2674 proximis
1821 2637 1849 2665 in
1865 2634 2019 2674 Comitiis,
2038 2647 2101 2675 quae
2114 2637 2215 2670 Mense
2231 2643 2314 2671 oeta-

1245 2676 1286 2705 ἑνὶ
1311 2675 1547 2714 celebrabuntur,
1570 2675 1634 2705 haec
1655 2674 1781 2705 universa
1802 2673 1929 2717 deferre,
1949 2676 2050 2713 quibus
2073 2677 2191 2716 exactis,
2223 2680 2316 2719 vcstra

1245 2718 1382 2744 Serenitas
1398 2714 1433 2744 ad
1449 2714 1556 2752 singula
1568 2713 1725 2744 fraternum
1740 2714 1773 2743 &
1788 2714 1934 2750 copioiius
1947 2713 2128 2751 Responsum
2142 2718 2220 2747 reddi
2237 2730 2316 2749 cura-

1247 2755 1362 2792 bimus,
1391 2754 1508 2783 interim
1532 2761 1616 2791 atque
1642 2754 1784 2789 perpetuo
1805 2751 2001 2781 florentiffitna
2024 2764 2145 2793 quaeque
2168 2760 2318 2789 Serenitati

1245 2791 1343 2832 vestrae
1359 2793 1375 2821 a
1393 2791 1471 2822 Deo
1492 2791 1637 2822 OPTiMo
1656 2790 1803 2821 Maximo
1820 2800 1981 2830 precamur.

1285 2868 1372 2899 Datae
1388 2870 1405 2899 ὲ
1419 2871 1503 2906 Regia
1518 2867 1611 2908 nostra
1628 2867 1771 2906 Haffniae,
1789 2866 1917 2906 24.Ju1ii
1929 2891 1938 2906 ,
1959 2869 2050 2899 Anno
2070 2878 2154 2909 1599.

2029 2945 2283 2979 CHRisTIANUS.

1254 3118 1380 3148 Parente
1405 3123 1441 3146 en
1465 3110 1574 3145 faveur
1596 3109 1644 3144 du
1670 3111 1760 3145 Lord
1787 3109 1936 3145 Howard
1962 3111 2057 3146 establi
2081 3124 2165 3160 pour
2198 3117 2320 3152 Arnisa}

1587 3171 1695 3194 contre
1720 3160 1760 3194 les
1788 3160 1978 3207 Espagnols.

1253 3247 1475 3312 ELizabeth,
1493 3244 1556 3281 &c.
1594 3250 1631 3276 A
1646 3253 1707 3277 tous
1721 3257 1805 3286 ceux,
1823 3243 1885 3281 &c.
1903 3247 1994 3276 Salut.

1350 3287 1496 3318 D'autant
1514 3296 1593 3325 quon
1611 3296 1675 3315 nous
1693 3297 1711 3314 a
1730 3286 1823 3315 donne‘
1835 3297 1871 3315 un
1888 3286 1956 3324 juste
1966 3285 2190 3327 fiaejet&obligcf
2201 3290 2232 3319 de
2248 3297 2317 3322 met-

1253 3334 1296 3356 tre
1316 3338 1348 3356 en
1370 3329 1434 3356 Mer
1453 3332 1529 3355 notre
1546 3323 1638 3354 Flotte
1654 3326 1743 3354 arme‘e
1763 3337 1797 3354 en
1814 3335 1927 3363 guerre,
1952 3328 2080 3365 composffe
2095 3334 2160 3356 tant
2178 3328 2243 3357 d'nn
2261 3341 2317 3360 cer-

1253 3369 1316 3396 tain
1339 3365 1447 3394 nombre
1473 3364 1505 3393 de
1520 3374 1566 3394 nos
1578 3371 1688 3402 propres
1707 3363 1864 3402 Vaff’aux,
1892 3375 1941 3403 que
1959 3365 2082 3394 d’autres
2100 3369 2146 3404 qui
2165 3366 2228 3404 [ont
2251 3378 2317 3408 pra-

1250 3412 1311 3442 pres
1337 3404 1354 3433 d
1382 3402 1510 3444 de'f'endre
1535 3414 1583 3433 nos
1602 3405 1749 3440 Royaumes
1767 3401 1805 3436 (ἐν
1821 3414 1868 3432 nor
1885 3404 1990 3440 Snjets,
2018 3412 2106 3433 contre
2125 3403 2162 3432 les
2183 3412 2319 3444 entrepri-

1245 3442 1292 3483 [ἐς
1305 3455 1339 3473 ou
1358 3442 1396 3472 les
1414 3440 1573 3483 invafions,
1593 3452 1643 3481 que
1661 3441 1697 3471 les
1712 3440 1883 3481 preparatifs
1900 3442 1931 3470 de
1949 3453 1996 3471 nos
2014 3444 2144 3471 Ennemis
2165 3455 2231 3474 nous
2249 3447 2319 3477 don-

1251 3490 1320 3512 nent
1334 3481 1409 3519 sajet
1426 3483 1459 3511 de
1477 3484 1561 3510 croire
1578 3480 1657 3520 qrsils
1674 3488 1724 3510 ont
1742 3479 1838 3519 deffein
1853 3480 2006 3509 d’executer
2024 3492 2056 3508 en
2075 3481 2187 3521 quelque
2212 3486 2319 3516 endroit

1252 3522 1284 3550 de
1303 3531 1352 3551 nos
1369 3524 1535 3557 Domaines,
1551 3530 1618 3548 nous
1637 3529 1724 3548 avons
1743 3521 1790 3548 e'te‘
1803 3520 1927 3555 engagdes
1942 3518 2043 3557 par-ld
2059 3518 2077 3547 ci
2090 3519 2190 3559 sbnger
2206 3522 2224 3552 ἂ
2242 3525 2318 3564 quel-

1250 3570 1303 3600 que
1323 3559 1459 3597 Perlonne
1477 3557 1605 3596 capable,
1624 3565 1690 3587 tant
1701 3566 1755 3596 par
1768 3557 1820 3596 son
1837 3568 1907 3593 rang
1925 3568 1975 3599 que
1985 3564 2041 3595 par
2051 3557 2105 3596 stin
2120 3565 2270 3599 experience
2280 3575 2317 3594 au

1250 3601 1360 3628 Service
1377 3598 1409 3627 de
1428 3599 1510 3634 Mer,
1538 3595 1556 3625 ὰ
1583 3599 1631 3636 qm'
1646 3607 1712 3626 nous
1727 3596 1848 3636 puiffiom
1874 3597 1969 3633 confier
1986 3607 2039 3625 une
2050 3596 2081 3638 fi
2090 3600 2194 3635 grande
2218 3600 2315 3640 charge

1249 3649 1299 3677 que
1324 3636 1386 3666 celle
1412 3636 1444 3665 de
1467 3635 1633 3665 commander
1650 3642 1729 3664 notre
1739 3635 1842 3674 snsdite
1863 3633 1951 3663 Flotte
1970 3631 2008 3668 (θ’
2030 3646 2079 3664 nos
2100 3638 2188 3676 Sujets
2206 3641 2238 3670 de
2255 3649 2316 3671 tous

1250 3686 1332 3714 rangs
1347 3679 1395 3716 qui
1405 3686 1425 3715 y
1437 3674 1564 3714 Jbrvent.
1582 3676 1625 3703 Et
1637 3673 1751 3713 faisant
1769 3672 1898 3711 reflexion
1906 3673 1957 3711 fier
1975 3672 2004 3701 la
2022 3673 2172 3713 fidelitcha
2192 3678 2313 3710 bravon-

1251 3726 1281 3745 re
1300 3714 1338 3749 ὠ·
1355 3714 1384 3744 la
1405 3712 1571 3752 capacite'de
1590 3719 1667 3742 notre
1685 3712 1743 3742 tres
1760 3711 1839 3749 fidele
1857 3708 1895 3745 ὠ
1916 3711 2069 3742 bien-aime‘
2080 3714 2214 3746 Thomas
2233 3718 2314 3749 Lord

1249 3752 1384 3784 Howard
1403 3753 1496 3783 Baron
1515 3750 1552 3781 de
1559 3751 1698 3788 Walden,
1716 3749 1860 3779 chevalier
1877 3750 1908 3779 de
1927 3758 2004 3779 notre
2020 3751 2122 3788 illustre
2140 3756 2229 3784 Ordre
2236 3758 2268 3786 de
2284 3757 2313 3787 la

1253 3792 1413 3831 Jarretiere
1424 3815 1433 3830 ‚
1451 3802 1516 3820 nous
1533 3789 1645 3820 l'avons
1663 3789 1743 3828 chuisi
1754 3797 1820 3827 pour
1838 3787 1878 3818 lui
1891 3796 2020 3818 remetire
2037 3799 2107 3822 cette
2125 3793 2222 3832 charge
2246 3796 2278 3825 de
2286 3796 2319 3837 fi

1246 3831 1353 3869 grande
1375 3829 1518 3868 confiance.

1287 3907 1390 3938 Sachez
1406 3907 1475 3936 donc
1489 3916 1554 3945 que,
1570 3914 1637 3943 pour
1657 3913 1696 3932 ces
1714 3903 1936 3943 consideratiores,
1957 3916 2021 3934 nous
2040 3917 2187 3947 nommons,
2195 3910 2311 3940 {tablis-

1243 3947 1328 3988 fions,
1347 3945 1517 3985 constituens,
1534 3944 1684 3972 ordonnons
1702 3941 1739 3977 ὠ
1759 3942 1887 3981 deputem
1899 3951 1952 3982 par
1972 3955 2012 3973 ces
2030 3947 2171 3984 Presentes
2187 3948 2211 3977 le
2230 3949 2315 3988 [ufiiit

1250 3986 1386 4018 Thomas
1396 3993 1464 4022 pour
1479 3983 1536 4011 etre
1555 3988 1632 4011 notre
1653 3981 1819 4011 Lieutemnt
1845 3982 1878 4012 δε
1900 3982 2050 4019 Capitaine
2075 3985 2211 4024 Geneml,
2229 3987 2312 4017 Con-

1252 4025 1373 4055 dudteur
1385 4045 1395 4061 ,
1415 4022 1607 4051 Gouverneur
1632 4019 1670 4054 de»
1698 4019 1808 4050 Amiral
1833 4020 1865 4049 de
1883 4029 1962 4050 notre
1979 4022 2068 4051 Flotte
2085 4021 2123 4057 ὠν
2141 4026 2185 4054 des
2202 4029 2314 4063 Troupes

1250 4068 1296 4105 qui
1310 4074 1329 4102 y
1339 4062 1458 4101 servent
1474 4082 1483 4097 ‚
1506 4069 1556 4098 que
1576 4068 1641 4087 nous
1666 4069 1755 4088 avom
1773 4058 1836 4096 mise
1861 4070 1895 4088 en
1921 4063 1985 4090 Mer
2008 4069 2078 4099 pour
2095 4062 2122 4091 la
2149 4064 2255 4101 defense
2280 4064 2313 4093 de

1251 4111 1299 4133 nos
1316 4104 1462 4139 Royaumes
1480 4097 1518 4134 (ξφ
1536 4097 1644 4135 Sujets,
1669 4105 1760 4127 contre
1787 4096 1823 4126 les
1842 4097 2014 4138 Espagnols,
2032 4099 2090 4129 leur
2109 4102 2256 4131 Adher-ens
2276 4101 2314 4136 &-

1767 4146 1783 4167 C
1802 4145 1821 4166 2
2248 4141 2322 4170 Par,

2332 2037 2349 2054 ‘¹‘
2378 2041 2463 2069 XVI.

2364 2080 2429 2116 3803
