2557 4279
87 232 170 265 Ana.
178 230 222 262 D.

110 272 197 302 1610.

87 310 176 348 8Jac.
199 319 224 338 i.

242 169 324 212 ΞΜ

242 243 273 275 ra
296 243 372 275 Mari
393 254 425 275 ac
448 243 635 286 Fluminibus·
648 252 831 282 commeare,
855 244 1004 283 navigare,
1025 244 1140 282 illicque
1160 244 1296 282 quamdiu

241 284 327 315 velint
352 285 472 319 morari,
491 283 535 312 vel
556 282 692 312 hincinde
712 282 780 313 cum
798 283 890 314 visum
912 284 993 313 fuerit
1008 284 1138 314 recedere
1152 283 1185 313 &
1200 284 1295 320 abire,

239 323 297 352 fine
320 322 377 351 ullo
400 320 613 357 impedimento
637 319 760 351 Offenso
784 322 976 352 Arrestatione
992 321 1036 351 seu
1054 322 1296 358 inhibitione,&

237 360 387 397 specialiter
403 359 483 395 quod
504 358 604 390 Naves
620 358 818 390 Mercatorum
833 361 867 390 &
882 360 1004 390 aliorum
1018 360 1203 390 Subditorum
1218 362 1297 396 Regis

239 401 353 435 Magnae
367 399 523 426 Britanniae
541 405 588 427 aut
604 396 807 429 Succefforum
821 397 950 435 suorum,
970 399 1018 436 qui
1031 397 1214 434 Burdegalam
1230 407 1298 435 pro-

239 435 408 466 fisciscentur
420 458 429 473 ,
447 445 492 466 aut
506 434 617 466 Flumen
634 438 783 466 Garumnae
799 437 958 475 intrabunt,
978 446 1038 466 nori
1052 437 1233 466 arctabuntur
1250 444 1298 465 aut

241 474 447 510 compellentur
473 473 624 504 Machinas
643 474 820 513 Bombarda,
839 484 885 506 aut
905 475 955 506 alia
974 475 1065 504 Arma
1079 476 1136 504 five
1152 473 1298 504 Munitio-

241 522 291 542 nes
306 512 418 542 Bellicas
437 513 509 549 apud
527 511 671 552 Castellum
687 513 801 543 Blaviae
815 514 975 550 deponere,
993 512 1149 542 secundum
1171 510 1300 542 Conces-

241 550 350 581 sionem
373 553 405 588 a,
430 551 594 581 felicissime
621 554 787 589 memoriae,
815 554 936 581 Henrico
957 552 1014 588 ejus
1038 551 1162 580 nominis
1184 550 1300 589 Quarto

242 587 398 618 Galliarum
418 588 456 624 ὠ
477 591 624 619 Navarrae
646 593 716 627 Rege
732 589 988 626 Christianiffimo,
1006 588 1058 619 sub
1074 588 1185 627 Magno
1199 588 1299 627 sigillo

242 626 293 657 suo
307 637 398 664 nuper
410 629 580 666 expeditam,
597 628 629 658 ad
644 630 803 659 instantiam
819 630 927 664 Georgii
942 630 1042 656 carew
1057 626 1156 664 Legati
1167 630 1239 665 apud
1256 628 1299 664 ip-

242 665 305 696 sum
323 674 393 696 tunc
407 666 546 696 relidentis
561 676 594 696 ex
609 676 683 702 parte
705 667 812 704 prat-fati
827 669 904 703 Regis
919 668 1033 701 Magnae
1050 667 1212 694 Britanniae
1222 689 1231 701 ‚
1248 664 1303 695 sic-

244 713 277 734 ut
301 714 356 734 nec
380 704 557 735 Mercatores
579 715 624 734 aut
648 706 691 736 alii
715 705 825 734 Subditi
849 703 977 742 praedicn
991 703 1128 733 Ludovici
1143 702 1302 733 Galliarum

243 741 283 777 ὠ
303 745 450 772 Navarrae
463 747 542 781 Regis
557 742 784 774 Christianiffimi
808 751 855 772 aut
877 741 1078 772 Succellorum
1093 741 1222 785 suorqm,
1241 752 1302 783 non

241 780 426 812 arctabuntur
441 790 487 812 aut
502 782 706 818 compellentur
720 791 751 811 ea
764 779 1003 818 impedimentum
1018 789 1066 810 aut
1079 780 1221 810 ostensum
1235 781 1301 810 iub-

243 820 285 849 ire
310 821 338 850 in
361 821 499 858 aliquibus
515 820 657 850 Portubus
676 822 793 856 Magna
811 820 973 848 Britanniae
987 826 1034 848 aut
1047 819 1203 856 Hiberniae5
1223 818 1302 858 quod

245 859 331 889 etiam
345 858 467 890 similiter
482 859 671 888 observabitur
685 859 716 888 in
729 858 863 888 omnibus
874 857 929 887 aliis
939 856 1081 887 Portubus
1092 858 1193 888 Galliae
1209 857 1304 895 quoad

245 895 426 928 Mercatores
449 906 496 927 aut
518 897 583 927 alios
604 896 738 926 Subditos
754 895 862 934 praefati
874 898 954 933 Regis
967 897 1082 933 Magnae
1096 899 1256 926 Britannia
1269 897 1303 928 δε

242 934 445 967 Successomm
459 937 580 965 suorum.

282 973 328 1004 I'r
339 984 357 1005 E
369 983 394 1004 M
405 998 414 1014 ,
434 973 514 1005 Cum
528 975 556 1002 in
575 972 742 1011 quibusdam
758 971 903 1003 Portubus
920 971 1033 1012 Angliae
1048 973 1080 1004 ὃ(
1097 973 1223 1004 Franciae
1240 973 1304 1003 ino-

245 1010 345 1044 leverit
368 1022 448 1049 prava
464 1012 595 1049 quaedam
609 1010 798 1042 Consuetudo
812 1011 888 1041 nulla
902 1011 984 1048 Lege
998 1012 1116 1050 sancita,
1134 1022 1164 1042 ut
1181 1011 1305 1042 Officia-

246 1051 281 1081 rii
296 1052 324 1081 in
346 1051 428 1081 dit‘tis
449 1050 536 1080 Locis
551 1051 661 1087 exigant
677 1051 785 1080 minora
801 1050 935 1088 quaedam
951 1050 1075 1081 Tributa
1089 1060 1141 1088 pro
1155 1051 1240 1081 Exitu
1258 1050 1303 1080 vel

245 1086 369 1120 'Introitu
384 1112 393 1126 ,
416 1088 493 1126 quod
521 1088 551 1118 T
554 1089 679 1118 ributum
710 1088 819 1127 Capitis
840 1089 1015 1127 nominant,
1038 1089 1128 1128 vulgo
1151 1090 1178 1119 in
1202 1090 1304 1128 Anglia

247 1128 334 1157 Head
355 1131 473 1166 Μυκη,
493 1136 670 1157 conventum
691 1126 900 1158 concordatum
924 1128 957 1159 &
969 1128 1134 1158 conclusum
1148 1128 1204 1165 est,
1223 1128 1304 1167 quod

245 1166 365 1203 posthac
385 1165 455 1196 nihil
477 1165 531 1195 tale
552 1173 599 1195 aut
620 1165 707 1196 limile
732 1166 761 1194 in
776 1164 890 1202 Regnis
903 1175 950 1196 aut
966 1165 1134 1197 Ditionibus
1149 1168 1304 1197 alterutrius

247 1204 384 1243 Principis
403 1205 544 1242 exigetur,
563 1203 608 1234 sed
628 1212 659 1234 ut
679 1204 814 1233 omnibus
831 1203 1027 1242 cujuscunque
1039 1203 1126 1235 status
1142 1214 1187 1235 aut
1203 1205 1306 1235 condi-

246 1243 334 1274 tionis
353 1243 454 1272 fuerint
478 1242 547 1273 libet·
568 1250 658 1281 pateat
679 1242 778 1272 Exitus
801 1243 834 1272 &
858 1242 1010 1281 Introitus,
1025 1243 1129 1281 absque
1145 1244 1199 1274 ulla
1214 1243 1304 1281 hujus·

246 1283 337 1319 modi,
356 1291 402 1311 aut
417 1282 622 1319 cujuscumque
637 1281 682 1311 alii
695 1280 812 1311 Tributi
829 1281 989 1318 exactione,
1006 1282 1050 1312 led
1065 1293 1095 1312 ut
1113 1292 1142 1312 ea
1159 1283 1186 1312 in
1203 1293 1232 1312 te
1247 1282 1307 1312 Ex-

245 1320 297 1350 teri
317 1322 479 1358 quicunque
498 1319 651 1350 habeantur
670 1320 703 1350 ὃς
723 1321 873 1350 tractentur
885 1320 1130 1359 quemadmodum
1145 1321 1215 1352 illius
1232 1321 1305 1350 Loci

244 1359 379 1388 naturales
394 1358 515 1388 Subditi.

284 1395 356 1426 ITE
368 1404 409 1434 Μ,
430 1396 475 1427 Ut
499 1397 602 1427 arctior
617 1397 687 1427 inter
706 1396 852 1434 Principes
865 1407 1021 1435 eorumque
1036 1398 1171 1428 Subditos
1186 1398 1307 1427 interce-

247 1433 295 1465 dat
312 1435 466 1473 Amicitia,
485 1445 572 1473 utque
587 1438 673 1475 magis
683 1445 812 1475 appareat
826 1437 926 1473 quibus
941 1436 1059 1473 Regalis
1073 1438 1105 1467 &
1120 1436 1306 1466 Conditioni-

247 1474 301 1503 bus
324 1473 498 1504 Mei-catores
523 1474 663 1513 utriusque
683 1476 780 1512 pinis,
798 1482 881 1512 atquc
904 1474 947 1503 alii
970 1473 1139 1511 Principum
1155 1474 1306 1513 praedicto—

246 1522 311 1542 rum
335 1511 466 1551 Subditi,
486 1511 679 1543 Mercimonia
699 1514 731 1543 δε
756 1512 816 1542 Res
838 1513 894 1542 suas
908 1511 1052 1542 instituere
1067 1515 1099 1544 ἃ
1114 1522 1243 1544 exercere
1256 1513 1307 1544 de-

248 1550 352 1588 beant,
371 1559 551 1582 conventum
576 1552 784 1581 concordatum
799 1552 831 1581 δε
850 1550 1018 1580 conclusum
1033 1551 1092 1588 est,
1107 1553 1187 1591 qubd
1200 1553 1228 1582 in
1243 1561 1308 1581 om-

248 1589 331 1619 nibus
353 1589 499 1627 sequentur
521 1590 580 1619 vim
602 1590 724 1619 formam
747 1591 780 1619 &
800 1588 937 1619 effectum
956 1589 1155 1621 Articulorum
1171 1592 1306 1620 omnium

246 1626 401 1658 Ti‘ac'ratsis
423 1628 514 1658 mutui
533 1626 712 1658 Commercii
735 1627 770 1657 dc
793 1627 869 1657 Data
891 1636 939 1666 24.
959 1628 1100 1658 Februarii
1122 1633 1207 1668 1605.
1233 1629 1306 1659 Stilo

247 1665 391 1705 Anglico,
412 1666 520 1706 Par-[fiis
533 1665 628 1704 fac'h',
648 1675 734 1702 quem
756 1666 945 1703 Tractatum,
963 1668 1117 1706 omnelque
1138 1669 1170 1699 &
1186 1667 1308 1706 ungulos

249 1706 307 1743 ejus
323 1705 466 1734 Articulos
476 1727 484 1741 ,
502 1704 551 1733 hic
566 1714 618 1741 pro
633 1703 738 1734 insertis
753 1704 848 1734 haberi
863 1704 1003 1736 volumus.

290 1742 331 1772 [T
341 1752 358 1772 E
370 1751 407 1781 M,
422 1740 612 1772 Conventum
627 1743 836 1773 concordatum
851 1745 882 1774 &
899 1743 1064 1774 conclusum
1080 1743 1130 1782 est,
1144 1745 1224 1783 quod
1238 1755 1308 1776 neu-

248 1788 291 1812 ter
312 1780 457 1812 diCtorum
481 1780 644 1818 Principum
665 1782 846 1818 quovismodi
859 1781 997 1812 custodiet
1011 1783 1043 1813 &
1060 1785 1206 1820 retinebit,
1226 1793 1280 1814 nec
1293 1784 1308 1814 a

253 1819 376 1850 Subditis
398 1820 530 1856 receptari
552 1819 688 1850 custodiri
712 1820 757 1850 vel
773 1821 886 1850 retineri
901 1822 1062 1859 permittet,
1080 1822 1187 1860 aliquos
1202 1821 1309 1852 Rebel-

251 1857 290 1888 les
304 1858 359 1888 sive
375 1857 538 1888 Proditores
552 1857 719 1896 Principum
733 1860 938 1896 praedictorum
950 1869 996 1890 aut
1009 1870 1110 1891 eorum
1125 1861 1233 1891 alterius
1240 1860 1308 1891 Cri-

250 1896 335 1926 minis
358 1895 444 1926 Laesae
466 1895 623 1934 Majestatis
645 1906 723 1935 reos,
741 1907 795 1928 nec
813 1897 971 1934 liujulmodi
988 1897 1153 1930 Rebellibus
1167 1900 1223 1930 sive
1235 1899 1309 1930 Pro-

249 1934 407 1973 ditoribus,
423 1936 472 1974 qui
494 1936 522 1964 in
544 1935 669 1973 aliquem
689 1935 807 1966 Locum
829 1936 1001 1967 obedientiae
1021 1938 1186 1977 Principum
1207 1939 1307 1977 praedi-

248 1973 364 2003 ciorum
389 1974 435 2003 seu
454 1973 562 2004 alterius
574 1984 676 2005 eorum
692 1975 891 2012 declinaverit,
908 1975 978 2006 alter
990 1975 1159 2014 Principum
1175 1987 1309 2020 quoquq—

249 2012 342 2042 modo
366 2011 443 2042 dabit
464 2011 509 2043 seu
531 2013 673 2049 praestabit
695 2011 854 2043 Consilium
881 2014 1027 2045 Auxilium
1052 2015 1192 2047 Favorem
1211 2016 1309 2047 Subli-

248 2050 331 2080 dium
345 2058 391 2081 aut
408 2050 612 2089 Affistentiam‚
626 2051 669 2082 sed
683 2053 752 2083 intra
766 2053 865 2089 viginti
879 2051 960 2090 Dies,
967 2053 1116 2091 postquam
1134 2064 1184 2092 per
1200 2054 1310 2086 Literas

247 2097 295 2118 aut
310 2098 358 2125 per
369 2090 508 2127 Legatum
518 2088 684 2127 Principum
701 2091 901 2128 praedffiorum
912 2093 992 2128 cujus
1005 2092 1167 2130 hujusmodi
1176 2093 1309 2124 Rebelles

244 2127 296 2163 >seu
311 2127 473 2158 Proditores
493 2129 648 2166 extiterint,
663 2128 730 2159 alter
746 2139 779 2160 ex
793 2129 972 2168 Principibus
983 2133 1032 2169 qui
1049 2132 1192 2169 requisitus
1205 2132 1308 2171 fuerit,

250 2175 300 2196 eos
324 2176 427 2196 omnes
440 2166 471 2196 &
488 2166 608 2208 singulos
626 2167 754 2206 Legato,
774 2176 822 2198 aut
837 2168 892 2198 alio
904 2169 938 2197 ad
954 2169 1013 2200 hoc
1032 2171 1059 2200 in
1076 2171 1239 2207 hujusmodi
1256 2171 1307 2202 Li-

249 2204 314 2236 teris
327 2205 477 2235 nominato
490 2208 534 2235 leu
551 2205 700 2243 deputam,
721 2206 797 2236 bona
812 2205 867 2236 fide
881 2207 969 2238 tradet
983 2207 1109 2241 restituet
1122 2210 1156 2241 &
1171 2210 1308 2242 delibera-

251 2243 313 2280 bit,
328 2251 376 2273 aut
394 2242 465 2274 tradi
483 2243 591 2274 restitui
604 2253 651 2274 aut
666 2245 812 2275 deliberari
826 2245 929 2283 faciet,

100 2865 212 2893 ‘XVL

100 2912 165 2937 ⁷01-

287 2279 332 2311 Ιτ
342 2290 360 2311 E
371 2289 397 2311 Μ
407 2304 418 2320 ,
436 2280 516 2312 Cum
541 2283 569 2312 in
593 2283 730 2313 Trac‘tatu
744 2285 834 2314 mutui
848 2283 1031 2315 Commercii
1044 2285 1156 2326 Parifiis
1163 2285 1242 2327 fasti
1259 2296 1308 2327 24.

250 2319 392 2350 Februarii
413 2320 499 2359 1605.
519 2319 592 2351 Stilo
607 2321 738 2360 Angliae,
756 2331 935 2353 conventum
952 2323 1052 2360 fuerit,

289 2358 379 2398 Qrbd
394 2358 477 2388 nullae
496 2362 602 2388 Literae
613 2363 719 2389 Marcae
729 2360 781 2399 seu
790 2360 1003 2401 Reprtsaliarum
1017 2362 1078 2391 hinc
1087 2363 1149 2392 inde
1158 2365 1312 2403 expediren-

251 2403 297 2426 tur
308 2420 317 2435 ,
337 2397 388 2438 7:1¹st
404 2396 447 2440 ⁴{ab
463 2397 622 2438 quibusdam
636 2400 719 2434 modis
737 2397 775 2435 (ῥ’
793 2400 1044 2438 confiderationibus
1058 2405 1088 2431 in
1105 2402 1175 2434 dicio
1194 2405 1312 2434 Traela..

249 2442 280 2464 tu
298 2438 434 2474 exprqlls,

287 2472 418 2503 Ulterius
428 2475 488 2516 jain
504 2484 679 2507 conventum
697 2477 905 2517 concordatum
922 2479 954 2508 &
970 2479 1137 2509 conclusum
1151 2479 1202 2518 est,
1222 2482 1312 2520 quod,

252 2510 272 2541 fi
305 2512 423 2547 posthac
443 2512 512 2548 Justa
533 2514 624 2550 aliqua
645 2514 680 2543 de
701 2514 791 2545 Cama
811 2515 948 2552 ejusmoni
973 2516 1076 2546 Literae
1099 2519 1310 2556 concedantur,

250 2551 414 2580 executioni
438 2558 532 2580 tamen
550 2562 608 2581 non
624 2552 792 2582 mandentur
805 2553 833 2581 in
848 2552 963 2584 Merces
978 2555 1021 2583 vel
1037 2554 1115 2584 Bona
1130 2566 1311 2594 quaecunque

251 2588 282 2618 in
297 2587 399 2619 Portus
415 2589 457 2619 vel
476 2589 578 2619 Terras
591 2591 746 2620 alterutrius
764 2591 899 2628 Principis
916 2593 1026 2622 invecia
1041 2593 1085 2622 vel
1100 2594 1226 2630 reposita.

290 2625 335 2656 IT
346 2636 363 2656 E
374 2636 399 2658 Μ
411 2650 420 2665 ,
439 2626 519 2657 Cum
536 2628 694 2666 frequenter
709 2630 865 2659 inveniatur
881 2639 908 2659 ut
918 2630 1086 2669 Litigatores
1098 2631 1266 2670 alienigenae
1280 2635 1309 2664 in

249 2664 370 2702 Judicio
387 2665 432 2695 seu
447 2666 522 2695 civili
537 2666 582 2697 seu
595 2667 733 2697 criminali
750 2667 978 2706 succumbentes,
998 2669 1053 2699 live
1071 2670 1192 2701 Actores
1207 2671 1311 2703 fuerint

253 2703 310 2733 sive
331 2703 402 2742 Rei,
429 2705 558 2742 querulos
578 2705 613 2735 ad
636 2705 781 2742 Principes
800 2706 862 2736 suos
884 2706 990 2737 soleant
1011 2708 1120 2739 deferre
1145 2708 1312 2749 Clamores,

254 2750 387 2780 tanquam
406 2741 527 2780 Justitice
552 2744 801 2780 complementum
823 2746 850 2774 in
868 2744 964 2776 Cauiis
977 2745 1030 2776 suis
1042 2748 1163 2777 minime
1177 2749 1311 2779 obtinue-

252 2790 319 2811 tunt
334 2781 508 2819 {iJudicibus
523 2782 632 2812 alterius
647 2782 801 2820 Principis,
819 2784 852 2813 ad
869 2783 1030 2821 hujusmodi
1046 2787 1130 2822 igitur
1147 2786 1228 2816 falsos
1244 2787 1310 2817 Cla-

254 2829 351 2849 mores
366 2820 397 2849 &
415 2818 596 2858 Calumpnias
610 2821 786 2858 evitandum,
802 2822 1013 2853 concordatum
1029 2824 1061 2854 ὃς
1077 2824 1245 2855 conclusum
1259 2825 1312 2864 est,

253 2866 283 2887 ut
307 2858 415 2895 Legato
436 2867 521 2896 penes
540 2859 633 2889 dictos
651 2865 665 2876 *
687 2859 832 2896 Principes
850 2861 1004 2898 respective
1021 2862 1169 2903 residenti,
1186 2873 1234 2894 aut
1257 2865 1312 2894 alio

255 2895 330 2926 Viro
354 2896 458 2927 idoneo
479 2907 563 2935 quern
582 2898 616 2928 ad
632 2898 689 2928 hoc
704 2898 812 2928 duxerit
829 2899 1042 2939 deputandum,
1060 2901 1158 2939 liceat,
1177 2903 1266 2940 &jus
1282 2904 1313 2934 sit

254 2934 383 2965 inteieffe
404 2936 569 2973 cuicunque
585 2936 702 2974 Judicio
723 2937 800 2975 quod
817 2937 852 2967 de
872 2937 1001 2968 Fortunis
1016 2948 1063 2969 aut
1080 2939 1185 2977 Capite
1200 2941 1316 2979 alicujus

256 2972 442 3041 Subfditorum
457 2974 595 3013 Principis
606 2975 644 3005 sui
662 2974 728 3013 fiet,
746 2976 779 3007 &
792 2977 936 3015 praecipue
949 2986 1018 3007 cum
1035 2978 1181 3009 Sententia
1191 2979 1314 3011 definiti-

256 3021 292 3042 va
319 3021 419 3041 eretur.

298 3049 487 3092 Contentum
505 3050 614 3088 insuper
638 3051 846 3082 concordatum
863 3052 895 3082 ὃ(
910 3053 1078 3084 conclusum
1095 3054 1150 3092 est,
1168 3056 1247 3094 quod
1267 3057 1316 3088 hic

258 3092 376 3126 praeiens
395 3089 544 3119 Trat‘latus
564 3099 592 3118 ui
614 3091 750 3120 omnibus
773 3091 889 3120 firmiter
905 3100 989 3128 atque
998 3092 1104 3123 sincere
1121 3094 1317 3126 observabitur

257 3126 378 3157 durante
398 3126 534 3165 Foedere,
552 3128 584 3158 δε
607 3128 707 3159 mutua
719 3130 793 3159 inter
806 3129 898 3160 dictos
911 3129 1057 3168 Principes
1074 3132 1107 3162 ὅ(
1128 3142 1230 3163 eorum
1246 3134 1318 3165 Suc-

258 3165 382 3196 cessores
399 3165 533 3195 Amicitia
546 3167 577 3196 &
592 3165 787 3205 Intelligentia.

298 3202 347 3234 De
366 3204 466 3241 quibus
488 3205 625 3234 omnibus
644 3205 678 3236 &
699 3206 811 3243 lingulis
829 3206 961 3237 Articulis
980 3206 1102 3247 superius
1117 3209 1268 3248 expressis,
1282 3211 1316 3242 &

259 3241 320 3272 hoc
341 3241 475 3272 Trauatu
499 3243 650 3273 conventis
670 3245 703 3275 &
725 3244 925 3283 concordatis,
943 3247 1049 3277 virtute
1065 3245 1314 3279 Commiffionum

261 3281 295 3311 ὃς
318 3279 470 3311 Potestatis
490 3280 590 3311 Nobis
607 3282 803 3313 mandatarurn
819 3305 828 3320 ‚
853 3285 1033 3322 promisimus
1052 3285 1086 3314 &
1110 3287 1317 3325 promittimus,

262 3318 352 3357 Nos,
372 3322 517 3349 Antonius
537 3319 569 3348 de
581 3319 611 3349 la
629 3321 742 3350 Boderie
760 3321 917 3360 Deputatus
931 3325 1009 3359 Regis
1026 3322 1258 3364 christianissimi,
1275 3327 1317 3355 di-

263 3358 336 3388 dam
361 3360 456 3395 Regem
473 3361 620 3388 Dominum
643 3358 759 3396 nostrum
777 3361 809 3391 ὃς
823 3360 1035 3390 Sereniffimam
1049 3365 1181 3398 Reginam
1192 3366 1318 3394 Matrem

256 3395 339 3433 suam
363 3398 507 3433 Regentem
529 3399 672 3434 Franca‘ae,
691 3397 728 3427 de
751 3397 937 3429 Avisamento
955 3400 988 3429 &
1005 3397 1137 3429 Consilio
1151 3399 1318 3439 Principum

263 3433 410 3472 Sanguinis
424 3435 474 3472 sui,
492 3434 668 3473 aliorumque
682 3435 896 3466 Officiariorum
910 3436 1036 3466 Coronae
1053 3437 1107 3467 suae
1120 3437 1257 3478 Franciae,
1267 3440 1320 3478 Ju-

264 3480 430 3503 ramentum
446 3474 641 3511 przestaituros,
656 3474 736 3504 tactis
751 3476 881 3505 manibus
893 3476 944 3505 suis
958 3475 1143 3506 Sacrosanetis
1150 3475 1322 3517 Evangeliis,

266 3510 347 3545 quod
360 3520 390 3540 ea
406 3512 503 3541 omnia
519 3512 707 3543 observabunt
722 3515 755 3544 δεῖ
771 3512 998 3551 perimplebunt‚
1016 3522 1081 3545 tum
1097 3516 1129 3545 &
1145 3517 1258 3552 quando
1273 3527 1322 3554 per

268 3546 412 3590 Legatum
427 3550 470 3579 vel
486 3550 609 3588 Legatos
624 3550 658 3581 ad
673 3551 701 3582 id
721 3551 870 3582 sufficienti
895 3551 1037 3582 Mandato
1058 3552 1207 3591 praeditos,
1225 3556 1321 3586 debite

270 3587 390 3627 requisiti
406 3586 521 3626 fuerint,
538 3589 568 3619 ἃ
586 3598 719 3626 praeterea
735 3591 813 3627 quod
828 3589 921 3620 diditus
931 3593 991 3619 Rex
1006 3590 1239 3631 Christianiffimus
1252 3603 1322 3624 con-

270 3622 358 3666 simile
368 3623 565 3667 Juramentum
582 3628 677 3657 denuo
691 3628 850 3667 praestabit,
868 3628 940 3658 cum
956 3628 1051 3666 Major
1065 3631 1219 3668 devenerit,
1240 3633 1274 3663 ὃ(
1289 3633 1321 3663 fi-

271 3661 457 3704 militertinde
477 3666 617 3701 requisitus
631 3667 732 3705 fuerit,
749 3667 782 3697 &
803 3668 907 3697 interea
921 3667 1000 3705 quod
1016 3676 1106 3698 ratum
1122 3668 1253 3707 habebit,
1269 3680 1318 3708 ap-

270 3699 420 3742 probabit,
438 3702 471 3730 &
485 3703 654 3735 authoritate
669 3705 715 3735 sua
729 3705 913 3735 confirmabit
927 3715 1030 3736 omnes
1045 3707 1078 3736 δε
1094 3707 1215 3744 lingulos
1229 3708 1323 3739 dictos

273 3736 417 3782 Articulos
440 3739 498 3769 hoc
521 3741 657 3772 Tractatu
677 3752 847 3781 contentos,
865 3753 913 3781 per
928 3744 1034 3774 Literas
1048 3745 1104 3775 suas
1119 3744 1247 3776 Patentes
1261 3757 1322 3778 ma-

272 3784 312 3817 nu
327 3774 371 3804 sua
389 3777 508 3818 signatos
516 3801 529 3821 ,Ι
543 3781 670 3817 apposito
686 3780 799 3818 Magno
811 3782 861 3812 suo
874 3781 989 3820 Sigillo,
1004 3792 1068 3819 qiiae
1081 3783 1323 3822 emologabuntur

273 3822 302 3841 in
326 3812 418 3842 Curiis
439 3815 530 3857 Regni
546 3818 594 3859 ubi
607 3828 677 3856 opus
691 3819 796 3858 fuerit,
815 3820 871 3850 fine
885 3820 975 3859 aliqua
990 3819 1166 3852 restrictione
1179 3826 1323 3860 exceptio-

273 3860 309 3881 ne
335 3851 376 3893 vel
400 3853 629 3898 modificatione,
665 3858 744 3895 Qias
762 3858 878 3896 quidem
899 3859 1003 3889 Literas
1023 3858 1211 3890 ratificatorias
1227 3861 1321 3893 forma

273 3888 422 3932 sufficienti
447 3891 479 3931 ᾇ
499 3893 713 3936 validanictus
734 3899 794 3925 Rex
816 3896 1049 3936 Christianifflmus
1067 3898 1124 3927 dari
1143 3899 1176 3929 δε
1193 3900 1264 3930 tradi
1281 3901 1322 3931 fa—

271 3928 432 3970 ciet,'1nsra
454 3930 569 3971 spatium
586 3940 671 3962 trium
690 3933 838 3964 Mensium
852 3935 866 3964 a
883 3935 940 3965 Die
961 3936 1047 3966 Datae
1061 3935 1260 3976 Praesentium,
1277 3938 1321 3968 O-

269 3973 354 3995 ratori
368 3965 537 3995 Sereniilimi
554 3972 630 4006 Regis
643 3974 755 4008 Magna·
771 3975 926 4002 Britain-zia,²
943 3982 1004 4004 tum
1020 3975 1050 4003 in
1064 3973 1164 4004 Galliis
1175 3975 1321 4016 residenti,

268 4003 412 4081 ἓιίιὲἰειὲἓὲἰ
424 4004 671 4072 Ιῖὶίὲέυξῖᾇεὶεηῑεω
685 4009 857 4041 Potestatem
871 4011 905 4042 &
923 4010 1094 4043 Mandatum
1108 4012 1142 4044 ad
1157 4013 1266 4045 easdem
1279 4025 1322 4047 re-

327 4052 343 4072 e
399 4052 411 4073 s
443 4052 457 4072 a
495 4052 512 4072 n
527 4052 544 4072 t„

726 157 1526 203 CONVENTIONES,

1608 154 2007 207 LITERAE‚

1374 242 1492 280 Parique
1515 241 1606 273 modo
1622 240 1707 280 Nos,
1725 241 1900 273 Sereniffirni
1914 244 2031 278 Magna
2048 242 2228 279 Britanniae,
2244 240 2306 277 &c.
2319 242 2399 281 Regis
2420 234 2496 267 Ann-
2508 234 2549 279 D,

1334 281 1477 318 deputati,
1497 281 1675 316 promisimus
1689 282 1723 311 ὃς
1737 281 1934 318 promittimus
1949 281 2030 318 quod
2047 280 2182 321 quicquid
2196 280 2255 311 hoc
2267 280 2400 312 Articulo

1336 324 1397 349 Rex
1413 317 1650 358 Christianiffimus
1659 326 1769 350 tenetur
1779 319 1873 349 facere
1886 319 1919 349 &
1936 318 2074 358 praestare,
2086 320 2116 350 id
2130 320 2222 356 ipsum
2237 319 2308 350 infra
2322 319 2400 350 idem

1336 366 1448 395 tempus
1465 359 1524 386 Rex
1539 356 1715 397 Serenifflmus
1732 356 1878 386 Dominus
1894 357 2005 395 noster,
2022 357 2126 388 eisdem
2143 357 2241 389 forma
2254 358 2288 390 ὃ(
2305 357 2398 389 modo

1337 397 1438 433 quibus
1452 398 1512 425 Rex
1528 394 1782 435 Chrssianfflmus,
1797 394 1880 425 faciet
1896 395 1929 427 &
1943 395 2092 433 praestabit.

1337 480 1481 523 Sequitur
1505 475 1653 510 Schedula
1683 475 1905 524 Stipendiorum
1928 486 1963 509 ut
1994 479 2025 508 in
2057 476 2206 512 Triariam
2230 477 2266 513 de
2292 490 2395 526 1572.

1337 541 1510 579 Stipendium
1527 545 1611 572 trium
1627 541 1763 583 Menfium
1781 542 1853 583 quod
1868 540 2014 581 Equitibus
2028 542 2112 572 datur
2335 545 2401 577 Ala

1379 583 1494 610 Centum
1514 580 1768 620 CataphraHorum.

1343 655 1447 725 &Alie
1462 655 1597 696 Praefeeblo
1607 681 1616 697 ‚
1634 657 1826 697 Septingentae
1842 657 1941 688 Librae
1957 656 2026 688 ultra
2044 656 2229 696 Stipendium
2244 658 2403 700 Cataphra·

1341 771 1359 802 s
1376 704 1449 773 ¹Ejus
1474 732 1671 774 Vicesg'erenti,
1697 734 1843 767 Ducentae
1861 735 1963 775 viginti
1982 735 2107 774 quinque
2127 734 2224 766 Librae
2246 735 2404 769 Turonen-

1354 782 1470 841 esPrimo
1495 807 1533 846 (ἐφ
1557 811 1670 851 secundo
1690 810 1855 851 Wxilliferis
1871 835 1881 850 ,
1911 811 2024 852 singulis
2043 810 2174 844 Centum
2199 813 2402 853 quinquaginta

1344 858 1410 887 quae
1424 850 1459 880 ad
1473 849 1620 882 trescentas
1633 851 1763 882 redeunt.

1344 888 1604 956 brgastrametatori
1630 889 1677 922 vel
1701 888 1885 929 Mareschallo
1912 888 2109 929 Hospitiorum
2133 890 2336 930 quinquaginta
2353 889 2409 925 Li-,

1382 949 1496 994 Centum
1515 964 1727 1004 Cataphraffls,
1746 966 1819 997 inter
1840 976 1912 1005 quos
1932 967 2114 998 continentur
2135 967 2286 1007 supradicti
2301 967 2408 998 Praefe-

1343 1003 1384 1034 ἀί
1407 1003 1519 1041 lingulis
1544 1002 1673 1034 Centum
1696 1005 1794 1036 Librae
1814 1015 1878 1045 quae
1897 1004 2028 1037 efficiunt
2052 1005 2169 1037 Decem
2189 1007 2276 1038 millia
2302 1006 2406 1037 Libra-

1343 1051 1418 1073 rum.

1377 1083 1716 1122 Centumſjuinquaginta
1740 1080 1887 1120 Equitibus
1909 1083 2063 1112 Lanceatis
2087 1092 2158 1120 quos
2177 1082 2302 1113 Archers
2326 1082 2405 1113 Galli

1343 1128 1469 1181 vocaijt,
1489 1119 1822 1187 ίιηῗμὲῗαὲυἰῃςυαξὶηω
1845 1119 1941 1150 Librae
1964 1129 2029 1158 quae
2050 1119 2177 1152 efficiunt
2193 1122 2309 1161 Septem
2328 1121 2407 1152 mille

1345 1165 1519 1236 ςυὲὲἷὲῗὶὶῗὶ
1529 1219 1537 1232 ,
1556 1167 1585 1225 in
1600 1181 1791 1226 Taxationem
1807 1195 1965 1227 Solutionis
1977 1195 2117 1235 Stipendii
2131 1196 2240 1229 Trium
2256 1197 2407 1230 Menfium

1345 1233 1477 1265 Centum
1491 1235 1591 1272 viginti
1606 1235 1730 1272 quinque
1747 1234 1853 1265 Librae.

1380 1276 1490 1302 Summa
1505 1270 1579 1312 istius
1593 1271 1739 1303 solutionis
1761 1273 1859 1312 18950
1877 1272 1982 1321 Libri-e.

1557 1351 1635 1383 Alia
1652 1351 1716 1384 Ala
1735 1352 1902 1398 Sexaginta
1920 1349 2202 1398 Cataphrailorum.

1382 1436 1452 1467 Alae
1471 1435 1620 1474 Praefec‘io,
1639 1436 1831 1477 Septingentae
1848 1436 1963 1476 Librae,
1981 1445 2011 1468 ut
2026 1437 2114 1476 supra.

1382 1475 1453 1511 Ejus
1469 1479 1601 1513 Vicario,
1618 1474 1762 1507 Ducentae
1777 1477 1805 1505 vi
1827 1477 1876 1506 inti
1889 1477 2024 1515 quinque.

1381 1516 1473 1543 Primo
1498 1512 1536 1548 &
1561 1514 1677 1551 seeundo
1701 1485 1867 1555 Vexilltfi’ris
1881 1537 1892 1554 ,
1915 1514 2047 1546 Centum
2068 1515 2270 1555 quinquaginta
2291 1513 2406 1555 Librae,

1346 1562 1411 1590 quae
1426 1553 1532 1583 faciunt
1547 1553 1715 1584 Trescentas
1732 1554 1838 1583 Libras.

1380 1590 1606 1630 Castrametatorr'
1629 1591 1685 1621 five
1704 1590 1868 1629 Maresc'allo
1884 1614 1894 1630 ‚
1918 1591 2133 1630 Quinquaginta
2154 1591 2293 1629 sexagima
2318 1591 2406 1624 Cata-

1344 1630 1466 1667 phraCtis
1489 1630 1598 1668 lingulis
1619 1629 1748 1661 Centum
1769 1630 1885 1668 Librae,
1904 1639 1968 1668 quae
1988 1630 2117 1661 efficiunt
2133 1629 2188 1661 Sex
2204 1631 2291 1661 millia
2306 1631 2407 1662 Libra-

1344 1678 1416 1698 rum.

2444 273 2534 306 1610.

2421 312 2436 340 8
2443 312 2509 352 Jac.
2525 323 2549 349 ι,

1380 1708 1545 1743 Nonaginta
1556 1706 1724 1751 *E'quiti'bug
1740 1705 1822 1736 dietis
1838 1705 1974 1744 Archers,
1991 1705 2107 1745 singulis
2123 1706 2335 1747 Quinquaginta
2355 1706 2407 1738 Li-
2450 1706 2452 1708 ¹

1345 1745 1403 1775 brae
1414 1768 1422 1782 ,
1439 1756 1504 1783 quae
1515 1746 1644 1775 efficiunt
1661 1745 1794 1783 Qtatuor
1808 1745 1885 1774 mille
1899 1746 2063 1784 quingentas
2082 1745 2192 1776 Libras.

1382 1784 1534 1823 Quaestori,
1553 1784 1682 1814 Centum
1699 1783 1799 1822 viginti
1813 1783 1938 1821 quinque
1956 1782 2060 1813 Libtae.

1383 1825 1491 1852 Summa
1506 1822 1579 1861 istius
1594 1822 1739 1852 Solutionis
1759 1831 1772 1851 1
1781 1829 1860 1859 1900
1881 1820 1984 1851 Librae.

1519 1901 1598 1934 Alia
1612 1899 1678 1934 Ala
1697 1900 1934 1947 ,Quinquaginta
1954 1897 2234 1946 Cataphrat'iorum.

1385 1984 1452 2016 Alae
1466 1986 1617 2026 Praefecio,
1637 1986 1864 2026 Quadringentae
1877 1987 2078 2026 quinquaginta
2097 1986 2213 2019 lerae.'

1384 2023 1586 2064 Vicelgerenti,
1603 2025 1732 2056 Centum
1746 2025 1885 2064 sexaginta
1905 2025 1969 2056 duae
1989 2026 2086 2056 Librae
2101 2036 2172 2057 curn
2188 2025 2316 2057 dimidia:

1385 2064 1404 2083 ³*
1426 2066 1519 2094 Primo
1542 2064 1581 2100 ὠ·
1599 2063 1716 2104 secundo

1346 2102 1451 2142 cuique
1463 2101 1595 2133 Centum
1611 2103 1717 2134 Librae.

1740 2062 1925 2103 Vexillg'feris,
1944 2063 2093 2095 Ducentae
2119 2065 2234 2106 Librae,
2257 2064 2408 2105 videlicet,
2429 2081 2538 2120 exv„

1383 2140 1609 2180 Castrametatori
1632 2141 1688 2173 five
1718 2139 1906 2181 Marescallo,
1936 2139 2068 2180 Triginta
2093 2140 2202 2180 septem
2224 2142 2321 2174 Librae
2338 2151 2408 2174 cum
2428 2130 2494 2159 ⁷⁰²·

1343 2179 1470 2211 dimidia.

1382 2219 1598 2260 Quinquaginta
1624 2216 1835 2257 Cataphracflis,
1854 2217 1965 2257 fingulis
1985 2215 2114 2250 Centum
2137 2218 2252 2258 Librae,
2278 2229 2344 2259 quae
2367 2219 2410 2251 fa-

1346 2258 1424 2288 ciunt
1441 2258 1578 2297 Quinque
1596 2257 1680 2287 millia
1695 2257 1856 2287 Librarum.

1383 2299 1561 2335 Septtmgr'nta
1577 2299 1694 2337 quinque
1706 2294 1770 2325 aliis
1788 2295 1936 2336 Equitibus
1952 2297 2113 2334 Lam-eatis,
2133 2297 2182 2334 qui
2197 2296 2322 2327 Archers
2337 2296 2412 2328 Gala

1347 2335 1404 2365 lice
1416 2336 1621 2373 nominantur,
1639 2334 1750 2377 lingulis
1767 2334 1848 2370 Quin
1870 2334 1982 2372 uaginta
2000 2334 2110 2374 Librae,
2128 2345 2192 2374 quae
2205 2335 2335 2368 efficiunt
2347 2335 2410 2368 Ter

1349 2374 1428 2404 mille
1442 2375 1628 2413 septingentas
1639 2373 1840 2412 quinquaginta
1883 2373 1964 2403 ibras.

1386 2411 1542 2452 Quaestori,
1562 2411 1741 2450 Septuaginta
1755 2413 1891 2449 quinque.

1387 2456 1497 2481 Summa
1510 2451 1583 2491 istius
1601 2449 1746 2480 Solutionis
1766 2450 1840 2488 9675
1862 2449 1970 2480 Librae.

1557 2529 1636 2562 Alia
1664 2528 1732 2562 Ala
1749 2529 1889 2575 Triginta
1915 2506 2199 2574 Cataphraflorums

1386 2612 1454 2642 Alae
1475 2611 1608 2652 Praefet‘lo
1619 2636 1628 2651 ,
1647 2612 1873 2652 Qadringentae
1890 2613 2092 2651 quinquaginta
2111 2612 2214 2643 Librae.

1384 2653 1457 2690 EJux
1476 2651 1677 2690 Vicesgerenti,
1694 2650 1822 2682 Centum
1838 2651 1980 2687 sexaginta
2001 2653 2067 2680 duae
2085 2650 2183 2682 Librae
2198 2660 2269 2682 cum
2284 2651 2410 2685 dimidia.

1384 2691 1477 2718 Primo
1495 2686 1532 2723 ῤ’
1543 2690 1660 2729 secundo
1680 2688 1858 2728 vexilliferis,
1878 2688 1989 2728 fingulis
2002 2688 2135 2720 Centum
2150 2689 2268 2728 Librae,
2287 2701 2353 2730 quae
2365 2703 2410 2724 re-

1346 2727 1434 2758 deunt
1448 2727 1482 2758 ad
1497 2727 1653 2758 Ducentas.

1347 2765 1611 2836 d¹eug).rametatori
1630 2766 1686 2797 sive
1711 2763 1897 2805 Marefiallo‚
1924 2765 2058 2805 Triginta
2078 2765 2186 2805 septem
2212 2766 2310 2798 Librae
2340 2778 2411 2801 cum

1369 2814 1417 2834 imi
1438 2815 1471 2834 ia.

1385 2846 1511 2880 Triginta
1533 2841 1749 2883 eataphraffls,
1775 2841 1883 2882 singulis
1906 2841 2034 2873 Centum
2055 2841 2168 2883 Librae,
2194 2853 2259 2882 quae
2279 2844 2412 2879 efficiunt

1349 2882 1420 2912 Tria
1434 2882 1521 2912 millia
1538 2882 1700 2912 Librarum.

1387 2919 1590 2960 Qadraginta
1615 2923 1729 2962 quinque
1758 2918 1807 2948 alii
1829 2919 1977 2961 Equitibus
2003 2922 2174 2958 Lanceatis,
2193 2930 2266 2960 quos
2288 2922 2414 2954 Archers

1351 2961 1502 2989 nominant
1516 2958 1609 2996 Galli,
1629 2958 1739 2996 singulis
1755 2958 1982 2998 Quinquaginta,
1998 2968 2063 2998 quae
2078 2958 2196 2991 redeunt
2207 2959 2242 2991 ad
2257 2959 2414 2993 Summam

1353 2997 1398 3028 Bis
1414 2997 1491 3028 mille
1504 2997 1692 3028 ducentarum
1704 2997 1904 3035 quinquaginta
1920 2996 2080 3028 Librarum.

1393 3035 1529 3076 ,Quaestori
1539 3058 1548 3074 ,
1565 3035 1747 3074 Septuaginta
1761 3036 1886 3073 quinque
1900 3034 2007 3066 Librae.

1388 3078 1498 3105 Summa
1513 3075 1574 3104 Sex'
1583 3073 1657 3103 mille
1674 3081 1779 3103 centum
1808 3077 1970 3112 eptuaginta
2006 3077 2104 3115 uinque
2121 3074 2227 3105 Librae.

1393 3112 1499 3143 ITEM
1515 3136 1525 3151 ,
1561 3111 1693 3143 Generali
1717 3114 1778 3141 Prae
1794 3113 1850 3141 elio
1878 3113 1964 3142 torius
2022 3112 2146 3151 quitatfis
2175 3113 2414 3154 Qiingentorum

1354 3151 1612 3220 ξζζῑερῗᾶᾳῇὲοωω
1628 3151 1696 3182 Tria
1709 3150 1796 3180 millia
1811 3149 1979 3189 Librarum,
1996 3151 2054 3182 hoc
2070 3150 2112 3183 est
2127 3161 2181 3190 pto
2196 3153 2308 3192 fingulis
2322 3153 2413 3187 Men-

1366 3203 1374 3220 1
1399 3200 1428 3221 us
1484 3200 1493 3220 i
1513 3200 1538 3220 e.

1354 3266 1541 3314 Snjoendium
1566 3277 1620 3313 pro
1644 3278 1700 3298 uno
1726 3267 1834 3311 Mense
1858 3266 1943 3313 quod
1967 3266 2092 3300 dabitur
2106 3267 2236 3316 singulis
2266 3271 2412 3304 Centuriis

1452 3315 1616 3359 Peditum,
1639 3326 1698 3361 quae
1713 3313 1880 3358 constabunt
1898 3328 1936 3348 ex
1956 3317 2117 3361 Tresc'entis
2129 3315 2321 3352 Hominibus.

1391 3403 1570 3438 Centurioni,
1588 3399 1718 3430 Centum
1735 3399 1780 3430 sex
1799 3399 1902 3431 Librae.

1392 3439 1593 3468 Subcenturioni
1602 3461 1611 3476 ,
1629 3439 1842 3477 Quinquaginta
1857 3441 1911 3470 sex.

1394 3475 1544 3516 Signifero,
1560 3477 1693 3516 Triginta
1710 3477 1763 3507 sex.

1397 3517 1509 3545 Duobus
1524 3525 1594 3553 quos
1607 3519 1734 3552 Sergeans
1749 3515 1782 3544 de
1800 3515 1912 3546 Bandes
1928 3525 2047 3555 vocant,
2066 3516 2178 3556 singulis
2190 3514 2299 3552 Viginti
2314 3514 2413 3549 Librae

1359 3562 1422 3591 quae
1436 3553 1543 3584 faciunt
1558 3554 1749 3592 Qiadraginta
1768 3554 1877 3584 Libras.

1397 3590 1519 3630 Mensbri
1537 3591 1592 3623 sive
1607 3594 1762 3628 Metatori,
1780 3592 1894 3623 Gallice
1908 3595 2047 3631 Fourrier,
2065 3592 2187 3623 Duobus
2199 3590 2415 3631 Tympaniferis

1360 3631 1393 3660 δε
1417 3639 1476 3659 uno
1499 3630 1675 3668 Fistulatori,
1692 3630 1807 3661 Gallice
1826 3630 1974 3660 Tabourins
1992 3631 2025 3662 &
2043 3629 2164 3669 Phtffie,
2180 3628 2292 3668 singulis
2303 3631 2413 3664 duode-

1358 3669 1416 3699 cim
1432 3668 1539 3706 Librae,
1557 3679 1621 3706 quae
1634 3669 1763 3699 efficiunt
1779 3668 1974 3708 Quadraginta
1985 3669 2055 3698 osto
2068 3668 2175 3698 Libras.

1396 3706 1491 3736 Tribus
1507 3710 1646 3737 Veteranis
1654 3730 1664 3745 ,
1682 3708 1772 3737 ferreo
1786 3707 1924 3737 Thorace
1937 3707 2058 3749 armatis,
2071 3715 2141 3744 quos
2155 3704 2321 3749 Corporaulx
2337 3707 2413 3740 Gal-

1358 3746 1377 3775 li
1399 3754 1519 3783 vocant,
1536 3746 1647 3784 lingulis
1669 3746 1770 3777 decem
1793 3746 1826 3776 &
1846 3745 1918 3775 osto
1936 3744 2032 3774 Librae
2051 3752 2114 3782 quae
2127 3742 2259 3776 efficiunt
2274 3746 2414 3786 quinqua-

1354 3785 1434 3824 ginta
1445 3793 1564 3821 quatuor
1579 3784 1687 3815 Libras

1356 3822 1530 3898 ις’ὶέέῑῃ
1541 3819 2240 3900 dizit?frenari:intranseunte
2257 3822 2414 3893 φέέἒὲέ

1360 3900 1441 3930 ciunt
1456 3870 1775 3940 Sepsiieagintaquinque
1793 3883 1901 3929 Libras.
2243 3883 2255 3899 ²
2271 3870 2290 3901 q

1396 3935 1497 3968 Itidem
1511 3936 1573 3967 aliis
1609 3941 1709 3979 uinque
1722 3939 1883 3974 Veteranis,
1898 3935 1991 3966 ferreo
2004 3933 2140 3966 Thorace
2153 3938 2282 3976 armatis,
2300 3937 2413 3978 fingul'u

1357 3975 1574 4016 quatuordecim
1619 3977 1707 4013 ibtae,
1723 3985 1788 4013 quae
1801 3975 1918 4006 redeunt
1931 3973 1968 4004 ad
1982 3971 2164 4013 Septuaginta
2177 3974 2286 4006 Libras.

1395 4012 1611 4054 §Quinquaginta
1627 4018 1691 4044 item
1699 4012 1794 4054 ferreo
1810 4012 1928 4043 Thorace
1952 4016 2085 4056 arrnatis,
2097 4052 2102 4057 ,
2112 4014 2265 4052 uuicuique
2284 4013 2411 4046 Novem

1358 4051 1470 4090 Libtae,
1488 4061 1552 4091 quae
1565 4052 1694 4085 efficiunt
1711 4051 1937 4092 Qadringentas
1950 4057 2153 4091 quinquaginta
2171 4050 2278 4083 Libras.

2322 4087 2416 4128 Qne
