2557 4279
40 230 173 266 ΔΝΜ).

59 272 146 301 1616.

45 310 172 348 14Jac.t.

37 418 98 444 Par.
121 425 164 451 ¹4·

32 1821 111 1852 Ann.
127 1819 169 1852 D.

55 1860 139 1890 1616.

31 1904 91 1927 Pae.
114 1909 156 1935 ¹4-

34 1938 95 1966 ’ἱππ
117 1948 138 1966 1.

41 3654 152 3683 2*va

39 3702 107 3730 793·

198 148 281 186 216

329 319 379 351 De
391 310 561 354 Concqssoae
578 311 622 344 ad
641 314 750 345 Vitam
762 323 816 358 pro
834 310 959 344 Albereo
971 312 1123 343 Moreton.

191 406 289 477 ιΙΑΜ
298 413 315 434 E
326 414 339 434 s
350 427 359 442 ,
377 404 415 443 by
431 403 481 433 the
498 400 596 432 Grace
608 400 644 432 of
653 399 736 439 God,
753 399 814 436 &a
833 408 865 431 to
878 400 913 431 all
930 408 962 431 to
975 395 1260 435 whom‚&c.Gree·

237 453 338 513 ἕῖιῧοῖἦῐ
356 489 391 517 ye
406 479 465 522 that
478 487 542 515 we,
562 477 597 507 of
613 487 667 521 our
687 476 814 516 especiall
839 475 933 507 Grace
958 482 1057 506 certen
1079 472 1261 517 Knoyvledge

197 521 251 551 and
269 529 366 550 meere
383 517 502 547 Motion
514 539 523 553 ,
542 517 613 547 bave
624 524 707 554 given
723 516 778 546 and
791 515 942 553 graunted,
961 513 1014 543 and
1031 514 1068 551 by
1095 511 1168 542 theis
1190 511 1258 542 Pre-

199 559 272 589 sents
283 581 292 596 ,
310 558 358 588 for
370 556 419 586 Us
431 566 485 585 our
499 554 601 585 Heires
614 555 669 585 and
691 553 877 591 Successors,
896 553 952 582 doe
975 553 1040 588 give
1067 550 1123 580 and
1139 558 1259 587 graunte

199 606 272 628 unto
288 596 427 626 Albertus
443 597 572 623 Moreton
592 593 746 624 Secretarie
763 602 794 622 to
808 601 878 622 oure
901 589 1005 632 dearest
1026 588 1176 626 Daughter
1197 587 1261 618 Eli·-

198 635 303 666 zabeth
317 634 453 664 Elecirice
473 631 604 662 Palatine
613 655 622 669 ,
639 632 686 662 for
698 631 754 661 and
770 632 798 660 in
814 629 1022 671 consideration
1036 626 1073 658 of
1083 627 1128 657 his
1142 626 1260 657 Service

197 675 278 705 doon
288 673 343 704 and
359 682 391 704 to
407 673 444 702 be
457 671 532 701 done
549 672 577 701 in
593 672 644 701 the
657 670 713 700 said
728 669 810 699 Place
826 668 863 698 of
874 668 1045 702 Secretane,
1065 675 1125 696 one
1144 665 1257 696 Annui-

196 721 245 753 tye
260 723 294 743 or
307 712 429 753 yeerelie
446 709 571 740 Peneion
590 710 626 740 of
636 712 702 738 Two
718 706 844 737 hundred
857 705 978 735 Pouna'es
997 705 1035 744 by
1051 704 1101 734 the
1117 713 1219 744 yeere;

234 752 253 772 *
274 752 326 782 To
342 751 413 781 have
428 749 517 779 holde
530 747 585 779 and
599 757 715 779 receave
731 746 780 776 the
792 744 864 775 saide
878 744 1009 784 Annuity
1024 753 1058 773 or
1072 743 1167 782 yeerly
1183 742 1258 774 Pen-

194 791 263 822 cion
277 790 314 820 of
322 793 390 820 Two
407 787 532 818 hundred
545 787 652 816 Pounds
668 786 705 825 by
721 785 769 814 the
784 783 893 820 Yeere,
918 792 949 813 to
970 782 1018 812 the
1041 781 1096 812 said
1118 781 1256 812 Albertm·

194 833 325 860 Moreton
337 838 372 858 or
388 836 421 858 to
435 827 477 856 his
494 825 639 862 Affignffi,
655 823 731 853 from
747 822 795 853 the
810 821 906 852 Feaste
919 821 956 852 of
972 821 1020 851 the
1042 823 1257 851 Annunciation

194 867 232 909 of
244 868 290 898 the
306 865 413 907 Bleffid
424 867 526 902 Virgin
544 866 631 901 Mary
649 861 700 892 last
720 860 811 899 paste,
833 860 878 890 for
889 859 944 890 and
968 859 1090 899 dureing
1116 859 1166 890 the
1191 859 1257 898 Ty-

194 917 244 938 me
257 907 319 938 that
335 907 374 936 he
390 904 456 935 shall
472 909 620 941 contynue
635 901 664 931 in
690 900 740 932 the
755 899 826 929 saide
851 899 936 930 Place
959 898 997 929 of
1014 898 1169 930 Secretarie
1185 908 1258 929 unto

193 955 264 977 oure
277 944 333 976 said
349 942 454 974 deerest
472 940 640 978 Daughter,
656 949 707 970 out
724 938 761 969 of
772 938 820 968 the
833 937 970 968 Treasure
983 937 1020 967 of
1036 936 1086 968 Us
1105 946 1160 969 our
1182 936 1257 967 Hei-

194 995 237 1015 res
249 984 305 1015 and
320 981 500 1017 Succeffors‚
520 988 546 1009 at
562 978 612 1009 the
627 977 765 1016 Receipte
779 976 816 1007 of
835 976 882 1007 the
904 975 1076 1014 Exchequer
1090 976 1127 1005 of
1138 975 1185 1007 Us
1203 986 1257 1007 our

194 1023 301 1053 Heires
313 1022 367 1051 and
383 1018 543 1050 Successors
560 1025 586 1046 at
602 1015 788 1056 Wstminster
807 1015 845 1055 by
863 1015 910 1046 the
926 1014 1041 1045 Handes
1056 1015 1091 1044 of
1101 1014 1150 1044 the
1165 1015 1255 1045 Trea-

194 1061 272 1092 surer
290 1059 345 1090 and
362 1056 591 1095 Chamberleyns
604 1055 641 1084 of
659 1054 704 1085 Us
719 1064 771 1084 our
786 1053 887 1083 Heires
909 1053 963 1083 and
988 1053 1154 1084 Succeffors
1177 1054 1254 1084 there

193 1101 240 1131 {br
255 1099 305 1130 the
321 1107 399 1137 tytne
415 1097 501 1134 being
511 1118 520 1132 ,
538 1102 563 1123 at
577 1094 625 1124 the
639 1093 732 1124 fower
747 1091 830 1122 usuall
847 1091 956 1123 Feastes
969 1101 1003 1121 or
1016 1092 1139 1122 Termes
1156 1092 1194 1122 of
1203 1093 1253 1123 the

191 1137 304 1175 Yeare3
322 1137 401 1166 Tim
417 1145 448 1174 ys
463 1143 496 1164 to
510 1134 590 1171 saye,
615 1140 642 1162 at
665 1132 714 1161 the
740 1130 849 1161 Feastes
871 1130 908 1160 of
925 1131 975 1161 the
997 1132 1143 1161 Nativitie
1161 1130 1196 1170 of
1211 1135 1253 1160 St.

190 1176 274 1216 John
292 1174 401 1214 Raptis}
412 1197 421 1211 ,
438 1176 479 1203 St.
500 1169 637 1201 Michaell
659 1170 706 1200 the
733 1168 925 1207 Archangell‚
949 1168 996 1198 the
1020 1169 1127 1209 Byrthe
1151 1169 1187 1210 of
1205 1181 1254 1199 our

190 1215 272 1247 Lora'
286 1213 363 1250 God,
380 1212 434 1242 and
449 1211 496 1240 tlte
511 1213 721 1239 Annunciation
739 1207 774 1248 qf
781 1208 829 1239 the
848 1211 876 1238 V
875 1210 947 1246 irgin
955 1210 1040 1247 stlarjy
1055 1210 1092 1249 by
1106 1219 1182 1240 even
1198 1208 1253 1239 and

190 1253 282 1292 equall
298 1252 431 1282 Portions
444 1259 476 1281 to
495 1250 530 1279 be
545 1247 639 1288 paide:

226 1327 375 1366 Although
390 1325 516 1367 expresse
533 1326 683 1364 mention,
701 1321 762 1359 &a

226 1404 260 1436 In
277 1406 376 1436 witnes
393 1403 540 1442 whereof,
558 1402 620 1438 &a

227 1481 272 1513 W
274 1490 353 1522 ytnes
371 1492 426 1512 our
442 1481 495 1512 self
509 1489 536 1512 at
556 1477 739 1519 westminster
752 1478 801 1509 the
816 1477 889 1507 firste
904 1476 988 1516 Daye
1001 1476 1038 1506 of
1056 1475 1196 1508 october.

639 1558 693 1585 Per
708 1558 800 1583 Breve
814 1554 845 1583 de
860 1556 981 1583 Privato
994 1552 1095 1590 sigillo.

649 126 1465 182 CONVENT10NEQ

192 1697 242 1729 De
265 1697 418 1728 Creatione
446 1688 632 1733 Illrstriffimi
671 1691 816 1734 Principis
839 1689 1000 1722 Canon
1027 1692 1058 1722 in
1085 1693 1253 1739 Principem

468 1739 576 1773 Williae
600 1740 636 1777 ὠ
662 1739 806 1769 Comitem
835 1738 959 1780 Ccstriae.

196 1830 238 1884 R
254 1828 313 1860 EX
335 1824 576 1864 archiepiscopis,
594 1822 741 1861 Ducibus,
758 1821 998 1862 Marchionibus,
1018 1822 1254 1864 Comitibus‚Vi-

272 1865 480 1902 cecomitibus,
498 1862 655 1902 Episcopis‚
672 1861 841 1901 Batonibus,
857 1861 1023 1900 Justiciariis
1037 1886 1048 1902 ,
1074 1862 1254 1906 Praepofitis,

188 1904 329 1936 Ministris
340 1928 347 1942 ‚
367 1905 399 1935 δ(
416 1904 552 1933 omnibus
566 1901 622 1931 aliis
641 1900 783 1931 Fidelibus
799 1899 921 1940 nostris,
947 1901 1083 1933 Salutem.

193 1946 196 1948 ·
226 1944 381 1981 Postqnm
399 1941 510 1973 fimana
526 1943 581 1970 Dei
595 1942 697 1979 Optimi
718 1942 843 1969 Maximi
866 1940 1041 1980 benignitate
1061 1943 1251 1975 commissum

188 1983 247 2021 est,
267 1984 298 2015 ὃς
315 1982 472 2013 celtus-,sm
490 1979 638 2018 Sanguinis
650 1978 721 2018 Jure
738 1978 771 2008 ad
788 1977 856 2008 Nos
873 1980 1074 2018 tranlmissum,
1094 1981 1175 2018 hujus
1188 1982 1250 2015 Re-

188 2024 236 2062 gu}
255 2021 442 2052 ,amentissimi
460 2019 634 2056 Imperium,
650 2017 719 2048 nihil
735 2016 835 2048 Nobis
847 2027 930 2056 aeque
943 2028 1019 2049 curae
1035 2017 1089 2049 fuit
1112 2023 1202 2058 quam
1219 2032 1249 2054 ut

190 2065 245 2091 Dei
257 2064 359 2101 Optimi
375 2062 500 2090 Maximi
516 2057 646 2093 Gloriae,
667 2055 802 2087 Ecclesiae
819 2055 992 2088 Christianae
1008 2056 1204 2092 incolumitati
1217 2063 1252 2094 &

188 2099 271 2137 Paci,
302 2099 398 2136 Regni
419 2098 503 2136 hajus
524 2095 717 2127 Potentiffimi
740 2095 983 2139 amplificationi,
1005 2097 1038 2127 &
1061 2095 1252 2132 Subditotum

188 2137 454 2169 omniumUtilitati
470 2139 502 2169 &
518 2135 666 2166 Securitati
683 2135 921 2173 prospiceremus,
940 2135 1035 2166 multis
1048 2139 1118 2167 vero
1133 2140 1252 2178 magnis-

188 2188 245 2215 que
261 2177 417 2208 Laboribus
430 2174 569 2206 indefesso
584 2173 686 2205 Studio
700 2175 728 2204 in
747 2174 804 2204 hoc
816 2182 920 2204 conatu
934 2175 1132 2214 exantlatis,ne
1146 2180 1215 2215 quid
1224 2180 1252 2209 in

189 2216 290 2248 Nobis
304 2216 339 2247 ad
352 2217 421 2246 tanti
437 2214 541 2251 Operis
556 2213 703 2243 Molimen
718 2212 861 2243 desiderari
879 2213 1034 2251 patiamur,
1051 2214 1251 2248 laudatiffimo-

187 2265 252 2287 rum
274 2255 443 2292 Principum
465 2253 615 2291 Majorum
638 2251 807 2282 nostrorum
830 2251 984 2283 insistentes
1012 2252 1161 2294 Vestigiis,
1189 2266 1249 2287 non

188 2295 280 2325 modo
293 2294 457 2324 felicitatem
474 2291 639 2322 nostrorum
654 2298 822 2328 temporum
835 2289 963 2329 firmare,
982 2290 1029 2322 sed
1051 2293 1136 2324 etiam
1151 2295 1253 2326 futuris

188 2333 336 2365 consulere
349 2332 474 2369 Seculis,
491 2330 666 2368 eandemque
683 2329 857 2360 Felicitatem
873 2329 906 2360 ad
930 2329 1064 2361 Posteros
1086 2333 1252 2365 inviolatam

189 2374 223 2403 &
239 2372 416 2402 indelibatarn
429 2370 631 2406 transmittere,
647 2378 787 2407 quantum
799 2369 828 2398 in
843 2367 943 2400 Nobis
956 2368 1015 2407 est,
1032 2369 1248 2404 destinavimus:

189 2410 287 2450 Itaque
301 2411 375 2441 hanc
395 2411 512 2440 unicam
533 2408 717 2439 certisfimam
744 2408 903 2438 Rationem
925 2417 1010 2446 quarn
1032 2409 1062 2447 a,
1086 2410 1254 2443 feliciffimae

191 2449 367 2486 Memoriae,
385 2448 514 2487 Regibus
531 2447 690 2483 Maioribus
707 2446 823 2484 nostris,
843 2447 968 2477 maxime
983 2449 1053 2477 vero
1070 2450 1106 2479 ab
1127 2450 1252 2481 Edwar-

189 2490 224 2519 do
234 2491 324 2519 Tertio
339 2489 475 2517 omnibus
489 2486 557 2516 Belli
571 2485 701 2523 Pacisque
714 2485 820 2514 artibus
835 2484 922 2522 longe
936 2484 1106 2525 clariffimo,
1123 2488 1155 2518 δε
1172 2492 1250 2520 Hen-

188 2531 242 2558 rico
256 2529 371 2565 Septimo
384 2523 602 2561 prudentissimo
616 2523 710 2561 Regni
725 2523 807 2559 hujus
824 2521 1027 2561 instauratore,
1047 2525 1203 2564 usurpatam
1220 2529 1253 2559 &

188 2566 342 2605 probatam
356 2564 558 2597 meminimus,
573 2562 603 2590 in
620 2571 680 2590 non
694 2561 790 2597 dispari
806 2560 896 2590 Causa
912 2561 1037 2591 aemulari
1054 2572 1113 2592 non
1140 2564 1254 2596 dubita·

192 2614 275 2643 mus3
295 2604 313 2633 ii
325 2603 402 2633 enim
421 2601 494 2631 cum
509 2600 693 2629 maximarum
712 2600 745 2629 ὃς
761 2600 829 2629 vere
854 2598 1008 2636 Regiarum
1035 2598 1181 2632 Virtutum
1201 2604 1253 2635 Se—

191 2643 318 2674 minariis
334 2650 367 2671 ac
384 2638 569 2670 Rudimentis
581 2637 708 2667 imbutos
725 2636 811 2667 Filios
828 2636 975 2675 Principes
990 2637 1145 2678 haberent,
1171 2640 1253 2673 simul

188 2683 221 2713 iis
240 2680 385 2711 stimulum
401 2679 436 2709 ad
452 2677 582 2713 Gloriae,
599 2685 664 2712 quae
681 2675 737 2706 sola
752 2674 862 2706 Virtute
877 2676 1049 2714 acquiritur,
1068 2676 1253 2712 Curriculurn

188 2721 310 2761 graviter
323 2715 531 2748 decurrendum
546 2714 731 2753 addiderunt,
750 2715 783 2745 &
801 2714 941 2752 Regnum
957 2715 992 2745 ab
1005 2717 1089 2746 omni
1114 2719 1142 2748 vi
1161 2728 1252 2750 exter-

189 2769 245 2796 na,
264 2759 297 2788 ὃς
314 2756 448 2786 Motibus
462 2754 594 2785 civilibus
607 2751 737 2783 securum
762 2752 969 2791 praestiterunt,
995 2763 1079 2791 atque
1101 2756 1146 2795 id,
1164 2757 1253 2796 splen-

190 2796 337 2828 didiffimo
354 2795 386 2826 ὃς
400 2792 581 2824 illustrissimo
588 2792 632 2822 W
635 2791 704 2822 alliae
720 2790 899 2829 Principatfis
911 2792 1054 2823 Titulo&
1063 2793 1190 2827 Honore
1201 2797 1251 2829 de·

189 2837 269 2874 lato,
287 2843 354 2865 cum
371 2831 543 2871 amplissimis
558 2829 592 2861 ad
608 2839 674 2860 eum
689 2830 826 2871 tuendum
842 2830 1043 2869 Praerogativis
1065 2831 1173 2865 Palatiis
1195 2836 1251 2867 La-

189 2874 316 2907 tifundiis
335 2871 517 2908 Ministeriis,
536 2868 699 2906 caeterisque
717 2870 852 2899 omnibus
865 2878 929 2906 quae
954 2869 1134 2909 Principibus
1155 2873 1252 2907 Orna-

189 2922 293 2944 mento
307 2910 511 2942 Emolumento
525 2916 572 2938 aut
589 2906 777 2939 Munimento
792 2909 850 2938 esse
862 2907 951 2938 solent
967 2930 977 2946 ,
995 2909 1104 2947 ingenti
1116 2913 1250 2944 omnium

186 2950 392 3019 cujusgkumque
421 2948 542 2979 Ordinis
564 2945 751 2977 Subditotum
772 2945 901 2984 applausu
928 2946 961 2976 &
983 2948 1190 2981 acclamatione
1208 2953 1251 2984 est

206 2990 263 3021 erse
295 2998 355 3018 um.

184 3001 205 3030 p
226 3028 296 3059 Nos
310 3035 426 3065 quoque
440 3025 512 3054 etim
529 3024 645 3062 majori,
666 3033 751 3059 quam
769 3033 833 3062 quae
851 3023 899 3053 ulli
917 3023 1063 3060 Majorum
1082 3026 1247 3060 nostrorum

189 3065 323 3099 concessa
343 3065 401 3101 est,
421 3063 553 3094 felicitate
568 3062 728 3093 universam
743 3063 817 3092 hanc
839 3062 927 3092 Orbis
947 3063 1100 3094 Terrarum
1124 3064 1247 3099 Insulam

191 3106 319 3137 maxime
335 3104 462 3133 inclitam
474 3124 484 3140 ,
504 3102 613 3131 Animis
631 3100 780 3137 Armisque
795 3101 828 3130 ὃς
850 3099 958 3138 Regnis
980 3100 1088 3140 semper
1112 3103 1248 3146 divisam,

189 3154 268 3175 nunc
283 3141 424 3173 immensa
441 3140 500 3170 Dei
519 3139 648 3170 Bonitate
665 3138 819 3174 Religione
838 3138 972 3169 Moribus
989 3142 1021 3170 &
1040 3142 1153 3172 Animis
1174 3155 1248 3176 con-

188 3182 323 3213 sociatam
338 3182 370 3211 &
387 3181 497 3210 unitam
515 3178 672 3208 incredibili
688 3177 822 3207 omniurn
840 3176 1011 3208 Mortalium
1034 3180 1192 3221 consensu,
1213 3185 1247 3216 &

189 3221 366 3251 Animorum
380 3217 605 3255 conspiratione,
625 3215 844 3253 pacatiffimam‚
864 3225 947 3255 prout
960 3215 1108 3256 Sanguinis
1117 3220 1182 3256 jure
1196 3222 1247 3252 de-

190 3260 330 3298 bebatur,
347 3257 559 3294 acceperimus3
581 3255 756 3292 eandemque
771 3264 869 3284 contra
883 3265 999 3294 omnes,
1024 3265 1086 3287 tum
1112 3257 1246 3292 Ecclefiae

191 3309 254 3331 tum
269 3297 494 3335 Tranquillitatis
509 3294 631 3332 publicae
645 3293 752 3324 Hostes
764 3294 796 3323 &
811 3292 985 3331 Perduelles,
1003 3305 1161 3336 eorumque
1174 3298 1244 3330 Ma-

191 3338 368 3369 chinationes
383 3337 415 3367 &
431 3333 549 3364 Insultus
568 3342 741 3371 propugnare
757 3331 931 3370 studeamus3
949 3332 1112 3372 Filiumque
1133 3336 1244 3375 insuper

193 3377 279 3407 unice
294 3375 430 3406 dilectum
445 3371 571 3403 carolum
585 3371 756 3409 habeamus,
780 3371 949 3408 Regnorum
970 3373 1107 3403 omnium
1131 3375 1247 3407 nostro-

193 3425 258 3445 rum
274 3414 438 3451 Principem
456 3414 489 3443 &
502 3410 656 3441 Haeredem
666 3432 675 3447 ‚
695 3411 725 3439 iis
739 3419 802 3440 turn
816 3410 905 3439 animi
920 3419 981 3440 tum
997 3408 1138 3450 Corporis
1158 3413 1247 3446 Doti-

193 3454 247 3483 bus
264 3455 300 3483 ita
314 3461 462 3488 ornatum,
478 3459 508 3480 ut
525 3459 569 3480 eas
590 3449 744 3486 praedicare
764 3449 893 3479 Paternae
914 3457 973 3478 non
998 3448 1029 3478 sit
1049 3453 1247 3492 verecundiae3

196 3492 279 3522 illum
301 3491 378 3521 recte
394 3513 403 3528 ,
428 3487 615 3519 laudatisiimo
646 3487 799 3525 Majorum
823 3497 906 3517 more
930 3486 1104 3528 clariffimo,
1135 3491 1247 3522 Walliae

195 3532 364 3567 Principatus
379 3530 411 3560 &
429 3531 579 3557 Comitatus
592 3524 698 3565 Crstriae
715 3526 836 3556 Honore
849 3526 883 3557 &
897 3526 999 3556 Titulo
1014 3526 1163 3567 insignire,
1181 3540 1246 3561 om-

195 3567 334 3604 nibusque
346 3576 409 3604 quae
426 3567 458 3596 ad
475 3576 539 3596 eurr.
557 3575 608 3603 pro
624 3565 772 3604 Dignitate
792 3564 948 3601 gerendum
966 3565 999 3595 &
1014 3566 1246 3603 amplificandum

195 3607 298 3637 idonea
313 3604 483 3635 videbuntur
503 3604 638 3634 decorare
658 3605 832 3641 statuimus,
857 3613 887 3633 ut
909 3613 968 3633 non
991 3604 1100 3635 tannim
1126 3605 1247 3639 affectus

196 3645 265 3676 vere
285 3643 396 3674 Paterni
411 3643 441 3672 in
456 3643 577 3680 Filium,
597 3643 709 3680 optime
725 3643 761 3672 de
782 3641 883 3672 Nobis
906 3642 1040 3672 meritum
1057 3667 1067 3681 ,
1093 3644 1113 3665 ²*
1142 3644 1246 3677 illustre

195 3682 294 3714 existat
312 3681 558 3718 Monumentum,
577 3680 622 3711 sed
639 3681 738 3710 Nobis
759 3680 920 3718 Regnisque
936 3679 1039 3711 nostris
1055 3681 1247 3715 firmiffimum

194 3728 338 3760 perpetuae
354 3720 437 3748 etiam
453 3717 535 3748 Pacis
549 3720 580 3748 δε
599 3719 762 3750 Securitatis
776 3719 882 3758 Pignus
896 3719 929 3748 &
950 3719 1120 3751 Praefidium
1144 3721 1247 3754 sancia·

194 3770 257 3796 tur,
275 3758 346 3788 adeo
362 3766 394 3787 ut
413 3758 441 3785 in
459 3767 511 3785 una
525 3761 679 3796 eademque
695 3768 721 3788 ie
738 3767 822 3796 atque
837 3758 968 3795 actione,
992 3759 1025 3790 &
1047 3768 1169 3797 paternae
1191 3771 1247 3792 no-

195 3799 260 3829 strae
277 3796 463 3833 indulgentiae
478 3818 486 3830 ,
505 3795 535 3823 &
555 3795 617 3824 Filii
632 3797 756 3834 meritis,
774 3798 807 3827 &
821 3795 1011 3827 Subditotum
1026 3799 1116 3836 votis,
1135 3798 1250 3830 &Mo-

195 3839 220 3868 ri
245 3836 389 3876 majorum
405 3855 414 3870 ,
443 3834 474 3863 ὅ(
497 3832 664 3870 Regnorum
698 3835 846 3864 Securitati
867 3857 876 3872 ,
908 3835 1072 3867 consultum
1102 3836 1247 3877 videatur,

198 3874 292 3913 Qiod
309 3871 423 3909 quidem
445 3871 503 3899 hoc
521 3870 648 3901 nostrum
667 3870 827 3902 Conlilium
842 3872 915 3903 haud
938 3874 1048 3905 irritum
1069 3875 1132 3906 fore
1159 3886 1195 3907 ex
1214 3887 1252 3907 eo

198 3911 391 3954 confidimus,
405 3908 521 3953 ‘qufodsa
539 3910 630 3953 prima
646 3914 731 3947 ulque
754 3910 892 3948 Infantia,
915 3913 948 3944 δε
970 3913 1137 3944 succedente
1161 3917 1251 3953 porro

195 3947 338 3986 pueritia,
356 3947 389 3977 &
403 3956 433 3976 tn
450 3946 499 3975 ista
517 3956 573 3990 qua
588 3957 663 3977 nunc
681 3949 763 3979 floret
780 3949 987 3988 Adolescentia,
1004 3953 1149 3990 egregiam
1167 3953 1195 3982 in
1210 3954 1253 3991 ip-

198 3991 230 4021 io
244 3988 280 4020 ad
296 3985 428 4026 praeclata
438 3984 471 4015 &
484 3984 596 4015 heroica
607 3988 704 4023 omnia
717 3988 886 4025 capescenda
897 3988 1027 4020 Indolem
1041 4000 1144 4022 omnes
1159 3992 1254 4022 anim-

1523 124 1916 176 LITERAE,

1353 297 1545 335 Conceffion
1564 297 1661 331 d’une
1680 299 1783 332 Rente
1802 298 1820 331 a
1835 297 1884 332 vie
1904 309 1987 344 pour
2006 296 2121 331 Albert
2141 295 2309 329 Moreton.

1335 387 1422 455 ASQltJ
1434 395 1452 417 Ε
1464 396 1494 425 s,
1507 396 1562 426 par
1580 385 1609 415 la
1622 388 1725 424 Gracc,
1742 383 1777 415 de*
1789 388 1880 424 Dieu,
1897 386 1961 417 &c.
1995 388 2032 415 A
2047 392 2107 416 tous
2121 396 2187 415 ceux
2204 384 2222 416 ἃ
2237 384 2365 427 qui,&c.

1370 438 1389 454 a
1402 433 1443 455 ut.

1342 464 1448 494 Sachez
1462 475 1511 503 que
1527 463 1560 492 de
1573 470 1651 492 notre
1661 473 1740 499 grace
1749 459 1876 500 speciale,
1883 460 2065 499 connoiffiznce
2080 465 2198 492 certaine
2222 455 2300 498 &de
2317 472 2366 492 no·

1305 510 1348 533 tre
1387 513 1419 531 ur
1434 509 1624 539 mouvement,
1642 512 1709 531 nous
1726 511 1816 530 avons
1832 500 1924 529 donne'
1932 496 1969 534 ὦ·
1984 499 2110 536 αιιονάέ,
2134 498 2172 534 &
2186 512 2236 540 que
2246 510 2300 540 par
2325 501 2363 531 les

1299 512 1439 581 pressntes
1456 551 1521 571 nous
1532 541 1654 570 donnons
1675 536 1713 573 ὠ·
1736 538 1894 575 accardum,
1916 547 1983 577 pour
2009 548 2084 575 nous,
2102 549 2149 567 nor
2162 541 2299 569 He‘ritiers
2322 538 2362 573 &-

1303 579 1474 618 Succeffiurs‚
1488 579 1507 609 a
1525 579 1625 610 Albert
1640 577 1782 608 Moreton
1791 600 1801 616 ,
1821 579 1967 606 Secretaire
1977 576 2010 605 de
2024 584 2103 605 notre
2118 575 2179 621 trag
2204 577 2266 607 here
2279 577 2366 616 fille,

1304 617 1456 649 Elizabeth
1473 617 1614 648 Eledbice
1630 616 1774 653 Palatine,
1791 627 1823 645 en
1841 614 2033 656 confide‘ration
2057 614 2103 643 des
2119 613 2160 653 s?
2226 626 2240 645 s
2264 615 2332 657 qu'il
2344 629 2364 645 a

1303 657 1403 687 rendus
1413 680 1422 695 ,
1437 653 1476 691 ό·
1493 655 1561 697 qu’il
1571 656 1671 686 rendra
1690 665 1797 692 encore,
1814 654 1886 684 dans
1894 654 1932 692 sa
1958 652 2055 691 charge
2074 653 2106 682 de
2132 656 2164 682 Se
2240 657 2295 692 ire,
2312 666 2364 685 une

1296 695 1406 735 penfion
1423 706 1455 725 ou
1471 702 1550 724 rente
1575 694 1612 725 de
1632 694 1705 724 deux
1719 703 1787 724 cens
1801 693 1886 723 livres
1897 701 1952 732 par
1971 702 2028 726 αγις

1341 736 1413 764 Pour
1427 737 1502 764 tenir
1521 732 1559 768 ό·
1573 735 1694 763 recevoir
1714 731 1800 762 ladite
1815 739 1893 761 rente
1909 742 1941 760 ou
1957 730 2066 770 penfion
2089 730 2125 760 de
2150 729 2224 760 deux
2245 739 2312 761 cens
2331 729 2365 761 li—

1302 782 1364 804 vres
1375 781 1430 812 par
1445 784 1503 810 an,
1516 780 1570 811 par
1582 770 1607 800 le
1614 770 1706 811 fhsdit
1724 771 1826 801 Albert
1840 770 1981 800 Moreton
1993 781 2025 799 ou
2035 777 2090 808 par
2098 769 2146 808 ses
2160 779 2246 808 ayans
2270 766 2364 807 cause,

1303 811 1395 850 depuis
1409 809 1508 851 lafita
1524 810 1645 840 derniere
1663 810 1696 839 de
1713 808 1949 839 1’Annonciarion
1962 809 1997 840 de
2017 808 2041 838 la
2063 807 2267 839 bienheureuse
2283 805 2368 836 Vier-

1301 859 1339 890 ge
1356 849 1467 889 Marie,
1480 849 1603 887 pendant
1620 847 1644 878 le
1659 857 1726 879 tems
1743 846 1812 889 qu’r'l
1828 850 1982 877 continuera
2004 847 2144 877 d'exercer
2164 846 2193 876 la
2216 845 2311 883 charge
2332 845 2366 874 de

1302 892 1452 919 Secretaire
1466 889 1499 918 de
1514 895 1594 917 notre
1609 887 1668 917 tres
1686 885 1763 917 chere
1778 884 1864 925 mlle,
1881 885 1944 916 hors
1960 886 1996 916 du
2012 885 2106 925 Tre'sor
2120 885 2152 915 de
2166 895 2242 923 nous,
2251 894 2299 914 nos
2305 885 2367 913 Ηί-

1305 931 1398 958 ritiers
1416 925 1454 962 ὀ·
1471 925 1649 965 Succeffeurs,
1667 924 1686 955 ἃ
1704 925 1733 955 la
1750 932 1849 955 rerette
1860 925 1892 954 de
1906 923 2076 965 I’Echiquier
2092 925 2125 954 de
2141 934 2206 954 nous
2220 922 2258 958 &
2282 922 2367 952 d’eux

1302 965 1321 994 ἃ
1347 965 1565 1002 Westminster,
1577 974 1633 1003 par
1653 963 1690 994 les
1705 967 1796 994 mains
1809 963 1846 993 du
1862 961 1997 1002 TreYorier
2014 962 2050 998 ὠ
2063 964 2109 993 des
2125 961 2319 992 Chambellam·
2332 961 2366 991 de

1297 1015 1374 1043 nous,
1388 1016 1435 1034 nos
1452 1006 1591 1033 He‘ritiers
1607 1002 1645 1038 ὠ
1662 1007 1740 1032 Sutce
1761 1012 1822 1032 eurr
1832 1025 1841 1038 ,
1858 1013 1891 1032 ou
1923 1005 1950 1031 ui
1963 1001 2101 1041 leseront,
2121 1013 2180 1031 aux
2194 1008 2293 1042 quatre
2309 1008 2369 1030 ter-

1299 1054 1356 1072 mes
1372 1054 1405 1073 ou
1420 1042 1491 1081 fetes
1509 1041 1656 1071 ordinaires
1673 1041 1705 1070 de
1719 1040 1731 1070 l
1741 1042 1843 1079 anne‘e‘,
1858 1041 1896 1070 c'e
1920 1039 2035 1077 -a-dire‚
2051 1041 2067 1070 ὲ
2081 1041 2105 1070 la
2120 1039 2252 1070 Nativite
2267 1039 2303 1069 de
2321 1039 2365 1070 St.

1295 1080 1365 1120 jean
1381 1080 1514 1120 Baptiste,
1531 1080 1565 1110 de
1582 1079 1623 1109 St.
1644 1078 1756 1109 Micbel
1773 1079 1906 1109 l’Archan
1926 1088 1953 1115 e,
1971 1080 2008 1109 de
2024 1079 2048 1109 la
2060 1077 2216 1110 Naiffance
2232 1078 2267 1109 de
2282 1086 2364 1108 notre

1298 1120 1453 1158 Seigneur,
1473 1121 1505 1150 &
1520 1118 1555 1149 de
1568 1118 1807 1148 l'Annonciation
1823 1116 1859 1148 de
1873 1118 1898 1148 la
1943 1118 2018 1157 ierge
2045 1116 2142 1148 Marie
2153 1141 2164 1156 ,
2181 1115 2199 1146 ἃ
2210 1125 2294 1156 payer
2308 1125 2361 1155 par

1293 1163 1416 1197 portiom
1430 1157 1535 1197 ngales:

1337 1312 1462 1352 §Lucique
1480 1312 1598 1340 mention
1612 1308 1747 1349 expreffi’,
1765 1310 1828 1340 &c.

1335 1393 1383 1421 En
1395 1390 1441 1432 foi
1458 1390 1490 1420 de
1505 1394 1584 1430 quoi,
1602 1391 1664 1422 &c.

1333 1471 1454 1499 Te‘moinx
1470 1466 1646 1498 nous-memes
1662 1466 1681 1496 ἃ
1700 1465 1910 1497 Westminster
1927 1465 1951 1496 le
1962 1468 2078 1505 premier
2093 1465 2114 1494 d
2118 1464 2248 1495 'Ollobra

1724 1545 1776 1573 Per
1796 1545 1890 1573 Breve
1907 1543 1940 1572 de
1959 1545 2083 1573 Privato
2101 1540 2205 1580 sigillo.

1295 1677 1466 1716 advertant,
1490 1687 1545 1709 nec
1566 1686 1730 1715 quenquam
1760 1676 1818 1708 esse
1843 1686 1937 1708 rerum
1958 1677 2090 1708 omnium
2114 1685 2172 1707 tam
2197 1677 2362 1716 imperitum

1298 1716 1485 1753 arbitramur,
1505 1717 1554 1755 qui
1572 1716 1622 1747 insi
1643 1726 1711 1747 nem
1725 1717 1784 1755 ejus
1797 1716 1829 1746 in
1852 1715 2014 1754 Religionis
2042 1715 2226 1746 Orthodoxae
2249 1716 2362 1756 Myste-

1299 1755 1342 1784 riis
1356 1754 1554 1794 progressum,
1573 1755 1606 1785 &
1655 1756 1722 1791 itae,
1738 1762 1880 1791 quantum
1897 1764 1945 1792 per
1960 1753 2094 1785 AEtatem
2110 1754 2190 1791 licet,
2215 1754 2362 1787 Innocen-

1298 1794 1366 1823 tiam
1381 1794 1414 1824 &
1429 1793 1660 1824 Sanetimoniam
1698 1793 1728 1822 in
1744 1792 1812 1822 Nos
1827 1792 2006 1830 Obsequium
2016 1814 2026 1830 ,
2043 1793 2074 1823 in
2096 1791 2193 1823 Bonos
2212 1793 2362 1833 aflectum,

1297 1832 1327 1862 in
1341 1831 1448 1862 Pravos
1463 1831 1585 1870 odium,
1600 1832 1629 1861 in
1645 1816 1775 1862 Virtutes
1789 1832 1856 1861 vere
1881 1830 1986 1870 Regias
2006 1831 2242 1871 propensionem,
2268 1834 2361 1866 Vitio-

1297 1878 1362 1900 rum
1376 1871 1589 1908 ignorantiam,
1608 1871 1642 1902 &
1655 1869 1770 1900 Formae
1792 1868 2050 1900 Lineamentorum
2071 1877 2158 1906 atque
2178 1870 2309 1904 Personae
2330 1882 2361 1903 e-

1296 1909 1385 1978 tiam?
1406 1919 1472 1947 quae
1494 1908 1665 1949 Principum
1688 1909 1876 1940 commendat
1898 1907 2080 1948 Dignitatem
2103 1908 2138 1940 &
2159 1908 2277 1951 Decus,
2302 1921 2364 1943 non

1292 1958 1308 1979 a
1329 1959 1368 1979 no
1378 1956 1434 1979 cat.

1309 1957 1432 2018 gSciatis
1447 1988 1531 2027 igitur
1547 1986 1628 2026 quod
1647 1985 1734 2024 Nos,

1331 2025 1386 2056 His
1399 2025 1516 2058 addusti
1529 2025 1698 2064 rationibus,
1717 2026 1751 2057 &
1764 2033 1797 2057 ut
1812 2024 1948 2057 Ecclefiae
1963 2024 2152 2064 Christianae,
2178 2026 2298 2067 Nobis,
2315 2027 2365 2067 ipfi

1295 2063 1424 2103 Principi
1433 2087 1443 2104 ,
1456 2064 1612 2104 nostrisque
1626 2063 1752 2104 Regnis,
1771 2064 1872 2096 melius
1885 2064 2051 2104 feliciusque
2064 2064 2196 2096 succedat
2207 2089 2217 2105 ,
2239 2075 2274 2098 ex
2295 2068 2362 2098 inti-

1295 2113 1347 2134 mo
1358 2103 1458 2135 nostro
1478 2112 1601 2141 paternae
1616 2102 1770 2135 Charitatis
1779 2103 1878 2142 sensu,
1903 2104 1984 2142 juitta
2005 2104 2132 2143 antiquas
2153 2105 2239 2143 hujus
2262 2104 2363 2146 Regni

1294 2142 1384 2174 nostri
1401 2142 1647 2181 Consuetudines,

1333 2181 1466 2213 Eundem
1498 2180 1761 2213 Praecbarisfimum
1789 2180 1897 2212 Filium
1929 2179 2060 2211 nostrum
2083 2181 2210 2212 carolum
2243 2183 2361 2221 (modo

1294 2218 1459 2258 Principem
1479 2220 1597 2259 Magnae
1614 2219 1783 2258 Britanniae,
1801 2227 1888 2257 atque
1901 2218 2019 2250 Ducem
2037 2218 2197 2252 Cornubiae
2221 2223 2255 2252 &
2277 2221 2360 2253 Ebo-

1294 2269 1376 2296 rum,
1394 2260 1427 2291 &
1454 2259 1574 2290 Ducem
1597 2259 1727 2289 Albaniae
1751 2259 1780 2287 in
1805 2257 1913 2296 Regno
1934 2257 2035 2288 nostro
2058 2258 2186 2293 Scotiae)
2212 2262 2361 2300 Principem

1295 2298 1405 2329 Walliae
1423 2299 1456 2329 ὃς
1472 2301 1601 2328 Comitem
1616 2297 1724 2336 Cestriae
1739 2296 1860 2328 fecimus
1875 2296 1908 2327 &
1922 2297 2084 2328 creavimus
2094 2320 2103 2335 ,
2121 2298 2172 2336 &,
2191 2308 2239 2335 per
2256 2300 2302 2330 has
2312 2300 2362 2330 Li-

1295 2346 1365 2368 teras
1379 2336 1487 2369 nostras
1504 2338 1653 2375 Parentes,
1670 2336 1792 2367 facimus
1807 2336 1840 2368 ὅ(
1856 2345 2002 2373 creamus,
2021 2346 2055 2366 ac
2070 2336 2164 2367 eidem
2179 2337 2275 2369 Carolo
2290 2338 2363 2370 No-

1296 2386 1381 2414 men,
1398 2376 1522 2413 Stilum,
1540 2375 1686 2413 Titulum,
1703 2374 1814 2405 Statum
1826 2397 1835 2412 ,
1854 2374 2037 2412 Dignitatem
2055 2374 2088 2404 &
2105 2375 2261 2407 Honorem
2276 2376 2360 2409 Prin-

1297 2415 1407 2454 cipatfis
1429 2415 1462 2446 &
1484 2413 1653 2445 Comitatfis
1673 2414 1844 2444 eorumdem
1871 2413 2001 2444 dedimus
2023 2414 2056 2444 &
2082 2414 2291 2454 concessimus,
2311 2416 2361 2449 da·

1296 2463 1359 2485 mus
1373 2455 1407 2485 &
1422 2454 1629 2491 concedimus,
1649 2454 1682 2484 &
1701 2461 1749 2490 per
1764 2451 1930 2490 praesentem
1949 2451 2091 2483 Chartam
2107 2452 2234 2484 nostram
2254 2454 2359 2486 confir-

1296 2501 1422 2529 mamus,
1441 2502 1474 2522 ac
1490 2493 1581 2529 ipsum
1599 2492 1636 2522 de
1649 2491 1753 2522 eisdem
1770 2490 1931 2528 Principatu
1947 2492 1980 2521 δε
2003 2490 2170 2529 Comitatu,
2196 2501 2228 2523 ut
2250 2494 2361 2524 ibidem

1295 2530 1483 2568 praeficiendo
1498 2530 1658 2566 praesideat,
1674 2529 1706 2559 &
1725 2529 1900 2565 praesidendo
1912 2529 2001 2561 dietas
2015 2529 2110 2560 Partes
2133 2531 2233 2568 dirigat
2254 2533 2288 2561 &
2311 2532 2360 2562 de-

1295 2568 1392 2599 fendat
1406 2578 1456 2606 per
1471 2569 1630 2597 Cinci'uram
1645 2567 1739 2596 Gladii
1757 2590 1766 2604 ,
1784 2568 1972 2598 Traditionem
1991 2565 2030 2601 ό·
2054 2568 2214 2607 Positionem
2237 2573 2310 2599 Serti
2326 2574 2357 2601 in

1295 2610 1406 2644 Capite,
1425 2605 1464 2640 ὠ
1482 2606 1593 2636 Annali
1610 2609 1699 2635 Aurei
1714 2609 1743 2635 in
1762 2608 1875 2644 Digito,
1893 2617 1996 2636 necnon
2010 2608 2039 2635 V
2039 2609 2104 2643 irgae
2120 2609 2226 2636 Aureae
2239 2610 2270 2638 in
2287 2611 2358 2638 Ma-

1296 2656 1379 2682 num,
1396 2645 1566 2681 insignimus
1592 2644 1624 2674 &
1648 2644 1816 2674 investimus
1838 2653 1868 2675 ut
1891 2644 1931 2674 est
1957 2645 2060 2682 mori53
2085 2643 2228 2677 Habenda
2249 2647 2299 2677 fibi
2323 2649 2358 2679 &

1295 2682 1469 2713 Haeredibus
1482 2684 1533 2712 suis
1547 2682 1676 2721 Regibus
1690 2682 1806 2721 Angliae
1822 2683 2043 2720 imperpetuum.

1334 2723 1431 2760 Quare
1447 2722 1581 2752 volumus
1594 2722 1628 2752 ὃς
1645 2721 1761 2751 firmiter
1773 2722 1972 2759 praecipimus,
1991 2729 2043 2759 pro
2061 2720 2159 2752 Nobis
2172 2724 2206 2754 ὃ(
2226 2722 2359 2755 Haeredi-

1295 2762 1347 2791 bus
1361 2761 1463 2791 nostris
1473 2784 1482 2798 ,
1521 2760 1579 2790 ubd
1596 2759 1749 2797 praediCtus
1767 2758 1880 2789 Carolus
1895 2758 1983 2790 Filius
1996 2759 2091 2790 noster
2105 2760 2206 2792 habeat
2222 2761 2358 2801 Nomen,

1295 2800 1418 2836 Stilum,
1437 2770 1572 2829 Tittilum
1585 2821 1595 2836 ,
1615 2798 1729 2841 Statum
1743 2820 1752 2835 ,
1778 2797 1958 2837 Dignitatem
1982 2798 2015 2829 &
2035 2797 2191 2830 Honorem
2213 2801 2357 2840 Principa—

1293 2838 1341 2869 tris
1358 2836 1469 2868 Walliae
1485 2835 1523 2871 (ζζΝ
1538 2840 1691 2866 Comitatus
1707 2835 1814 2875 Cestriae
1829 2836 2033 2873 praediCtorum
2047 2860 2057 2875 ,
2082 2837 2145 2869 Sibi
2169 2839 2203 2871 &
2223 2838 2358 2872 Haeredi-

1294 2878 1347 2909 bus
1367 2878 1420 2908 suis
1438 2875 1569 2915 Regibus
1584 2875 1718 2915 Angliae‚
1736 2885 1768 2907 ut
1782 2875 1959 2912 praedictum
1975 2874 2027 2906 est.

1706 2951 1774 2982 Hiis
1790 2951 1941 2991 Testibus,

1330 3029 1580 3061 Reverendiffimo
1599 3031 1629 3060 in
1646 3027 1766 3059 Christo
1784 3030 1866 3062 Patre
1880 3040 1914 3061 ac
1934 3029 2008 3060 fideli
2036 3029 2206 3062 Consiliario
2225 3032 2340 3071 nostro',

1327 3072 1439 3137 Geolrgio
1456 3068 1662 3109 Archieprscopo
1678 3072 1814 3099 Cantuar.
1842 3071 1928 3100 totius
1947 3069 2061 3109 Angliae
2082 3070 2209 3101 Primate
2229 3072 2264 3104 &
2285 3071 2352 3103 Me-

1289 3115 1334 3138 tro
1356 3117 1465 3138 ortano

1328 3118 1374 3176 Kc
1383 3169 1391 3183 ,
1410 3129 1575 3184 praec'iilecto
1588 3147 1621 3177 δε
1633 3144 1707 3176 fideli
1719 3144 1891 3177 Consiliario
1907 3144 2023 3186 nostro,

1325 3185 1430 3214 Thoma
1447 3187 1565 3214 Domino
1585 3182 1932 3222 Ellesuere‚Cancellari0
1948 3184 2048 3215 nostro
2064 3183 2195 3223 Angliae,

1326 3223 1373 3253 Ac
1388 3224 1474 3254 etiam
1487 3222 1642 3252 Cariffimis
1655 3221 1880 3262 Consanguineis
1896 3224 1930 3255 &
1943 3223 2116 3254 Consiliariis
2128 3223 2247 3264 nostris,

1324 3261 1427 3291 Thoma
1445 3264 1546 3291 comite
1558 3259 1700 3298 Suffolciae,
1715 3261 1903 3293 Thesaurario
1918 3261 2018 3292 nostro
2033 3261 2165 3301 Angliae,

1327 3300 1463 3329 Lodovico
1474 3302 1550 3329 Duce
1566 3301 1674 3335 Lenox,
1683 3298 1840 3331 Senescallo
1854 3300 1982 3339 Hospitii
1994 3300 2099 3339 nostri,
2321 3331 2323 3333 ,

1325 3338 1435 3368 Thoma
1453 3341 1557 3368 Comite
1570 3336 1735 3367 Arundellae
1748 3336 1786 3373 (θ’
1799 3342 1911 3378 Surriae,
1929 3338 2099 3371 Marescallo
2113 3339 2213 3371 nostro
2227 3338 2348 3379 Angliae‚

1328 3378 1371 3406 W
1370 3375 1478 3406 illielmo
1491 3379 1594 3406 Comite
1606 3375 1762 3416 Pembroke,
1776 3376 1948 3409 Camerario
1964 3377 2094 3417 Hospitii
2108 3378 2218 3410 nostri:

1324 3415 1459 3446 Necnon
1476 3414 1639 3445 chariffimis
1653 3413 1879 3456 Consanguineis
1892 3416 2013 3456 nostris,

1324 3453 1469 3483 Edwardo
1488 3456 1592 3483 Comite
1608 3451 1724 3492 Salopiae
1734 3477 1744 3492 ,

1324 3491 1440 3522 Roberto
1454 3495 1557 3522 comite
1573 3490 1700 3530 Suffixiae
1710 3516 1719 3529 ‚

1326 3533 1445 3561 Henrico
1459 3533 1562 3560 Comite
1577 3531 1812 3570 Huntingdoniae,

1326 3571 1443 3599 Henrico
1462 3571 1563 3599 Comite
1578 3567 1808 3608 Southamtoniae‚

1327 3605 1471 3637 Edwardo
1489 3610 1590 3637 Comite
1607 3606 1796 3647 Hertfordiae‚

1324 3646 1427 3677 Thoma
1443 3648 1546 3675 comite
1563 3645 1732 3685 Lincolniae,

1325 3684 1440 3715 Ricardo
1457 3687 1559 3714 Comite
1578 3684 1711 3724 Dorfitiae
1721 3709 1732 3724 ‚

1328 3726 1371 3754 W
1369 3722 1478 3752 illielmo
1494 3726 1596 3752 Comite
1609 3723 1769 3761 Sarisbury,

1328 3761 1449 3801 Philippo
1468 3764 1568 3790 Comite
1583 3765 1786 3801 Montgomery,

1329 3799 1497 3830 Alexandro
1517 3803 1620 3829 comite
1636 3803 1727 3829 Hume
1739 3822 1749 3839 ³

1329 3840 1446 3868 Roberto
1464 3840 1492 3867 V
1491 3841 1620 3868 icecomite
1638 3841 1676 3867 Li
1698 3850 1727 3876 e,

1327 3880 1440 3914 Georgia
1457 3878 1613 3906 Vicecomite
1629 3880 1666 3906 Vi
1679 3876 1730 3906 lers
1742 3898 1752 3913 ,
1769 3873 1909 3913 Magistro
1922 3872 2071 3915 Equorum
2095 3871 2268 3914 nostrorum,

1333 3913 1566 3951 Chariffimoque
1584 3914 1803 3954 Consanguineo
1816 3915 1849 3944 &
1866 3913 1900 3943 &
1915 3910 2085 3942 Coniiliario
2106 3915 2223 3949 nostro,

1330 3954 1433 3984 Thoma
1449 3955 1608 3983 Vicecomite
1630 3956 1755 3983 Fenton:

1335 3992 1400 4030 Ac,
1418 3990 1592 4024 Reverendis
1603 3992 1632 4022 in
1647 3990 1767 4022 Christo
1780 3988 1927 4025 Patribus,

2373 204 2449 236 Ann.
2466 206 2509 243 D:
2556 212 2557 250 ᾗ

2391 244 2479 276 1616.

2374 285 2470 322 ¹4Jac.
2483 295 2506 319 r,
