<?xml version="1.0" encoding="UTF-8"?>
<!DOCTYPE html PUBLIC "-//W3C//DTD XHTML 1.0 Transitional//EN"
    "http://www.w3.org/TR/xhtml1/DTD/xhtml1-transitional.dtd">
<html xmlns="http://www.w3.org/1999/xhtml" xml:lang="en" lang="en">
 <head>
  <title>
</title>
<meta http-equiv="Content-Type" content="text/html;charset=utf-8" />
  <meta name='ocr-system' content='tesseract 3.04.00' />
  <meta name='ocr-capabilities' content='ocr_page ocr_carea ocr_par ocr_line ocrx_word'/>
</head>
<body>
  <div class='ocr_page' id='page_1' title='image "./fderaconventione07ryme_0386.png"; bbox 0 0 2557 4279; ppageno 0'>
   <div class='ocr_carea' id='block_1_1' title="bbox 225 160 1271 224">
    <p class='ocr_par' dir='ltr' id='par_1_1' title="bbox 225 160 1271 224">
     <span class='ocr_line' id='line_1_1' title="bbox 225 160 1271 224; baseline -0.011 -11"><span class='ocrx_word' id='word_1_1' title='bbox 225 174 305 224; x_wconf 84' lang='lat'>136</span> <span class='ocrx_word' id='word_1_2' title='bbox 696 160 1271 206; x_wconf 90' lang='lat' dir='ltr'>CONVENTIO</span> 
     </span>
    </p>
   </div>
   <div class='ocr_carea' id='block_1_2' title="bbox 62 247 1275 342">
    <p class='ocr_par' dir='ltr' id='par_1_2' title="bbox 62 247 1275 342">
     <span class='ocr_line' id='line_1_2' title="bbox 62 247 1275 297; baseline -0.01 -9"><span class='ocrx_word' id='word_1_3' title='bbox 62 255 148 292; x_wconf 70' lang='lat' dir='ltr'>’Arm</span> <span class='ocrx_word' id='word_1_4' title='bbox 164 265 211 297; x_wconf 84' lang='lat' dir='ltr'>D.</span> <span class='ocrx_word' id='word_1_5' title='bbox 223 265 287 286; x_wconf 88' lang='lat' dir='ltr'>mos</span> <span class='ocrx_word' id='word_1_6' title='bbox 303 258 398 293; x_wconf 81' lang='lat' dir='ltr'><em>Regem</em></span> <span class='ocrx_word' id='word_1_7' title='bbox 412 252 606 291; x_wconf 73' lang='lat' dir='ltr'>Hispaniarum</span> <span class='ocrx_word' id='word_1_8' title='bbox 621 249 654 281; x_wconf 90' lang='lat'>&amp;</span> <span class='ocrx_word' id='word_1_9' title='bbox 669 249 1013 294; x_wconf 51' lang='lat' dir='ltr'>Archidami-,eorumque</span> <span class='ocrx_word' id='word_1_10' title='bbox 1026 247 1160 279; x_wconf 88' lang='lat' dir='ltr'>Subditos</span> <span class='ocrx_word' id='word_1_11' title='bbox 1173 247 1275 293; x_wconf 78' lang='lat' dir='ltr'>faciat,</span> 
     </span>
     <span class='ocr_line' id='line_1_3' title="bbox 90 286 1275 342; baseline -0.012 -15"><span class='ocrx_word' id='word_1_12' title='bbox 90 298 177 342; x_wconf 81' lang='lat'>¹⁶05·</span> <span class='ocrx_word' id='word_1_13' title='bbox 220 292 464 332; x_wconf 84' lang='lat' dir='ltr'>quemadmodum</span> <span class='ocrx_word' id='word_1_14' title='bbox 479 300 532 320; x_wconf 86' lang='lat' dir='ltr'>nec</span> <span class='ocrx_word' id='word_1_15' title='bbox 543 312 552 327; x_wconf 94' lang='lat'>,</span> <span class='ocrx_word' id='word_1_16' title='bbox 569 299 601 318; x_wconf 85' lang='lat' dir='ltr'>ex</span> <span class='ocrx_word' id='word_1_17' title='bbox 616 297 691 326; x_wconf 86' lang='lat' dir='ltr'>parte</span> <span class='ocrx_word' id='word_1_18' title='bbox 704 288 852 318; x_wconf 65' lang='lat' dir='ltr'>dictorum</span> <span class='ocrx_word' id='word_1_19' title='bbox 867 286 1118 324; x_wconf 72' lang='lat' dir='ltr'>Sereniffimorum</span> <span class='ocrx_word' id='word_1_20' title='bbox 1128 289 1206 322; x_wconf 76' lang='lat' dir='ltr'>Regts</span> <span class='ocrx_word' id='word_1_21' title='bbox 1220 288 1275 314; x_wconf 84' lang='grc' dir='ltr'>Ηι-</span> 
     </span>
    </p>
   </div>
   <div class='ocr_carea' id='block_1_3' title="bbox 72 341 203 379">
    <p class='ocr_par' dir='ltr' id='par_1_3' title="bbox 72 341 203 379">
     <span class='ocr_line' id='line_1_4' title="bbox 72 341 203 379; baseline 0.015 -9"><span class='ocrx_word' id='word_1_22' title='bbox 72 341 160 379; x_wconf 81' lang='lat' dir='ltr'>3Jac.</span> <span class='ocrx_word' id='word_1_23' title='bbox 177 354 203 372; x_wconf 84' lang='lat'>1.</span> 
     </span>
    </p>
   </div>
   <div class='ocr_carea' id='block_1_4' title="bbox 80 2441 191 2508">
    <p class='ocr_par' dir='ltr' id='par_1_4' title="bbox 80 2441 191 2508">
     <span class='ocr_line' id='line_1_5' title="bbox 80 2441 191 2469; baseline 0 0"><span class='ocrx_word' id='word_1_24' title='bbox 80 2441 191 2469; x_wconf 64' lang='lat' dir='ltr'>*XVL</span> 
     </span>
     <span class='ocr_line' id='line_1_6' title="bbox 80 2482 144 2508; baseline 0.016 -1"><span class='ocrx_word' id='word_1_25' title='bbox 80 2482 144 2508; x_wconf 75' lang='lat'>621.</span> 
     </span>
    </p>
   </div>
   <div class='ocr_carea' id='block_1_5' title="bbox 216 323 1279 4076">
    <p class='ocr_par' dir='ltr' id='par_1_5' title="bbox 218 323 1276 437">
     <span class='ocr_line' id='line_1_7' title="bbox 226 323 1275 371; baseline -0.009 -9"><span class='ocrx_word' id='word_1_26' title='bbox 226 336 373 371; x_wconf 77' lang='lat' dir='ltr'>paniarum</span> <span class='ocrx_word' id='word_1_27' title='bbox 401 332 433 362; x_wconf 92' lang='lat'>&amp;</span> <span class='ocrx_word' id='word_1_28' title='bbox 455 328 657 365; x_wconf 84' lang='lat' dir='ltr'>Archiducum,</span> <span class='ocrx_word' id='word_1_29' title='bbox 675 327 828 365; x_wconf 88' lang='lat' dir='ltr'>quidquam</span> <span class='ocrx_word' id='word_1_30' title='bbox 841 325 943 356; x_wconf 88' lang='lat' dir='ltr'>hostile</span> <span class='ocrx_word' id='word_1_31' title='bbox 955 333 1058 356; x_wconf 85' lang='lat' dir='ltr'>contra</span> <span class='ocrx_word' id='word_1_32' title='bbox 1069 324 1160 355; x_wconf 52' lang='lat' dir='ltr'>dictos</span> <span class='ocrx_word' id='word_1_33' title='bbox 1176 323 1275 354; x_wconf 79' lang='lat' dir='ltr'>Praefi-</span> 
     </span>
     <span class='ocr_line' id='line_1_8' title="bbox 218 360 1276 436; baseline -0.009 -35"><span class='ocrx_word' id='word_1_34' title='bbox 218 372 320 402; x_wconf 81' lang='lat' dir='ltr'>diarios</span> <span class='ocrx_word' id='word_1_35' title='bbox 344 368 467 436; x_wconf 60' lang='grc' dir='ltr'>Νὲίίἰῑεε,</span> <span class='ocrx_word' id='word_1_36' title='bbox 485 366 529 398; x_wconf 89' lang='lat' dir='ltr'>vel</span> <span class='ocrx_word' id='word_1_37' title='bbox 552 375 653 397; x_wconf 88' lang='lat' dir='ltr'>contra</span> <span class='ocrx_word' id='word_1_38' title='bbox 675 364 889 396; x_wconf 83' lang='lat' dir='ltr'>Sereniffimum</span> <span class='ocrx_word' id='word_1_39' title='bbox 913 366 1010 402; x_wconf 81' lang='lat' dir='ltr'>Regem</span> <span class='ocrx_word' id='word_1_40' title='bbox 1024 361 1140 401; x_wconf 85' lang='lat' dir='ltr'>Angliae</span> <span class='ocrx_word' id='word_1_41' title='bbox 1155 361 1200 392; x_wconf 92' lang='lat' dir='ltr'>vel</span> <span class='ocrx_word' id='word_1_42' title='bbox 1214 360 1276 391; x_wconf 85' lang='lat' dir='ltr'>suos</span> 
     </span>
     <span class='ocr_line' id='line_1_9' title="bbox 300 415 421 437; baseline -0.017 0"><span class='ocrx_word' id='word_1_43' title='bbox 300 419 308 437; x_wconf 92' lang='lat' dir='ltr'>i</span> <span class='ocrx_word' id='word_1_44' title='bbox 322 417 353 436; x_wconf 88' lang='lat' dir='ltr'>os</span> <span class='ocrx_word' id='word_1_45' title='bbox 384 415 421 437; x_wconf 89' lang='lat' dir='ltr'>et.</span> 
     </span>
    </p>

    <p class='ocr_par' dir='ltr' id='par_1_6' title="bbox 216 409 1276 1398">
     <span class='ocr_line' id='line_1_10' title="bbox 218 409 1276 482; baseline -0.009 -6"><span class='ocrx_word' id='word_1_46' title='bbox 218 409 330 476; x_wconf 41' lang='lat' dir='ltr'>&amp;iniit</span> <span class='ocrx_word' id='word_1_47' title='bbox 340 452 366 474; x_wconf 85' lang='lat' dir='ltr'>M</span> <span class='ocrx_word' id='word_1_48' title='bbox 376 467 384 482; x_wconf 92' lang='lat'>,</span> <span class='ocrx_word' id='word_1_49' title='bbox 405 443 595 473; x_wconf 86' lang='lat' dir='ltr'>Conventum</span> <span class='ocrx_word' id='word_1_50' title='bbox 619 452 653 473; x_wconf 88' lang='lat' dir='ltr'>ac</span> <span class='ocrx_word' id='word_1_51' title='bbox 675 441 830 472; x_wconf 87' lang='lat' dir='ltr'>stabilitum</span> <span class='ocrx_word' id='word_1_52' title='bbox 843 440 897 471; x_wconf 89' lang='lat' dir='ltr'>fuit</span> <span class='ocrx_word' id='word_1_53' title='bbox 910 440 942 471; x_wconf 88' lang='lat'>&amp;</span> <span class='ocrx_word' id='word_1_54' title='bbox 958 439 1016 478; x_wconf 87' lang='lat' dir='ltr'>est,</span> <span class='ocrx_word' id='word_1_55' title='bbox 1031 438 1128 477; x_wconf 80' lang='lat' dir='ltr'>quod,</span> <span class='ocrx_word' id='word_1_56' title='bbox 1147 438 1219 468; x_wconf 86' lang='lat' dir='ltr'>inter</span> <span class='ocrx_word' id='word_1_57' title='bbox 1233 436 1276 467; x_wconf 89' lang='lat' dir='ltr'>di-</span> 
     </span>
     <span class='ocr_line' id='line_1_11' title="bbox 223 475 1275 523; baseline -0.011 -8"><span class='ocrx_word' id='word_1_58' title='bbox 223 484 306 515; x_wconf 66' lang='lat' dir='ltr'>&amp;um</span> <span class='ocrx_word' id='word_1_59' title='bbox 318 482 508 523; x_wconf 82' lang='lat' dir='ltr'>Sereniffimum</span> <span class='ocrx_word' id='word_1_60' title='bbox 520 484 616 518; x_wconf 82' lang='lat' dir='ltr'>Regem</span> <span class='ocrx_word' id='word_1_61' title='bbox 632 481 826 520; x_wconf 75' lang='lat' dir='ltr'>Hispaniarum</span> <span class='ocrx_word' id='word_1_62' title='bbox 839 488 872 508; x_wconf 89' lang='lat' dir='ltr'>ac</span> <span class='ocrx_word' id='word_1_63' title='bbox 890 478 999 508; x_wconf 64' lang='lat' dir='ltr'>dietum</span> <span class='ocrx_word' id='word_1_64' title='bbox 1014 475 1210 519; x_wconf 37' lang='lat' dir='ltr'>Serenifflmum-</span> <span class='ocrx_word' id='word_1_65' title='bbox 1221 478 1275 504; x_wconf 88' lang='lat' dir='ltr'>Re-</span> 
     </span>
     <span class='ocr_line' id='line_1_12' title="bbox 219 513 1275 560; baseline -0.009 -9"><span class='ocrx_word' id='word_1_66' title='bbox 219 533 280 560; x_wconf 85' lang='lat' dir='ltr'>gem</span> <span class='ocrx_word' id='word_1_67' title='bbox 303 520 433 559; x_wconf 80' lang='lat' dir='ltr'>Angliae,</span> <span class='ocrx_word' id='word_1_68' title='bbox 452 530 484 550; x_wconf 93' lang='lat' dir='ltr'>ac</span> <span class='ocrx_word' id='word_1_69' title='bbox 505 519 653 558; x_wconf 84' lang='lat' dir='ltr'>cujussibet</span> <span class='ocrx_word' id='word_1_70' title='bbox 675 527 775 549; x_wconf 90' lang='lat' dir='ltr'>eorum</span> <span class='ocrx_word' id='word_1_71' title='bbox 796 516 932 547; x_wconf 75' lang='lat' dir='ltr'>Vassallos</span> <span class='ocrx_word' id='word_1_72' title='bbox 946 515 1058 558; x_wconf 73' lang='lat' dir='ltr'>Incolas</span> <span class='ocrx_word' id='word_1_73' title='bbox 1072 516 1105 545; x_wconf 79' lang='lat' dir='ltr'>‹Sc</span> <span class='ocrx_word' id='word_1_74' title='bbox 1121 513 1275 550; x_wconf 90' lang='lat' dir='ltr'>Subditos,</span> 
     </span>
     <span class='ocr_line' id='line_1_13' title="bbox 223 552 1273 596; baseline -0.01 -6"><span class='ocrx_word' id='word_1_75' title='bbox 223 569 280 591; x_wconf 89' lang='lat' dir='ltr'>tam</span> <span class='ocrx_word' id='word_1_76' title='bbox 297 569 347 596; x_wconf 90' lang='lat' dir='ltr'>per</span> <span class='ocrx_word' id='word_1_77' title='bbox 364 559 486 589; x_wconf 86' lang='lat' dir='ltr'>Terram</span> <span class='ocrx_word' id='word_1_78' title='bbox 499 560 584 596; x_wconf 76' lang='lat' dir='ltr'>quam</span> <span class='ocrx_word' id='word_1_79' title='bbox 600 567 649 595; x_wconf 88' lang='lat' dir='ltr'>per</span> <span class='ocrx_word' id='word_1_80' title='bbox 666 556 746 587; x_wconf 87' lang='lat' dir='ltr'>Mare</span> <span class='ocrx_word' id='word_1_81' title='bbox 760 557 793 587; x_wconf 90' lang='lat'>&amp;</span> <span class='ocrx_word' id='word_1_82' title='bbox 807 555 900 593; x_wconf 87' lang='lat' dir='ltr'>Aquas</span> <span class='ocrx_word' id='word_1_83' title='bbox 913 554 1026 590; x_wconf 82' lang='lat' dir='ltr'>dulces,</span> <span class='ocrx_word' id='word_1_84' title='bbox 1045 563 1074 582; x_wconf 92' lang='lat' dir='ltr'>in</span> <span class='ocrx_word' id='word_1_85' title='bbox 1089 552 1225 596; x_wconf 37' lang='lat' dir='ltr'>omnibu-s</span> <span class='ocrx_word' id='word_1_86' title='bbox 1239 552 1273 581; x_wconf 88' lang='lat'>&amp;</span> 
     </span>
     <span class='ocr_line' id='line_1_14' title="bbox 221 589 1274 639; baseline -0.01 -10"><span class='ocrx_word' id='word_1_87' title='bbox 221 598 349 639; x_wconf 78' lang='lat' dir='ltr'>singuliS,</span> <span class='ocrx_word' id='word_1_88' title='bbox 367 597 477 635; x_wconf 90' lang='lat' dir='ltr'>aliisque</span> <span class='ocrx_word' id='word_1_89' title='bbox 490 597 586 626; x_wconf 86' lang='lat' dir='ltr'>Terris</span> <span class='ocrx_word' id='word_1_90' title='bbox 600 595 769 626; x_wconf 73' lang='lat' dir='ltr'>Civitatibus</span> <span class='ocrx_word' id='word_1_91' title='bbox 784 593 904 631; x_wconf 87' lang='lat' dir='ltr'>Oppidis</span> <span class='ocrx_word' id='word_1_92' title='bbox 918 591 1060 633; x_wconf 83' lang='lat' dir='ltr'>Portubus</span> <span class='ocrx_word' id='word_1_93' title='bbox 1072 600 1106 620; x_wconf 89' lang='lat' dir='ltr'>ac</span> <span class='ocrx_word' id='word_1_94' title='bbox 1126 589 1274 620; x_wconf 70' lang='lat' dir='ltr'>Distritsti-</span> 
     </span>
     <span class='ocr_line' id='line_1_15' title="bbox 218 627 1272 673; baseline -0.009 -6"><span class='ocrx_word' id='word_1_95' title='bbox 218 638 271 668; x_wconf 92' lang='lat' dir='ltr'>bus</span> <span class='ocrx_word' id='word_1_96' title='bbox 287 637 430 666; x_wconf 54' lang='lat' dir='ltr'>&amp;storum</span> <span class='ocrx_word' id='word_1_97' title='bbox 444 635 613 673; x_wconf 85' lang='lat' dir='ltr'>Regnorum</span> <span class='ocrx_word' id='word_1_98' title='bbox 627 644 659 665; x_wconf 91' lang='lat' dir='ltr'>ac</span> <span class='ocrx_word' id='word_1_99' title='bbox 669 630 935 668; x_wconf 83' lang='lat' dir='ltr'>Dominiorum‚fit</span> <span class='ocrx_word' id='word_1_100' title='bbox 950 632 982 661; x_wconf 88' lang='lat'>&amp;</span> <span class='ocrx_word' id='word_1_101' title='bbox 996 629 1052 658; x_wconf 82' lang='lat' dir='ltr'>esie</span> <span class='ocrx_word' id='word_1_102' title='bbox 1067 628 1166 672; x_wconf 82' lang='lat' dir='ltr'>debeat</span> <span class='ocrx_word' id='word_1_103' title='bbox 1176 627 1272 671; x_wconf 83' lang='lat' dir='ltr'>Com-</span> 
     </span>
     <span class='ocr_line' id='line_1_16' title="bbox 218 667 1272 712; baseline -0.009 -8"><span class='ocrx_word' id='word_1_104' title='bbox 218 675 361 706; x_wconf 86' lang='lat' dir='ltr'>mercium</span> <span class='ocrx_word' id='word_1_105' title='bbox 376 675 515 711; x_wconf 88' lang='lat' dir='ltr'>liberum,</span> <span class='ocrx_word' id='word_1_106' title='bbox 533 673 561 702; x_wconf 92' lang='lat' dir='ltr'>in</span> <span class='ocrx_word' id='word_1_107' title='bbox 579 673 679 711; x_wconf 88' lang='lat' dir='ltr'>quibus</span> <span class='ocrx_word' id='word_1_108' title='bbox 693 680 757 702; x_wconf 86' lang='lat' dir='ltr'>ante</span> <span class='ocrx_word' id='word_1_109' title='bbox 770 670 878 700; x_wconf 88' lang='lat' dir='ltr'>Bellum</span> <span class='ocrx_word' id='word_1_110' title='bbox 895 668 947 712; x_wconf 78' lang='lat' dir='ltr'>fuit</span> <span class='ocrx_word' id='word_1_111' title='bbox 965 667 1272 704; x_wconf 74' lang='lat' dir='ltr'>Commercium,1ux-</span> 
     </span>
     <span class='ocr_line' id='line_1_17' title="bbox 219 704 1271 744; baseline -0.01 -1"><span class='ocrx_word' id='word_1_112' title='bbox 219 721 246 743; x_wconf 90' lang='lat' dir='ltr'>ta</span> <span class='ocrx_word' id='word_1_113' title='bbox 269 713 301 743; x_wconf 88' lang='lat'>&amp;</span> <span class='ocrx_word' id='word_1_114' title='bbox 323 712 477 743; x_wconf 75' lang='lat' dir='ltr'>secundum</span> <span class='ocrx_word' id='word_1_115' title='bbox 499 711 578 741; x_wconf 90' lang='lat' dir='ltr'>usum</span> <span class='ocrx_word' id='word_1_116' title='bbox 596 712 628 742; x_wconf 88' lang='lat'>&amp;</span> <span class='ocrx_word' id='word_1_117' title='bbox 650 709 852 740; x_wconf 83' lang='lat' dir='ltr'>observantiam</span> <span class='ocrx_word' id='word_1_118' title='bbox 868 714 1049 744; x_wconf 82' lang='lat' dir='ltr'>antiquorum</span> <span class='ocrx_word' id='word_1_119' title='bbox 1066 704 1219 734; x_wconf 87' lang='lat' dir='ltr'>Foederum</span> <span class='ocrx_word' id='word_1_120' title='bbox 1238 705 1271 734; x_wconf 88' lang='lat'>&amp;</span> 
     </span>
     <span class='ocr_line' id='line_1_18' title="bbox 219 741 1272 788; baseline -0.01 -6"><span class='ocrx_word' id='word_1_121' title='bbox 219 751 409 782; x_wconf 65' lang='lat' dir='ltr'>Tractatuum</span> <span class='ocrx_word' id='word_1_122' title='bbox 430 758 493 780; x_wconf 89' lang='lat' dir='ltr'>ante</span> <span class='ocrx_word' id='word_1_123' title='bbox 513 749 640 786; x_wconf 87' lang='lat' dir='ltr'>Bellum,</span> <span class='ocrx_word' id='word_1_124' title='bbox 659 749 696 778; x_wconf 89' lang='lat' dir='ltr'>ita</span> <span class='ocrx_word' id='word_1_125' title='bbox 713 755 759 784; x_wconf 86' lang='lat' dir='ltr'>ut,</span> <span class='ocrx_word' id='word_1_126' title='bbox 776 746 879 788; x_wconf 84' lang='lat' dir='ltr'>absque</span> <span class='ocrx_word' id='word_1_127' title='bbox 894 745 988 781; x_wconf 87' lang='lat' dir='ltr'>aliquo</span> <span class='ocrx_word' id='word_1_128' title='bbox 1003 742 1079 773; x_wconf 88' lang='lat' dir='ltr'>salvo</span> <span class='ocrx_word' id='word_1_129' title='bbox 1096 741 1253 788; x_wconf 57' lang='lat' dir='ltr'>Condut‘lu</span> <span class='ocrx_word' id='word_1_130' title='bbox 1264 765 1272 780; x_wconf 85' lang='lat'>‚</span> 
     </span>
     <span class='ocr_line' id='line_1_19' title="bbox 220 781 1272 827; baseline -0.008 -9"><span class='ocrx_word' id='word_1_131' title='bbox 220 790 328 827; x_wconf 88' lang='lat' dir='ltr'>aliaque</span> <span class='ocrx_word' id='word_1_132' title='bbox 353 789 478 820; x_wconf 84' lang='lat' dir='ltr'>Licentia</span> <span class='ocrx_word' id='word_1_133' title='bbox 519 788 621 818; x_wconf 88' lang='lat' dir='ltr'>enerali</span> <span class='ocrx_word' id='word_1_134' title='bbox 641 787 685 816; x_wconf 92' lang='lat' dir='ltr'>vel</span> <span class='ocrx_word' id='word_1_135' title='bbox 705 785 813 823; x_wconf 89' lang='lat' dir='ltr'>speciali</span> <span class='ocrx_word' id='word_1_136' title='bbox 849 791 910 825; x_wconf 78' lang='lat' dir='ltr'>tarn</span> <span class='ocrx_word' id='word_1_137' title='bbox 924 791 972 825; x_wconf 74' lang='lat' dir='ltr'>per</span> <span class='ocrx_word' id='word_1_138' title='bbox 983 781 1104 812; x_wconf 89' lang='lat' dir='ltr'>Terram</span> <span class='ocrx_word' id='word_1_139' title='bbox 1123 791 1208 824; x_wconf 84' lang='lat' dir='ltr'>quam</span> <span class='ocrx_word' id='word_1_140' title='bbox 1223 791 1272 825; x_wconf 80' lang='lat' dir='ltr'>per</span> 
     </span>
     <span class='ocr_line' id='line_1_20' title="bbox 221 797 1274 865; baseline -0.008 -7"><span class='ocrx_word' id='word_1_141' title='bbox 221 827 305 858; x_wconf 89' lang='lat' dir='ltr'>Mare</span> <span class='ocrx_word' id='word_1_142' title='bbox 322 829 355 860; x_wconf 88' lang='lat'>&amp;</span> <span class='ocrx_word' id='word_1_143' title='bbox 376 827 471 865; x_wconf 86' lang='lat' dir='ltr'>Aquas</span> <span class='ocrx_word' id='word_1_144' title='bbox 490 797 601 864; x_wconf 69' lang='lat' dir='ltr'>dgulces,</span> <span class='ocrx_word' id='word_1_145' title='bbox 618 823 729 855; x_wconf 87' lang='lat' dir='ltr'>Subditi</span> <span class='ocrx_word' id='word_1_146' title='bbox 746 824 778 854; x_wconf 72' lang='grc' dir='ltr'>δε</span> <span class='ocrx_word' id='word_1_147' title='bbox 799 806 911 852; x_wconf 56' lang='lat' dir='ltr'>&amp;faffalli</span> <span class='ocrx_word' id='word_1_148' title='bbox 925 829 1005 851; x_wconf 90' lang='lat' dir='ltr'>unius</span> <span class='ocrx_word' id='word_1_149' title='bbox 1019 821 1052 851; x_wconf 83' lang='lat'>&amp;</span> <span class='ocrx_word' id='word_1_150' title='bbox 1064 819 1171 850; x_wconf 87' lang='lat' dir='ltr'>alterius</span> <span class='ocrx_word' id='word_1_151' title='bbox 1185 819 1274 858; x_wconf 89' lang='lat' dir='ltr'>Regis</span> 
     </span>
     <span class='ocr_line' id='line_1_21' title="bbox 219 858 1271 904; baseline -0.007 -8"><span class='ocrx_word' id='word_1_152' title='bbox 219 865 327 904; x_wconf 83' lang='lat' dir='ltr'>poffint</span> <span class='ocrx_word' id='word_1_153' title='bbox 344 867 376 898; x_wconf 88' lang='lat'>&amp;</span> <span class='ocrx_word' id='word_1_154' title='bbox 397 865 522 902; x_wconf 88' lang='lat' dir='ltr'>valeant,</span> <span class='ocrx_word' id='word_1_155' title='bbox 541 864 576 895; x_wconf 91' lang='lat' dir='ltr'>ad</span> <span class='ocrx_word' id='word_1_156' title='bbox 600 862 700 901; x_wconf 84' lang='lat' dir='ltr'>Regna</span> <span class='ocrx_word' id='word_1_157' title='bbox 723 862 757 892; x_wconf 90' lang='lat'>&amp;</span> <span class='ocrx_word' id='word_1_158' title='bbox 780 859 919 890; x_wconf 87' lang='lat' dir='ltr'>Dominia</span> <span class='ocrx_word' id='word_1_159' title='bbox 943 858 1096 901; x_wconf 71' lang='lat' dir='ltr'>praeditsta,</span> <span class='ocrx_word' id='word_1_160' title='bbox 1113 867 1271 896; x_wconf 86' lang='lat' dir='ltr'>eorumque</span> 
     </span>
     <span class='ocr_line' id='line_1_22' title="bbox 219 895 1273 942; baseline -0.008 -8"><span class='ocrx_word' id='word_1_161' title='bbox 219 905 353 935; x_wconf 90' lang='lat' dir='ltr'>omnium</span> <span class='ocrx_word' id='word_1_162' title='bbox 369 903 505 935; x_wconf 88' lang='lat' dir='ltr'>Civitates</span> <span class='ocrx_word' id='word_1_163' title='bbox 521 901 634 942; x_wconf 88' lang='lat' dir='ltr'>Oppida</span> <span class='ocrx_word' id='word_1_164' title='bbox 649 902 751 932; x_wconf 88' lang='lat' dir='ltr'>Portus</span> <span class='ocrx_word' id='word_1_165' title='bbox 767 898 878 928; x_wconf 86' lang='lat' dir='ltr'>Littora</span> <span class='ocrx_word' id='word_1_166' title='bbox 892 897 975 927; x_wconf 85' lang='lat' dir='ltr'>Sinus</span> <span class='ocrx_word' id='word_1_167' title='bbox 988 906 1021 927; x_wconf 90' lang='lat' dir='ltr'>ac</span> <span class='ocrx_word' id='word_1_168' title='bbox 1039 895 1209 934; x_wconf 69' lang='lat' dir='ltr'>Distrietus,</span> <span class='ocrx_word' id='word_1_169' title='bbox 1226 905 1273 927; x_wconf 90' lang='lat' dir='ltr'>ac-</span> 
     </span>
     <span class='ocr_line' id='line_1_23' title="bbox 219 934 1274 979; baseline -0.009 -5"><span class='ocrx_word' id='word_1_170' title='bbox 219 942 320 974; x_wconf 88' lang='lat' dir='ltr'>cedere</span> <span class='ocrx_word' id='word_1_171' title='bbox 341 943 441 973; x_wconf 89' lang='lat' dir='ltr'>intrare</span> <span class='ocrx_word' id='word_1_172' title='bbox 461 942 523 972; x_wconf 90' lang='lat' dir='ltr'>navi</span> <span class='ocrx_word' id='word_1_173' title='bbox 545 950 606 977; x_wconf 90' lang='lat' dir='ltr'>are,</span> <span class='ocrx_word' id='word_1_174' title='bbox 625 939 658 969; x_wconf 95' lang='lat'>&amp;</span> <span class='ocrx_word' id='word_1_175' title='bbox 676 937 860 979; x_wconf 87' lang='lat' dir='ltr'>quoscunque</span> <span class='ocrx_word' id='word_1_176' title='bbox 880 934 978 965; x_wconf 87' lang='lat' dir='ltr'>Portus</span> <span class='ocrx_word' id='word_1_177' title='bbox 998 935 1108 973; x_wconf 81' lang='lat' dir='ltr'>subire,</span> <span class='ocrx_word' id='word_1_178' title='bbox 1126 936 1155 965; x_wconf 92' lang='lat' dir='ltr'>in</span> <span class='ocrx_word' id='word_1_179' title='bbox 1171 935 1274 973; x_wconf 90' lang='lat' dir='ltr'>quibus</span> 
     </span>
     <span class='ocr_line' id='line_1_24' title="bbox 218 972 1273 1014; baseline -0.009 -2"><span class='ocrx_word' id='word_1_180' title='bbox 218 989 284 1012; x_wconf 76' lang='lat' dir='ltr'>ante</span> <span class='ocrx_word' id='word_1_181' title='bbox 306 980 417 1011; x_wconf 90' lang='lat' dir='ltr'>Bellum</span> <span class='ocrx_word' id='word_1_182' title='bbox 437 980 490 1010; x_wconf 89' lang='lat' dir='ltr'>fuit</span> <span class='ocrx_word' id='word_1_183' title='bbox 538 978 747 1014; x_wconf 89' lang='lat' dir='ltr'>ommerciurn,</span> <span class='ocrx_word' id='word_1_184' title='bbox 765 976 798 1005; x_wconf 89' lang='lat'>&amp;</span> <span class='ocrx_word' id='word_1_185' title='bbox 821 981 895 1011; x_wconf 80' lang='lat' dir='ltr'>Juxta</span> <span class='ocrx_word' id='word_1_186' title='bbox 911 974 944 1004; x_wconf 92' lang='lat'>&amp;</span> <span class='ocrx_word' id='word_1_187' title='bbox 967 972 1127 1004; x_wconf 75' lang='lat' dir='ltr'>secundum</span> <span class='ocrx_word' id='word_1_188' title='bbox 1144 973 1224 1004; x_wconf 88' lang='lat' dir='ltr'>usum</span> <span class='ocrx_word' id='word_1_189' title='bbox 1239 973 1273 1004; x_wconf 75' lang='grc' dir='ltr'>δε</span> 
     </span>
     <span class='ocr_line' id='line_1_25' title="bbox 219 1011 1273 1055; baseline -0.008 -6"><span class='ocrx_word' id='word_1_190' title='bbox 219 1020 427 1050; x_wconf 86' lang='lat' dir='ltr'>observantiam</span> <span class='ocrx_word' id='word_1_191' title='bbox 441 1018 622 1055; x_wconf 85' lang='lat' dir='ltr'>antiquorum</span> <span class='ocrx_word' id='word_1_192' title='bbox 635 1015 790 1045; x_wconf 89' lang='lat' dir='ltr'>Foederum</span> <span class='ocrx_word' id='word_1_193' title='bbox 806 1013 840 1043; x_wconf 71' lang='grc' dir='ltr'>ὃς</span> <span class='ocrx_word' id='word_1_194' title='bbox 857 1012 1049 1055; x_wconf 66' lang='grc' dir='ltr'>Τιάἂαῑυυζη</span> <span class='ocrx_word' id='word_1_195' title='bbox 1064 1020 1128 1042; x_wconf 89' lang='lat' dir='ltr'>ante</span> <span class='ocrx_word' id='word_1_196' title='bbox 1142 1011 1252 1042; x_wconf 87' lang='lat' dir='ltr'>Bellum</span> <span class='ocrx_word' id='word_1_197' title='bbox 1263 1034 1273 1050; x_wconf 91' lang='lat'>,</span> 
     </span>
     <span class='ocr_line' id='line_1_26' title="bbox 220 1049 1273 1093; baseline -0.009 -5"><span class='ocrx_word' id='word_1_198' title='bbox 220 1067 289 1088; x_wconf 88' lang='lat' dir='ltr'>cum</span> <span class='ocrx_word' id='word_1_199' title='bbox 304 1057 433 1088; x_wconf 88' lang='lat' dir='ltr'>Plaustris</span> <span class='ocrx_word' id='word_1_200' title='bbox 446 1055 532 1093; x_wconf 86' lang='lat' dir='ltr'>Equis</span> <span class='ocrx_word' id='word_1_201' title='bbox 547 1053 697 1084; x_wconf 88' lang='lat' dir='ltr'>Sarcinulis</span> <span class='ocrx_word' id='word_1_202' title='bbox 716 1051 847 1090; x_wconf 83' lang='lat' dir='ltr'>Navigiis</span> <span class='ocrx_word' id='word_1_203' title='bbox 861 1060 919 1081; x_wconf 88' lang='lat' dir='ltr'>tam</span> <span class='ocrx_word' id='word_1_204' title='bbox 934 1049 1041 1080; x_wconf 87' lang='lat' dir='ltr'>onustis</span> <span class='ocrx_word' id='word_1_205' title='bbox 1054 1051 1139 1089; x_wconf 67' lang='lat' dir='ltr'>quam</span> <span class='ocrx_word' id='word_1_206' title='bbox 1153 1060 1273 1080; x_wconf 87' lang='lat' dir='ltr'>oneran-</span> 
     </span>
     <span class='ocr_line' id='line_1_27' title="bbox 219 1088 1274 1134; baseline -0.008 -8"><span class='ocrx_word' id='word_1_207' title='bbox 219 1096 281 1134; x_wconf 88' lang='lat' dir='ltr'>dis,</span> <span class='ocrx_word' id='word_1_208' title='bbox 302 1094 415 1126; x_wconf 78' lang='lat' dir='ltr'>Merces</span> <span class='ocrx_word' id='word_1_209' title='bbox 429 1095 577 1131; x_wconf 78' lang='lat' dir='ltr'>importare</span> <span class='ocrx_word' id='word_1_210' title='bbox 592 1101 685 1122; x_wconf 90' lang='lat' dir='ltr'>emere</span> <span class='ocrx_word' id='word_1_211' title='bbox 697 1089 823 1121; x_wconf 87' lang='lat' dir='ltr'>vendere</span> <span class='ocrx_word' id='word_1_212' title='bbox 840 1090 869 1118; x_wconf 89' lang='lat' dir='ltr'>in</span> <span class='ocrx_word' id='word_1_213' title='bbox 885 1089 1000 1126; x_wconf 87' lang='lat' dir='ltr'>eisdem,</span> <span class='ocrx_word' id='word_1_214' title='bbox 1018 1097 1157 1127; x_wconf 85' lang='lat' dir='ltr'>quantum</span> <span class='ocrx_word' id='word_1_215' title='bbox 1175 1088 1274 1119; x_wconf 83' lang='lat' dir='ltr'>volue-</span> 
     </span>
     <span class='ocr_line' id='line_1_28' title="bbox 221 1126 1274 1170; baseline -0.006 -7"><span class='ocrx_word' id='word_1_216' title='bbox 221 1135 277 1164; x_wconf 83' lang='lat' dir='ltr'>rint</span> <span class='ocrx_word' id='word_1_217' title='bbox 293 1133 509 1170; x_wconf 81' lang='lat' dir='ltr'>Commeatum,</span> <span class='ocrx_word' id='word_1_218' title='bbox 528 1131 639 1169; x_wconf 81' lang='lat' dir='ltr'>Resque</span> <span class='ocrx_word' id='word_1_219' title='bbox 652 1129 684 1159; x_wconf 90' lang='lat' dir='ltr'>ad</span> <span class='ocrx_word' id='word_1_220' title='bbox 698 1128 816 1159; x_wconf 60' lang='lat' dir='ltr'>Vidium</span> <span class='ocrx_word' id='word_1_221' title='bbox 833 1128 866 1158; x_wconf 91' lang='lat'>&amp;</span> <span class='ocrx_word' id='word_1_222' title='bbox 881 1126 1093 1157; x_wconf 62' lang='lat' dir='ltr'>Profe-{tionem</span> <span class='ocrx_word' id='word_1_223' title='bbox 1109 1127 1274 1157; x_wconf 71' lang='lat' dir='ltr'>necessarias</span> 
     </span>
     <span class='ocr_line' id='line_1_29' title="bbox 216 1164 1272 1210; baseline -0.008 -7"><span class='ocrx_word' id='word_1_224' title='bbox 216 1172 296 1210; x_wconf 91' lang='lat' dir='ltr'>justo</span> <span class='ocrx_word' id='word_1_225' title='bbox 315 1171 411 1201; x_wconf 89' lang='lat' dir='ltr'>Pretio</span> <span class='ocrx_word' id='word_1_226' title='bbox 428 1170 476 1199; x_wconf 91' lang='lat' dir='ltr'>fibi</span> <span class='ocrx_word' id='word_1_227' title='bbox 492 1168 646 1206; x_wconf 80' lang='lat' dir='ltr'>affumere,</span> <span class='ocrx_word' id='word_1_228' title='bbox 663 1165 845 1197; x_wconf 86' lang='lat' dir='ltr'>restaurandis</span> <span class='ocrx_word' id='word_1_229' title='bbox 860 1165 994 1203; x_wconf 87' lang='lat' dir='ltr'>Navigiis</span> <span class='ocrx_word' id='word_1_230' title='bbox 1008 1164 1196 1208; x_wconf 67' lang='lat' dir='ltr'>&amp;Vehiculis</span> <span class='ocrx_word' id='word_1_231' title='bbox 1208 1175 1272 1204; x_wconf 85' lang='lat' dir='ltr'>pro-</span> 
     </span>
     <span class='ocr_line' id='line_1_30' title="bbox 221 1203 1274 1248; baseline -0.006 -9"><span class='ocrx_word' id='word_1_232' title='bbox 221 1212 287 1248; x_wconf 88' lang='lat' dir='ltr'>priis</span> <span class='ocrx_word' id='word_1_233' title='bbox 301 1209 345 1239; x_wconf 92' lang='lat' dir='ltr'>vel</span> <span class='ocrx_word' id='word_1_234' title='bbox 358 1208 507 1238; x_wconf 56' lang='lat' dir='ltr'>conductis</span> <span class='ocrx_word' id='word_1_235' title='bbox 522 1216 569 1238; x_wconf 90' lang='lat' dir='ltr'>aut</span> <span class='ocrx_word' id='word_1_236' title='bbox 582 1206 773 1238; x_wconf 91' lang='lat' dir='ltr'>commodatis</span> <span class='ocrx_word' id='word_1_237' title='bbox 786 1213 900 1243; x_wconf 86' lang='lat' dir='ltr'>operam</span> <span class='ocrx_word' id='word_1_238' title='bbox 915 1203 996 1241; x_wconf 91' lang='lat' dir='ltr'>dare,</span> <span class='ocrx_word' id='word_1_239' title='bbox 1016 1204 1092 1234; x_wconf 87' lang='lat' dir='ltr'>illinc</span> <span class='ocrx_word' id='word_1_240' title='bbox 1107 1213 1174 1234; x_wconf 92' lang='lat' dir='ltr'>cum</span> <span class='ocrx_word' id='word_1_241' title='bbox 1191 1204 1274 1234; x_wconf 87' lang='lat' dir='ltr'>Mer-</span> 
     </span>
     <span class='ocr_line' id='line_1_31' title="bbox 220 1241 1275 1282; baseline -0.005 -4"><span class='ocrx_word' id='word_1_242' title='bbox 220 1250 301 1279; x_wconf 75' lang='lat' dir='ltr'>cibus</span> <span class='ocrx_word' id='word_1_243' title='bbox 318 1247 400 1277; x_wconf 88' lang='lat' dir='ltr'>Bonis</span> <span class='ocrx_word' id='word_1_244' title='bbox 416 1247 448 1277; x_wconf 71' lang='grc' dir='ltr'>ὃς</span> <span class='ocrx_word' id='word_1_245' title='bbox 465 1245 564 1276; x_wconf 88' lang='lat' dir='ltr'>Rebus</span> <span class='ocrx_word' id='word_1_246' title='bbox 578 1244 810 1282; x_wconf 82' lang='lat' dir='ltr'>quibuscunque,</span> <span class='ocrx_word' id='word_1_247' title='bbox 824 1242 919 1273; x_wconf 89' lang='lat' dir='ltr'>solutis</span> <span class='ocrx_word' id='word_1_248' title='bbox 928 1243 1007 1280; x_wconf 83' lang='lat' dir='ltr'>juxta</span> <span class='ocrx_word' id='word_1_249' title='bbox 1020 1241 1166 1272; x_wconf 86' lang='lat' dir='ltr'>Locorum</span> <span class='ocrx_word' id='word_1_250' title='bbox 1183 1242 1275 1273; x_wconf 85' lang='lat' dir='ltr'>Statu-</span> 
     </span>
     <span class='ocr_line' id='line_1_32' title="bbox 220 1279 1276 1320; baseline -0.006 -3"><span class='ocrx_word' id='word_1_251' title='bbox 220 1294 250 1318; x_wconf 89' lang='lat' dir='ltr'>ta</span> <span class='ocrx_word' id='word_1_252' title='bbox 268 1286 396 1316; x_wconf 88' lang='lat' dir='ltr'>Teloniis</span> <span class='ocrx_word' id='word_1_253' title='bbox 418 1294 451 1315; x_wconf 88' lang='lat' dir='ltr'>ac</span> <span class='ocrx_word' id='word_1_254' title='bbox 469 1284 660 1320; x_wconf 52' lang='lat' dir='ltr'>Vestigalibus</span> <span class='ocrx_word' id='word_1_255' title='bbox 676 1281 857 1320; x_wconf 72' lang='lat' dir='ltr'>praesentibus</span> <span class='ocrx_word' id='word_1_256' title='bbox 870 1281 1000 1318; x_wconf 73' lang='lat' dir='ltr'>tantum,</span> <span class='ocrx_word' id='word_1_257' title='bbox 1017 1279 1116 1310; x_wconf 87' lang='lat' dir='ltr'>eadem</span> <span class='ocrx_word' id='word_1_258' title='bbox 1132 1280 1276 1312; x_wconf 86' lang='lat' dir='ltr'>Libertate</span> 
     </span>
     <span class='ocr_line' id='line_1_33' title="bbox 221 1319 1273 1361; baseline -0.004 -7"><span class='ocrx_word' id='word_1_259' title='bbox 221 1323 496 1361; x_wconf 85' lang='lat' dir='ltr'>recedere,indeque</span> <span class='ocrx_word' id='word_1_260' title='bbox 510 1322 544 1352; x_wconf 88' lang='lat' dir='ltr'>ad</span> <span class='ocrx_word' id='word_1_261' title='bbox 560 1323 661 1353; x_wconf 85' lang='lat' dir='ltr'>Patrias</span> <span class='ocrx_word' id='word_1_262' title='bbox 676 1321 798 1359; x_wconf 86' lang='lat' dir='ltr'>proprias</span> <span class='ocrx_word' id='word_1_263' title='bbox 809 1319 858 1351; x_wconf 91' lang='lat' dir='ltr'>vel</span> <span class='ocrx_word' id='word_1_264' title='bbox 869 1319 967 1350; x_wconf 84' lang='lat' dir='ltr'>alienas</span> <span class='ocrx_word' id='word_1_265' title='bbox 981 1319 1210 1358; x_wconf 83' lang='lat' dir='ltr'>quandocunque</span> <span class='ocrx_word' id='word_1_266' title='bbox 1226 1330 1273 1350; x_wconf 88' lang='lat' dir='ltr'>ve-</span> 
     </span>
     <span class='ocr_line' id='line_1_34' title="bbox 220 1359 761 1398; baseline -0.009 -5"><span class='ocrx_word' id='word_1_267' title='bbox 220 1362 271 1393; x_wconf 89' lang='lat' dir='ltr'>lint</span> <span class='ocrx_word' id='word_1_268' title='bbox 285 1363 318 1393; x_wconf 88' lang='lat'>&amp;</span> <span class='ocrx_word' id='word_1_269' title='bbox 332 1362 387 1392; x_wconf 85' lang='lat' dir='ltr'>fine</span> <span class='ocrx_word' id='word_1_270' title='bbox 400 1361 606 1398; x_wconf 88' lang='lat' dir='ltr'>impedimento</span> <span class='ocrx_word' id='word_1_271' title='bbox 618 1359 761 1391; x_wconf 87' lang='lat' dir='ltr'>recedere.</span> 
     </span>
    </p>

    <p class='ocr_par' dir='ltr' id='par_1_7' title="bbox 221 1394 1279 2429">
     <span class='ocr_line' id='line_1_35' title="bbox 258 1394 1274 1438; baseline -0.004 -8"><span class='ocrx_word' id='word_1_272' title='bbox 258 1399 271 1430; x_wconf 98' lang='lat' dir='ltr'>I</span> <span class='ocrx_word' id='word_1_273' title='bbox 284 1409 306 1430; x_wconf 84' lang='lat' dir='ltr'>T</span> <span class='ocrx_word' id='word_1_274' title='bbox 317 1408 335 1429; x_wconf 73' lang='grc' dir='ltr'>Ε</span> <span class='ocrx_word' id='word_1_275' title='bbox 347 1407 392 1437; x_wconf 83' lang='grc' dir='ltr'>Μ,</span> <span class='ocrx_word' id='word_1_276' title='bbox 412 1398 601 1429; x_wconf 71' lang='lat' dir='ltr'>Conventum</span> <span class='ocrx_word' id='word_1_277' title='bbox 622 1408 655 1429; x_wconf 91' lang='lat' dir='ltr'>ac</span> <span class='ocrx_word' id='word_1_278' title='bbox 673 1398 772 1437; x_wconf 83' lang='lat' dir='ltr'>paritet</span> <span class='ocrx_word' id='word_1_279' title='bbox 791 1395 943 1427; x_wconf 86' lang='lat' dir='ltr'>stabilitum</span> <span class='ocrx_word' id='word_1_280' title='bbox 958 1394 1010 1426; x_wconf 89' lang='lat' dir='ltr'>fuit</span> <span class='ocrx_word' id='word_1_281' title='bbox 1025 1396 1057 1427; x_wconf 69' lang='grc' dir='ltr'>δε</span> <span class='ocrx_word' id='word_1_282' title='bbox 1071 1394 1129 1438; x_wconf 70' lang='lat' dir='ltr'>est,</span> <span class='ocrx_word' id='word_1_283' title='bbox 1148 1404 1179 1426; x_wconf 89' lang='lat' dir='ltr'>ut</span> <span class='ocrx_word' id='word_1_284' title='bbox 1194 1395 1274 1427; x_wconf 83' lang='lat' dir='ltr'>liceat</span> 
     </span>
     <span class='ocr_line' id='line_1_36' title="bbox 221 1433 1274 1475; baseline -0.003 -7"><span class='ocrx_word' id='word_1_285' title='bbox 221 1437 257 1468; x_wconf 88' lang='lat' dir='ltr'>ad</span> <span class='ocrx_word' id='word_1_286' title='bbox 271 1438 414 1468; x_wconf 66' lang='lat' dir='ltr'>didiorum</span> <span class='ocrx_word' id='word_1_287' title='bbox 429 1438 598 1475; x_wconf 84' lang='lat' dir='ltr'>Principum</span> <span class='ocrx_word' id='word_1_288' title='bbox 613 1437 714 1467; x_wconf 89' lang='lat' dir='ltr'>Portus</span> <span class='ocrx_word' id='word_1_289' title='bbox 725 1435 859 1466; x_wconf 82' lang='lat' dir='ltr'>accedere</span> <span class='ocrx_word' id='word_1_290' title='bbox 873 1435 976 1464; x_wconf 82' lang='lat' dir='ltr'>morari</span> <span class='ocrx_word' id='word_1_291' title='bbox 996 1443 1030 1464; x_wconf 88' lang='lat' dir='ltr'>ac</span> <span class='ocrx_word' id='word_1_292' title='bbox 1048 1433 1135 1463; x_wconf 90' lang='lat' dir='ltr'>redire</span> <span class='ocrx_word' id='word_1_293' title='bbox 1149 1443 1217 1464; x_wconf 92' lang='lat' dir='ltr'>cum</span> <span class='ocrx_word' id='word_1_294' title='bbox 1231 1445 1274 1465; x_wconf 80' lang='lat' dir='ltr'>ea-</span> 
     </span>
     <span class='ocr_line' id='line_1_37' title="bbox 222 1471 1274 1514; baseline -0.005 -7"><span class='ocrx_word' id='word_1_295' title='bbox 222 1477 293 1508; x_wconf 88' lang='lat' dir='ltr'>dem</span> <span class='ocrx_word' id='word_1_296' title='bbox 315 1477 473 1514; x_wconf 77' lang='lat' dir='ltr'>Libertate,</span> <span class='ocrx_word' id='word_1_297' title='bbox 492 1476 595 1506; x_wconf 88' lang='lat' dir='ltr'>nedum</span> <span class='ocrx_word' id='word_1_298' title='bbox 622 1485 689 1505; x_wconf 88' lang='lat' dir='ltr'>cum</span> <span class='ocrx_word' id='word_1_299' title='bbox 712 1474 843 1504; x_wconf 78' lang='lat' dir='ltr'>Navibus</span> <span class='ocrx_word' id='word_1_300' title='bbox 863 1472 898 1502; x_wconf 87' lang='lat' dir='ltr'>ad</span> <span class='ocrx_word' id='word_1_301' title='bbox 916 1471 1014 1514; x_wconf 79' lang='lat' dir='ltr'>Usum</span> <span class='ocrx_word' id='word_1_302' title='bbox 1035 1471 1217 1502; x_wconf 84' lang='lat' dir='ltr'>Commercii</span> <span class='ocrx_word' id='word_1_303' title='bbox 1240 1474 1274 1504; x_wconf 90' lang='lat'>&amp;</span> 
     </span>
     <span class='ocr_line' id='line_1_38' title="bbox 224 1508 1274 1552; baseline -0.006 -6"><span class='ocrx_word' id='word_1_304' title='bbox 224 1515 373 1546; x_wconf 90' lang='lat' dir='ltr'>Mercium</span> <span class='ocrx_word' id='word_1_305' title='bbox 395 1514 664 1551; x_wconf 85' lang='lat' dir='ltr'>convehendarum,</span> <span class='ocrx_word' id='word_1_306' title='bbox 682 1513 726 1543; x_wconf 89' lang='lat' dir='ltr'>sed</span> <span class='ocrx_word' id='word_1_307' title='bbox 747 1513 831 1542; x_wconf 89' lang='lat' dir='ltr'>etiam</span> <span class='ocrx_word' id='word_1_308' title='bbox 850 1519 915 1540; x_wconf 89' lang='lat' dir='ltr'>cum</span> <span class='ocrx_word' id='word_1_309' title='bbox 936 1510 993 1539; x_wconf 87' lang='lat' dir='ltr'>aliis</span> <span class='ocrx_word' id='word_1_310' title='bbox 1014 1508 1066 1552; x_wconf 74' lang='lat' dir='ltr'>suis</span> <span class='ocrx_word' id='word_1_311' title='bbox 1082 1508 1217 1549; x_wconf 86' lang='lat' dir='ltr'>Navigiis</span> <span class='ocrx_word' id='word_1_312' title='bbox 1229 1521 1274 1540; x_wconf 91' lang='lat' dir='ltr'>ar-</span> 
     </span>
     <span class='ocr_line' id='line_1_39' title="bbox 224 1546 1274 1589; baseline -0.004 -6"><span class='ocrx_word' id='word_1_313' title='bbox 224 1554 304 1583; x_wconf 89' lang='lat' dir='ltr'>matis</span> <span class='ocrx_word' id='word_1_314' title='bbox 323 1554 357 1583; x_wconf 91' lang='lat' dir='ltr'>ad</span> <span class='ocrx_word' id='word_1_315' title='bbox 373 1553 496 1583; x_wconf 85' lang='lat' dir='ltr'>hostium</span> <span class='ocrx_word' id='word_1_316' title='bbox 511 1550 821 1589; x_wconf 54' lang='lat' dir='ltr'>impetuscohibendos</span> <span class='ocrx_word' id='word_1_317' title='bbox 836 1549 949 1587; x_wconf 86' lang='lat' dir='ltr'>paratis,</span> <span class='ocrx_word' id='word_1_318' title='bbox 966 1547 1022 1577; x_wconf 92' lang='lat' dir='ltr'>five</span> <span class='ocrx_word' id='word_1_319' title='bbox 1038 1557 1066 1579; x_wconf 82' lang='lat' dir='ltr'>vt</span> <span class='ocrx_word' id='word_1_320' title='bbox 1081 1546 1274 1586; x_wconf 86' lang='lat' dir='ltr'>Tempestatis</span> 
     </span>
     <span class='ocr_line' id='line_1_40' title="bbox 223 1585 1276 1630; baseline -0.006 -7"><span class='ocrx_word' id='word_1_321' title='bbox 223 1591 397 1630; x_wconf 85' lang='lat' dir='ltr'>appulerint,</span> <span class='ocrx_word' id='word_1_322' title='bbox 416 1591 470 1621; x_wconf 87' lang='lat' dir='ltr'>five</span> <span class='ocrx_word' id='word_1_323' title='bbox 489 1590 520 1620; x_wconf 89' lang='lat' dir='ltr'>ad</span> <span class='ocrx_word' id='word_1_324' title='bbox 541 1589 699 1622; x_wconf 87' lang='lat' dir='ltr'>reficiendas</span> <span class='ocrx_word' id='word_1_325' title='bbox 714 1587 824 1624; x_wconf 77' lang='lat' dir='ltr'>Naves,</span> <span class='ocrx_word' id='word_1_326' title='bbox 844 1587 887 1618; x_wconf 88' lang='lat' dir='ltr'>vel</span> <span class='ocrx_word' id='word_1_327' title='bbox 902 1585 935 1615; x_wconf 92' lang='lat' dir='ltr'>ad</span> <span class='ocrx_word' id='word_1_328' title='bbox 949 1585 1103 1616; x_wconf 88' lang='lat' dir='ltr'>emendum</span> <span class='ocrx_word' id='word_1_329' title='bbox 1118 1586 1276 1617; x_wconf 88' lang='lat' dir='ltr'>Commea-</span> 
     </span>
     <span class='ocr_line' id='line_1_41' title="bbox 223 1624 1275 1668; baseline -0.004 -7"><span class='ocrx_word' id='word_1_330' title='bbox 223 1638 305 1668; x_wconf 86' lang='lat' dir='ltr'>tum,</span> <span class='ocrx_word' id='word_1_331' title='bbox 324 1629 434 1667; x_wconf 78' lang='lat' dir='ltr'>modo,</span> <span class='ocrx_word' id='word_1_332' title='bbox 450 1630 467 1658; x_wconf 90' lang='lat' dir='ltr'>fi</span> <span class='ocrx_word' id='word_1_333' title='bbox 488 1629 584 1666; x_wconf 77' lang='lat' dir='ltr'>sponte</span> <span class='ocrx_word' id='word_1_334' title='bbox 604 1627 788 1663; x_wconf 73' lang='lat' dir='ltr'>accesserint,</span> <span class='ocrx_word' id='word_1_335' title='bbox 805 1633 955 1655; x_wconf 87' lang='lat' dir='ltr'>numerum</span> <span class='ocrx_word' id='word_1_336' title='bbox 975 1624 1020 1654; x_wconf 82' lang='lat' dir='ltr'>sex</span> <span class='ocrx_word' id='word_1_337' title='bbox 1043 1625 1091 1656; x_wconf 90' lang='lat' dir='ltr'>vel</span> <span class='ocrx_word' id='word_1_338' title='bbox 1111 1626 1184 1656; x_wconf 67' lang='lat' dir='ltr'>odio</span> <span class='ocrx_word' id='word_1_339' title='bbox 1208 1625 1275 1657; x_wconf 90' lang='lat' dir='ltr'>Na-</span> 
     </span>
     <span class='ocr_line' id='line_1_42' title="bbox 224 1662 1275 1704; baseline -0.005 -5"><span class='ocrx_word' id='word_1_340' title='bbox 224 1670 307 1699; x_wconf 90' lang='lat' dir='ltr'>vium</span> <span class='ocrx_word' id='word_1_341' title='bbox 329 1679 391 1698; x_wconf 90' lang='lat' dir='ltr'>non</span> <span class='ocrx_word' id='word_1_342' title='bbox 412 1668 566 1704; x_wconf 74' lang='lat' dir='ltr'>excedant,</span> <span class='ocrx_word' id='word_1_343' title='bbox 584 1675 638 1697; x_wconf 90' lang='lat' dir='ltr'>nec</span> <span class='ocrx_word' id='word_1_344' title='bbox 652 1665 774 1702; x_wconf 81' lang='lat' dir='ltr'>diutius,</span> <span class='ocrx_word' id='word_1_345' title='bbox 788 1664 831 1694; x_wconf 87' lang='lat' dir='ltr'>vel</span> <span class='ocrx_word' id='word_1_346' title='bbox 845 1664 875 1693; x_wconf 89' lang='lat' dir='ltr'>in</span> <span class='ocrx_word' id='word_1_347' title='bbox 892 1662 1031 1693; x_wconf 86' lang='lat' dir='ltr'>Portubus</span> <span class='ocrx_word' id='word_1_348' title='bbox 1047 1663 1091 1692; x_wconf 91' lang='lat' dir='ltr'>vel</span> <span class='ocrx_word' id='word_1_349' title='bbox 1109 1665 1186 1695; x_wconf 86' lang='lat' dir='ltr'>circa</span> <span class='ocrx_word' id='word_1_350' title='bbox 1203 1664 1275 1696; x_wconf 89' lang='lat' dir='ltr'>Por-</span> 
     </span>
     <span class='ocr_line' id='line_1_43' title="bbox 224 1700 1276 1744; baseline -0.005 -6"><span class='ocrx_word' id='word_1_351' title='bbox 224 1714 285 1742; x_wconf 81' lang='lat' dir='ltr'>tuS,</span> <span class='ocrx_word' id='word_1_352' title='bbox 303 1707 425 1737; x_wconf 79' lang='lat' dir='ltr'>haereant</span> <span class='ocrx_word' id='word_1_353' title='bbox 441 1707 485 1736; x_wconf 91' lang='lat' dir='ltr'>vel</span> <span class='ocrx_word' id='word_1_354' title='bbox 497 1703 650 1744; x_wconf 89' lang='lat' dir='ltr'>persistant,</span> <span class='ocrx_word' id='word_1_355' title='bbox 667 1703 752 1741; x_wconf 68' lang='lat' dir='ltr'>quam</span> <span class='ocrx_word' id='word_1_356' title='bbox 765 1702 817 1732; x_wconf 90' lang='lat' dir='ltr'>illis</span> <span class='ocrx_word' id='word_1_357' title='bbox 828 1701 861 1732; x_wconf 89' lang='lat' dir='ltr'>ad</span> <span class='ocrx_word' id='word_1_358' title='bbox 876 1700 1079 1731; x_wconf 67' lang='lat' dir='ltr'>Refeetionem</span> <span class='ocrx_word' id='word_1_359' title='bbox 1096 1702 1129 1733; x_wconf 91' lang='lat'>&amp;</span> <span class='ocrx_word' id='word_1_360' title='bbox 1143 1702 1194 1733; x_wconf 89' lang='lat' dir='ltr'>alia</span> <span class='ocrx_word' id='word_1_361' title='bbox 1209 1702 1243 1733; x_wconf 89' lang='grc' dir='ltr'>Ν</span> <span class='ocrx_word' id='word_1_362' title='bbox 1247 1714 1276 1733; x_wconf 89' lang='lat' dir='ltr'>e-</span> 
     </span>
     <span class='ocr_line' id='line_1_44' title="bbox 224 1739 1276 1784; baseline -0.002 -9"><span class='ocrx_word' id='word_1_363' title='bbox 224 1746 339 1776; x_wconf 74' lang='lat' dir='ltr'>cessaria</span> <span class='ocrx_word' id='word_1_364' title='bbox 353 1743 469 1784; x_wconf 84' lang='lat' dir='ltr'>paranda</span> <span class='ocrx_word' id='word_1_365' title='bbox 485 1744 567 1774; x_wconf 83' lang='lat' dir='ltr'>fuerit</span> <span class='ocrx_word' id='word_1_366' title='bbox 588 1741 714 1779; x_wconf 77' lang='lat' dir='ltr'>necefie,</span> <span class='ocrx_word' id='word_1_367' title='bbox 731 1741 768 1771; x_wconf 70' lang='lat' dir='ltr'>n&#39;e</span> <span class='ocrx_word' id='word_1_368' title='bbox 782 1739 990 1783; x_wconf 81' lang='lat' dir='ltr'>impedimento</span> <span class='ocrx_word' id='word_1_369' title='bbox 1000 1750 1057 1778; x_wconf 86' lang='lat' dir='ltr'>quo</span> <span class='ocrx_word' id='word_1_370' title='bbox 1081 1741 1211 1771; x_wconf 87' lang='lat' dir='ltr'>uomodo</span> <span class='ocrx_word' id='word_1_371' title='bbox 1225 1742 1276 1773; x_wconf 91' lang='lat' dir='ltr'>fint</span> 
     </span>
     <span class='ocr_line' id='line_1_45' title="bbox 222 1777 1277 1814; baseline -0.005 0"><span class='ocrx_word' id='word_1_372' title='bbox 222 1784 313 1814; x_wconf 88' lang='lat' dir='ltr'>libero</span> <span class='ocrx_word' id='word_1_373' title='bbox 328 1784 442 1814; x_wconf 84' lang='lat' dir='ltr'>aliarum</span> <span class='ocrx_word' id='word_1_374' title='bbox 456 1781 622 1812; x_wconf 90' lang='lat' dir='ltr'>Nationum</span> <span class='ocrx_word' id='word_1_375' title='bbox 638 1781 807 1811; x_wconf 88' lang='lat' dir='ltr'>Amicarum</span> <span class='ocrx_word' id='word_1_376' title='bbox 825 1777 992 1809; x_wconf 86' lang='lat' dir='ltr'>Intercursui</span> <span class='ocrx_word' id='word_1_377' title='bbox 1006 1780 1039 1810; x_wconf 91' lang='lat'>&amp;</span> <span class='ocrx_word' id='word_1_378' title='bbox 1083 1780 1226 1810; x_wconf 89' lang='lat' dir='ltr'>omercio:</span> <span class='ocrx_word' id='word_1_379' title='bbox 1244 1791 1277 1812; x_wconf 89' lang='lat' dir='ltr'>u-</span> 
     </span>
     <span class='ocr_line' id='line_1_46' title="bbox 224 1817 1275 1859; baseline -0.001 -8"><span class='ocrx_word' id='word_1_380' title='bbox 224 1823 255 1851; x_wconf 89' lang='lat' dir='ltr'>bi</span> <span class='ocrx_word' id='word_1_381' title='bbox 274 1831 368 1853; x_wconf 87' lang='lat' dir='ltr'>autem</span> <span class='ocrx_word' id='word_1_382' title='bbox 389 1821 423 1851; x_wconf 85' lang='lat' dir='ltr'>de</span> <span class='ocrx_word' id='word_1_383' title='bbox 445 1820 544 1859; x_wconf 78' lang='lat' dir='ltr'>majori</span> <span class='ocrx_word' id='word_1_384' title='bbox 567 1818 705 1849; x_wconf 87' lang='lat' dir='ltr'>Numero</span> <span class='ocrx_word' id='word_1_385' title='bbox 726 1817 856 1847; x_wconf 83' lang='lat' dir='ltr'>Navium</span> <span class='ocrx_word' id='word_1_386' title='bbox 877 1825 1046 1847; x_wconf 89' lang='lat' dir='ltr'>armatarum</span> <span class='ocrx_word' id='word_1_387' title='bbox 1068 1825 1179 1856; x_wconf 82' lang='lat' dir='ltr'>agatur,</span> <span class='ocrx_word' id='word_1_388' title='bbox 1205 1827 1275 1850; x_wconf 91' lang='lat' dir='ltr'>tunc</span> 
     </span>
     <span class='ocr_line' id='line_1_47' title="bbox 223 1855 1277 1899; baseline -0.002 -9"><span class='ocrx_word' id='word_1_389' title='bbox 223 1870 284 1890; x_wconf 88' lang='lat' dir='ltr'>non</span> <span class='ocrx_word' id='word_1_390' title='bbox 300 1860 348 1890; x_wconf 84' lang='lat' dir='ltr'>nisi</span> <span class='ocrx_word' id='word_1_391' title='bbox 365 1859 491 1889; x_wconf 86' lang='lat' dir='ltr'>consulto</span> <span class='ocrx_word' id='word_1_392' title='bbox 505 1857 637 1895; x_wconf 83' lang='lat' dir='ltr'>Principe</span> <span class='ocrx_word' id='word_1_393' title='bbox 651 1857 733 1887; x_wconf 89' lang='lat' dir='ltr'>liceat</span> <span class='ocrx_word' id='word_1_394' title='bbox 746 1855 867 1899; x_wconf 77' lang='lat' dir='ltr'>ingredi,</span> <span class='ocrx_word' id='word_1_395' title='bbox 886 1855 977 1885; x_wconf 79' lang='lat' dir='ltr'>modo</span> <span class='ocrx_word' id='word_1_396' title='bbox 992 1855 1118 1898; x_wconf 68' lang='lat' dir='ltr'>indic‘tis</span> <span class='ocrx_word' id='word_1_397' title='bbox 1135 1856 1277 1888; x_wconf 90' lang='lat' dir='ltr'>Portubus</span> 
     </span>
     <span class='ocr_line' id='line_1_48' title="bbox 223 1892 1277 1934; baseline -0.001 -6"><span class='ocrx_word' id='word_1_398' title='bbox 223 1899 296 1929; x_wconf 86' lang='lat' dir='ltr'>nihil</span> <span class='ocrx_word' id='word_1_399' title='bbox 318 1897 457 1928; x_wconf 85' lang='lat' dir='ltr'>hostiliter</span> <span class='ocrx_word' id='word_1_400' title='bbox 480 1905 561 1934; x_wconf 82' lang='lat' dir='ltr'>agant</span> <span class='ocrx_word' id='word_1_401' title='bbox 582 1896 610 1926; x_wconf 91' lang='lat' dir='ltr'>in</span> <span class='ocrx_word' id='word_1_402' title='bbox 630 1895 824 1934; x_wconf 72' lang='lat' dir='ltr'>praejudicium</span> <span class='ocrx_word' id='word_1_403' title='bbox 845 1892 966 1931; x_wconf 83' lang='lat' dir='ltr'>ipsorum</span> <span class='ocrx_word' id='word_1_404' title='bbox 985 1892 1169 1933; x_wconf 77' lang='lat' dir='ltr'>Principum,</span> <span class='ocrx_word' id='word_1_405' title='bbox 1186 1894 1232 1926; x_wconf 88' lang='lat' dir='ltr'>sed</span> <span class='ocrx_word' id='word_1_406' title='bbox 1246 1905 1277 1927; x_wconf 88' lang='lat' dir='ltr'>ut</span> 
     </span>
     <span class='ocr_line' id='line_1_49' title="bbox 221 1931 1279 1973; baseline -0.003 -5"><span class='ocrx_word' id='word_1_407' title='bbox 221 1936 322 1968; x_wconf 87' lang='lat' dir='ltr'>Amici</span> <span class='ocrx_word' id='word_1_408' title='bbox 339 1937 370 1966; x_wconf 64' lang='grc' dir='ltr'>ὃς</span> <span class='ocrx_word' id='word_1_409' title='bbox 388 1934 587 1966; x_wconf 83' lang='lat' dir='ltr'>Confoederati</span> <span class='ocrx_word' id='word_1_410' title='bbox 602 1934 704 1973; x_wconf 87' lang='lat' dir='ltr'>degant</span> <span class='ocrx_word' id='word_1_411' title='bbox 721 1934 753 1964; x_wconf 85' lang='lat'>&amp;</span> <span class='ocrx_word' id='word_1_412' title='bbox 769 1931 988 1970; x_wconf 74' lang='lat' dir='ltr'>conquiescant,</span> <span class='ocrx_word' id='word_1_413' title='bbox 1007 1941 1042 1962; x_wconf 89' lang='lat' dir='ltr'>eo</span> <span class='ocrx_word' id='word_1_414' title='bbox 1058 1932 1116 1962; x_wconf 90' lang='lat' dir='ltr'>sem</span> <span class='ocrx_word' id='word_1_415' title='bbox 1138 1943 1168 1964; x_wconf 89' lang='lat' dir='ltr'>er</span> <span class='ocrx_word' id='word_1_416' title='bbox 1184 1942 1279 1973; x_wconf 90' lang='lat' dir='ltr'>cauto,</span> 
     </span>
     <span class='ocr_line' id='line_1_50' title="bbox 223 1970 1278 2012; baseline -0.002 -6"><span class='ocrx_word' id='word_1_417' title='bbox 223 1977 278 2012; x_wconf 81' lang='lat' dir='ltr'>ne,</span> <span class='ocrx_word' id='word_1_418' title='bbox 297 1975 346 2005; x_wconf 67' lang='lat' dir='ltr'>sab</span> <span class='ocrx_word' id='word_1_419' title='bbox 360 1976 457 2004; x_wconf 74' lang='lat' dir='ltr'>colore</span> <span class='ocrx_word' id='word_1_420' title='bbox 473 1975 504 2005; x_wconf 70' lang='grc' dir='ltr'>ὃ(</span> <span class='ocrx_word' id='word_1_421' title='bbox 524 1980 656 2010; x_wconf 69' lang='lat' dir='ltr'>praetextu</span> <span class='ocrx_word' id='word_1_422' title='bbox 672 1971 868 2008; x_wconf 88' lang='lat' dir='ltr'>Commercii,</span> <span class='ocrx_word' id='word_1_423' title='bbox 887 1970 997 2001; x_wconf 83' lang='lat' dir='ltr'>Auxilia</span> <span class='ocrx_word' id='word_1_424' title='bbox 1011 1971 1101 2010; x_wconf 89' lang='lat' dir='ltr'>aliqua</span> <span class='ocrx_word' id='word_1_425' title='bbox 1126 1981 1171 2003; x_wconf 91' lang='lat' dir='ltr'>ive</span> <span class='ocrx_word' id='word_1_426' title='bbox 1183 1972 1278 2004; x_wconf 90' lang='lat' dir='ltr'>Com-</span> 
     </span>
     <span class='ocr_line' id='line_1_51' title="bbox 224 2008 1279 2052; baseline -0.006 -9"><span class='ocrx_word' id='word_1_427' title='bbox 224 2021 331 2043; x_wconf 88' lang='lat' dir='ltr'>meatus</span> <span class='ocrx_word' id='word_1_428' title='bbox 347 2013 399 2042; x_wconf 77' lang='lat' dir='ltr'>sive</span> <span class='ocrx_word' id='word_1_429' title='bbox 417 2012 594 2049; x_wconf 84' lang='lat' dir='ltr'>Armorum,</span> <span class='ocrx_word' id='word_1_430' title='bbox 613 2010 671 2041; x_wconf 89' lang='lat' dir='ltr'>five</span> <span class='ocrx_word' id='word_1_431' title='bbox 685 2009 945 2052; x_wconf 76' lang='lat' dir='ltr'>instrumentorum</span> <span class='ocrx_word' id='word_1_432' title='bbox 962 2008 1140 2048; x_wconf 89' lang='lat' dir='ltr'>bellicorum,</span> <span class='ocrx_word' id='word_1_433' title='bbox 1158 2010 1213 2042; x_wconf 88' lang='lat' dir='ltr'>five</span> <span class='ocrx_word' id='word_1_434' title='bbox 1227 2022 1279 2042; x_wconf 88' lang='lat' dir='ltr'>cu-</span> 
     </span>
     <span class='ocr_line' id='line_1_52' title="bbox 221 2047 1278 2091; baseline -0.001 -9"><span class='ocrx_word' id='word_1_435' title='bbox 221 2052 308 2091; x_wconf 81' lang='lat' dir='ltr'>jusvis</span> <span class='ocrx_word' id='word_1_436' title='bbox 329 2052 437 2082; x_wconf 59' lang='lat' dir='ltr'>alterius</span> <span class='ocrx_word' id='word_1_437' title='bbox 457 2051 548 2081; x_wconf 72' lang='lat' dir='ltr'>bellici</span> <span class='ocrx_word' id='word_1_438' title='bbox 566 2048 670 2079; x_wconf 83' lang='lat' dir='ltr'>Auxilii</span> <span class='ocrx_word' id='word_1_439' title='bbox 683 2057 787 2087; x_wconf 85' lang='lat' dir='ltr'>genus,</span> <span class='ocrx_word' id='word_1_440' title='bbox 803 2047 836 2078; x_wconf 91' lang='lat' dir='ltr'>ad</span> <span class='ocrx_word' id='word_1_441' title='bbox 852 2048 1001 2078; x_wconf 78' lang='lat' dir='ltr'>utilitatem</span> <span class='ocrx_word' id='word_1_442' title='bbox 1013 2048 1047 2078; x_wconf 66' lang='grc' dir='ltr'>ὃ(</span> <span class='ocrx_word' id='word_1_443' title='bbox 1062 2047 1234 2082; x_wconf 85' lang='lat' dir='ltr'>beneficium</span> <span class='ocrx_word' id='word_1_444' title='bbox 1250 2050 1278 2081; x_wconf 87' lang='lat'>1-</span> 
     </span>
     <span class='ocr_line' id='line_1_53' title="bbox 223 2086 1277 2128; baseline 0 -8"><span class='ocrx_word' id='word_1_445' title='bbox 223 2091 400 2120; x_wconf 88' lang='lat' dir='ltr'>nimicorum</span> <span class='ocrx_word' id='word_1_446' title='bbox 425 2089 507 2119; x_wconf 86' lang='lat' dir='ltr'>unius</span> <span class='ocrx_word' id='word_1_447' title='bbox 524 2088 566 2119; x_wconf 84' lang='lat' dir='ltr'>vel</span> <span class='ocrx_word' id='word_1_448' title='bbox 583 2088 693 2119; x_wconf 84' lang='lat' dir='ltr'>alterius</span> <span class='ocrx_word' id='word_1_449' title='bbox 709 2086 815 2124; x_wconf 82' lang='lat' dir='ltr'>Regis,</span> <span class='ocrx_word' id='word_1_450' title='bbox 832 2095 880 2124; x_wconf 88' lang='lat' dir='ltr'>per</span> <span class='ocrx_word' id='word_1_451' title='bbox 895 2095 997 2128; x_wconf 78' lang='lat' dir='ltr'>eorum</span> <span class='ocrx_word' id='word_1_452' title='bbox 1011 2086 1128 2125; x_wconf 88' lang='lat' dir='ltr'>Regum</span> <span class='ocrx_word' id='word_1_453' title='bbox 1140 2086 1277 2120; x_wconf 89' lang='lat' dir='ltr'>Subditos</span> 
     </span>
     <span class='ocr_line' id='line_1_54' title="bbox 226 2124 1277 2164; baseline -0.003 -5"><span class='ocrx_word' id='word_1_454' title='bbox 226 2128 360 2159; x_wconf 82' lang='lat' dir='ltr'>Vaffallos</span> <span class='ocrx_word' id='word_1_455' title='bbox 383 2128 427 2158; x_wconf 90' lang='lat' dir='ltr'>vel</span> <span class='ocrx_word' id='word_1_456' title='bbox 450 2127 559 2157; x_wconf 80' lang='lat' dir='ltr'>incolas</span> <span class='ocrx_word' id='word_1_457' title='bbox 577 2125 761 2164; x_wconf 86' lang='lat' dir='ltr'>quoscunque</span> <span class='ocrx_word' id='word_1_458' title='bbox 784 2124 956 2161; x_wconf 81' lang='lat' dir='ltr'>deferantur;</span> <span class='ocrx_word' id='word_1_459' title='bbox 976 2124 1020 2154; x_wconf 82' lang='lat' dir='ltr'>led</span> <span class='ocrx_word' id='word_1_460' title='bbox 1034 2126 1198 2164; x_wconf 87' lang='lat' dir='ltr'>quicunque</span> <span class='ocrx_word' id='word_1_461' title='bbox 1212 2127 1277 2159; x_wconf 81' lang='lat' dir='ltr'>haec</span> 
     </span>
     <span class='ocr_line' id='line_1_55' title="bbox 224 2163 1278 2201; baseline 0 -4"><span class='ocrx_word' id='word_1_462' title='bbox 224 2167 419 2197; x_wconf 79' lang='lat' dir='ltr'>attentaverint</span> <span class='ocrx_word' id='word_1_463' title='bbox 440 2166 584 2196; x_wconf 89' lang='lat' dir='ltr'>acerrimis</span> <span class='ocrx_word' id='word_1_464' title='bbox 604 2164 701 2195; x_wconf 87' lang='lat' dir='ltr'>Poenis</span> <span class='ocrx_word' id='word_1_465' title='bbox 715 2164 882 2200; x_wconf 78' lang='lat' dir='ltr'>puniantur,</span> <span class='ocrx_word' id='word_1_466' title='bbox 901 2163 1001 2201; x_wconf 87' lang='lat' dir='ltr'>quibus</span> <span class='ocrx_word' id='word_1_467' title='bbox 1014 2163 1136 2195; x_wconf 82' lang='lat' dir='ltr'>seditiosi</span> <span class='ocrx_word' id='word_1_468' title='bbox 1149 2175 1182 2196; x_wconf 89' lang='lat' dir='ltr'>ac</span> <span class='ocrx_word' id='word_1_469' title='bbox 1199 2165 1278 2198; x_wconf 88' lang='lat' dir='ltr'>Fidei</span> 
     </span>
     <span class='ocr_line' id='line_1_56' title="bbox 225 2201 1276 2240; baseline -0.002 -4"><span class='ocrx_word' id='word_1_470' title='bbox 225 2206 260 2236; x_wconf 86' lang='lat'>&amp;</span> <span class='ocrx_word' id='word_1_471' title='bbox 277 2204 359 2236; x_wconf 88' lang='lat' dir='ltr'>Pacis</span> <span class='ocrx_word' id='word_1_472' title='bbox 374 2204 539 2235; x_wconf 59' lang='lat' dir='ltr'>lnfrazstores</span> <span class='ocrx_word' id='word_1_473' title='bbox 555 2204 678 2234; x_wconf 86' lang='lat' dir='ltr'>coerceri</span> <span class='ocrx_word' id='word_1_474' title='bbox 691 2202 798 2240; x_wconf 89' lang='lat' dir='ltr'>solent,</span> <span class='ocrx_word' id='word_1_475' title='bbox 814 2203 849 2231; x_wconf 88' lang='lat' dir='ltr'>ita</span> <span class='ocrx_word' id='word_1_476' title='bbox 865 2209 894 2231; x_wconf 89' lang='lat' dir='ltr'>ut</span> <span class='ocrx_word' id='word_1_477' title='bbox 909 2201 1021 2232; x_wconf 73' lang='lat' dir='ltr'>Subditi</span> <span class='ocrx_word' id='word_1_478' title='bbox 1036 2203 1118 2233; x_wconf 88' lang='lat' dir='ltr'>unius</span> <span class='ocrx_word' id='word_1_479' title='bbox 1132 2204 1160 2233; x_wconf 93' lang='lat' dir='ltr'>in</span> <span class='ocrx_word' id='word_1_480' title='bbox 1177 2204 1276 2234; x_wconf 85' lang='lat' dir='ltr'>Terri-</span> 
     </span>
     <span class='ocr_line' id='line_1_57' title="bbox 224 2239 1276 2280; baseline -0.003 -6"><span class='ocrx_word' id='word_1_481' title='bbox 224 2244 300 2274; x_wconf 88' lang='lat' dir='ltr'>torio</span> <span class='ocrx_word' id='word_1_482' title='bbox 324 2245 430 2274; x_wconf 89' lang='lat' dir='ltr'>alterius</span> <span class='ocrx_word' id='word_1_483' title='bbox 451 2252 510 2272; x_wconf 87' lang='lat' dir='ltr'>nori</span> <span class='ocrx_word' id='word_1_484' title='bbox 533 2242 610 2280; x_wconf 73' lang='lat' dir='ltr'>pejus</span> <span class='ocrx_word' id='word_1_485' title='bbox 624 2240 775 2272; x_wconf 62' lang='lat' dir='ltr'>:radientur</span> <span class='ocrx_word' id='word_1_486' title='bbox 789 2242 873 2277; x_wconf 68' lang='lat' dir='ltr'>quani</span> <span class='ocrx_word' id='word_1_487' title='bbox 889 2239 1000 2278; x_wconf 80' lang='lat' dir='ltr'>ipsimet</span> <span class='ocrx_word' id='word_1_488' title='bbox 1013 2241 1145 2271; x_wconf 86' lang='lat' dir='ltr'>naturales</span> <span class='ocrx_word' id='word_1_489' title='bbox 1162 2243 1189 2271; x_wconf 90' lang='lat' dir='ltr'>in</span> <span class='ocrx_word' id='word_1_490' title='bbox 1205 2253 1276 2274; x_wconf 87' lang='lat' dir='ltr'>ven-</span> 
     </span>
     <span class='ocr_line' id='line_1_58' title="bbox 223 2278 1276 2317; baseline 0.001 -6"><span class='ocrx_word' id='word_1_491' title='bbox 223 2282 332 2312; x_wconf 87' lang='lat' dir='ltr'>ditione</span> <span class='ocrx_word' id='word_1_492' title='bbox 353 2283 385 2313; x_wconf 86' lang='lat'>&amp;</span> <span class='ocrx_word' id='word_1_493' title='bbox 410 2280 634 2312; x_wconf 64' lang='lat' dir='ltr'>connessatione</span> <span class='ocrx_word' id='word_1_494' title='bbox 655 2279 765 2310; x_wconf 83' lang='lat' dir='ltr'>suarum</span> <span class='ocrx_word' id='word_1_495' title='bbox 790 2278 954 2317; x_wconf 85' lang='lat' dir='ltr'>Mercium,</span> <span class='ocrx_word' id='word_1_496' title='bbox 980 2286 1038 2309; x_wconf 87' lang='lat' dir='ltr'>tam</span> <span class='ocrx_word' id='word_1_497' title='bbox 1059 2280 1166 2311; x_wconf 89' lang='lat' dir='ltr'>ratione</span> <span class='ocrx_word' id='word_1_498' title='bbox 1188 2280 1276 2313; x_wconf 91' lang='lat' dir='ltr'>Pretii</span> 
     </span>
     <span class='ocr_line' id='line_1_59' title="bbox 224 2316 1275 2359; baseline -0.001 -10"><span class='ocrx_word' id='word_1_499' title='bbox 224 2321 312 2359; x_wconf 67' lang='lat' dir='ltr'>quam</span> <span class='ocrx_word' id='word_1_500' title='bbox 325 2320 412 2357; x_wconf 88' lang='lat' dir='ltr'>aliter,</span> <span class='ocrx_word' id='word_1_501' title='bbox 427 2320 473 2350; x_wconf 84' lang='lat' dir='ltr'>sed</span> <span class='ocrx_word' id='word_1_502' title='bbox 488 2329 535 2359; x_wconf 86' lang='lat' dir='ltr'>par</span> <span class='ocrx_word' id='word_1_503' title='bbox 552 2320 584 2350; x_wconf 70' lang='grc' dir='ltr'>ὃ(</span> <span class='ocrx_word' id='word_1_504' title='bbox 600 2328 677 2357; x_wconf 65' lang='lat' dir='ltr'>:equa</span> <span class='ocrx_word' id='word_1_505' title='bbox 691 2319 719 2348; x_wconf 84' lang='lat' dir='ltr'>iit</span> <span class='ocrx_word' id='word_1_506' title='bbox 737 2319 764 2347; x_wconf 89' lang='lat' dir='ltr'>in</span> <span class='ocrx_word' id='word_1_507' title='bbox 780 2316 929 2354; x_wconf 58' lang='lat' dir='ltr'>praedictis,</span> <span class='ocrx_word' id='word_1_508' title='bbox 943 2326 997 2359; x_wconf 39' lang='grc' dir='ltr'>μ’)</span> <span class='ocrx_word' id='word_1_509' title='bbox 1014 2317 1177 2349; x_wconf 57' lang='grc' dir='ltr'>ἶὋτεηΓιυΠ]</span> <span class='ocrx_word' id='word_1_510' title='bbox 1191 2322 1275 2358; x_wconf 69' lang='lat' dir='ltr'>quarn</span> 
     </span>
     <span class='ocr_line' id='line_1_60' title="bbox 224 2355 1275 2396; baseline 0.001 -7"><span class='ocrx_word' id='word_1_511' title='bbox 224 2358 406 2389; x_wconf 80' lang='lat' dir='ltr'>Naturalium</span> <span class='ocrx_word' id='word_1_512' title='bbox 418 2381 427 2396; x_wconf 90' lang='lat'>,</span> <span class='ocrx_word' id='word_1_513' title='bbox 446 2358 590 2395; x_wconf 78' lang='lat' dir='ltr'>conditio,</span> <span class='ocrx_word' id='word_1_514' title='bbox 608 2367 667 2387; x_wconf 90' lang='lat' dir='ltr'>non</span> <span class='ocrx_word' id='word_1_515' title='bbox 682 2355 858 2388; x_wconf 80' lang='lat' dir='ltr'>obstantibus</span> <span class='ocrx_word' id='word_1_516' title='bbox 873 2356 1089 2394; x_wconf 59' lang='lat' dir='ltr'>quibuscunque</span> <span class='ocrx_word' id='word_1_517' title='bbox 1101 2356 1215 2388; x_wconf 85' lang='lat' dir='ltr'>Statutis</span> <span class='ocrx_word' id='word_1_518' title='bbox 1230 2359 1275 2390; x_wconf 89' lang='lat' dir='ltr'>vel</span> 
     </span>
     <span class='ocr_line' id='line_1_61' title="bbox 225 2396 724 2429; baseline -0.004 -1"><span class='ocrx_word' id='word_1_519' title='bbox 225 2396 482 2429; x_wconf 84' lang='lat' dir='ltr'>Consuetudinibus</span> <span class='ocrx_word' id='word_1_520' title='bbox 499 2398 526 2426; x_wconf 90' lang='lat' dir='ltr'>in</span> <span class='ocrx_word' id='word_1_521' title='bbox 541 2397 724 2426; x_wconf 73' lang='lat' dir='ltr'>contrarium.</span> 
     </span>
    </p>

    <p class='ocr_par' dir='ltr' id='par_1_8' title="bbox 220 2432 1278 3428">
     <span class='ocr_line' id='line_1_62' title="bbox 260 2432 1275 2473; baseline 0.001 -8"><span class='ocrx_word' id='word_1_522' title='bbox 260 2437 275 2453; x_wconf 69' lang='grc'>*</span> <span class='ocrx_word' id='word_1_523' title='bbox 297 2436 404 2465; x_wconf 73' lang='lat' dir='ltr'>ITEM</span> <span class='ocrx_word' id='word_1_524' title='bbox 420 2460 430 2473; x_wconf 77' lang='lat'>,</span> <span class='ocrx_word' id='word_1_525' title='bbox 453 2434 644 2465; x_wconf 82' lang='lat' dir='ltr'>Conventum</span> <span class='ocrx_word' id='word_1_526' title='bbox 666 2445 700 2464; x_wconf 87' lang='lat' dir='ltr'>ac</span> <span class='ocrx_word' id='word_1_527' title='bbox 725 2433 878 2463; x_wconf 75' lang='lat' dir='ltr'>stabilitum</span> <span class='ocrx_word' id='word_1_528' title='bbox 898 2432 997 2465; x_wconf 88' lang='lat' dir='ltr'>fuit&amp;</span> <span class='ocrx_word' id='word_1_529' title='bbox 1011 2433 1068 2467; x_wconf 71' lang='lat' dir='ltr'>est,</span> <span class='ocrx_word' id='word_1_530' title='bbox 1088 2434 1169 2472; x_wconf 76' lang='lat' dir='ltr'>quod</span> <span class='ocrx_word' id='word_1_531' title='bbox 1183 2435 1275 2466; x_wconf 59' lang='lat' dir='ltr'>dictus</span> 
     </span>
     <span class='ocr_line' id='line_1_63' title="bbox 223 2471 1273 2510; baseline 0.002 -7"><span class='ocrx_word' id='word_1_532' title='bbox 223 2472 418 2503; x_wconf 81' lang='lat' dir='ltr'>Sereniffiinus</span> <span class='ocrx_word' id='word_1_533' title='bbox 438 2475 498 2501; x_wconf 75' lang='lat' dir='ltr'>Rex</span> <span class='ocrx_word' id='word_1_534' title='bbox 517 2472 630 2509; x_wconf 76' lang='lat' dir='ltr'>Angliae</span> <span class='ocrx_word' id='word_1_535' title='bbox 646 2472 823 2510; x_wconf 64' lang='lat' dir='ltr'>prohibebit,</span> <span class='ocrx_word' id='word_1_536' title='bbox 846 2471 1005 2508; x_wconf 66' lang='lat' dir='ltr'>Edictoque</span> <span class='ocrx_word' id='word_1_537' title='bbox 1022 2473 1152 2510; x_wconf 71' lang='lat' dir='ltr'>publico,</span> <span class='ocrx_word' id='word_1_538' title='bbox 1179 2473 1273 2505; x_wconf 78' lang='lat' dir='ltr'>statim</span> 
     </span>
     <span class='ocr_line' id='line_1_64' title="bbox 223 2508 1274 2550; baseline -0.001 -9"><span class='ocrx_word' id='word_1_539' title='bbox 223 2511 288 2550; x_wconf 84' lang='lat' dir='ltr'>post</span> <span class='ocrx_word' id='word_1_540' title='bbox 309 2512 498 2541; x_wconf 86' lang='lat' dir='ltr'>firmationem</span> <span class='ocrx_word' id='word_1_541' title='bbox 519 2511 697 2547; x_wconf 67' lang='lat' dir='ltr'>praesentium</span> <span class='ocrx_word' id='word_1_542' title='bbox 722 2508 935 2545; x_wconf 77' lang='lat' dir='ltr'>Capituiorum,</span> <span class='ocrx_word' id='word_1_543' title='bbox 956 2510 1130 2545; x_wconf 85' lang='lat' dir='ltr'>publicando</span> <span class='ocrx_word' id='word_1_544' title='bbox 1145 2514 1274 2549; x_wconf 83' lang='lat' dir='ltr'>cavebit,</span> 
     </span>
     <span class='ocr_line' id='line_1_65' title="bbox 222 2545 1274 2588; baseline 0 -8"><span class='ocrx_word' id='word_1_545' title='bbox 222 2551 262 2580; x_wconf 77' lang='lat' dir='ltr'>ne</span> <span class='ocrx_word' id='word_1_546' title='bbox 285 2549 380 2588; x_wconf 88' lang='lat' dir='ltr'>aliquis</span> <span class='ocrx_word' id='word_1_547' title='bbox 402 2549 462 2578; x_wconf 89' lang='lat' dir='ltr'>suus</span> <span class='ocrx_word' id='word_1_548' title='bbox 482 2548 611 2578; x_wconf 85' lang='lat' dir='ltr'>Subditus</span> <span class='ocrx_word' id='word_1_549' title='bbox 627 2547 722 2577; x_wconf 85' lang='lat' dir='ltr'>Incola</span> <span class='ocrx_word' id='word_1_550' title='bbox 742 2547 788 2575; x_wconf 91' lang='lat' dir='ltr'>vel</span> <span class='ocrx_word' id='word_1_551' title='bbox 806 2545 937 2576; x_wconf 77' lang='lat' dir='ltr'>Vaffallus</span> <span class='ocrx_word' id='word_1_552' title='bbox 953 2547 1056 2577; x_wconf 80' lang='lat' dir='ltr'>levabit</span> <span class='ocrx_word' id='word_1_553' title='bbox 1071 2557 1116 2577; x_wconf 84' lang='lat' dir='ltr'>aut</span> <span class='ocrx_word' id='word_1_554' title='bbox 1130 2549 1274 2580; x_wconf 79' lang='lat' dir='ltr'>transferet</span> 
     </span>
     <span class='ocr_line' id='line_1_66' title="bbox 222 2584 1272 2626; baseline -0.003 -7"><span class='ocrx_word' id='word_1_555' title='bbox 222 2586 430 2626; x_wconf 84' lang='lat' dir='ltr'>quoquomodo</span> <span class='ocrx_word' id='word_1_556' title='bbox 447 2586 553 2616; x_wconf 61' lang='lat' dir='ltr'>dii-ecte</span> <span class='ocrx_word' id='word_1_557' title='bbox 568 2596 619 2617; x_wconf 91' lang='lat' dir='ltr'>nec</span> <span class='ocrx_word' id='word_1_558' title='bbox 635 2595 681 2623; x_wconf 76' lang='lat' dir='ltr'>per</span> <span class='ocrx_word' id='word_1_559' title='bbox 699 2584 877 2620; x_wconf 59' lang='lat' dir='ltr'>indirec‘tum,</span> <span class='ocrx_word' id='word_1_560' title='bbox 897 2585 1012 2621; x_wconf 78' lang='lat' dir='ltr'>proprio</span> <span class='ocrx_word' id='word_1_561' title='bbox 1027 2584 1165 2616; x_wconf 85' lang='lat' dir='ltr'>Nomine</span> <span class='ocrx_word' id='word_1_562' title='bbox 1184 2587 1230 2616; x_wconf 82' lang='lat' dir='ltr'>vel</span> <span class='ocrx_word' id='word_1_563' title='bbox 1244 2598 1272 2617; x_wconf 88' lang='lat' dir='ltr'>a·</span> 
     </span>
     <span class='ocr_line' id='line_1_67' title="bbox 221 2621 1274 2664; baseline -0.002 -7"><span class='ocrx_word' id='word_1_564' title='bbox 221 2626 297 2657; x_wconf 88' lang='lat' dir='ltr'>lieno</span> <span class='ocrx_word' id='word_1_565' title='bbox 313 2649 322 2664; x_wconf 92' lang='lat'>,</span> <span class='ocrx_word' id='word_1_566' title='bbox 348 2635 401 2655; x_wconf 87' lang='lat' dir='ltr'>nec</span> <span class='ocrx_word' id='word_1_567' title='bbox 421 2625 541 2662; x_wconf 67' lang='lat' dir='ltr'>aliq-iarn</span> <span class='ocrx_word' id='word_1_568' title='bbox 562 2623 677 2654; x_wconf 85' lang='lat' dir='ltr'>Navem</span> <span class='ocrx_word' id='word_1_569' title='bbox 699 2631 745 2653; x_wconf 70' lang='lat' dir='ltr'>aut</span> <span class='ocrx_word' id='word_1_570' title='bbox 766 2622 839 2652; x_wconf 84' lang='lat' dir='ltr'>aliud</span> <span class='ocrx_word' id='word_1_571' title='bbox 860 2621 1051 2661; x_wconf 80' lang='lat' dir='ltr'>Vehiculum,</span> <span class='ocrx_word' id='word_1_572' title='bbox 1082 2624 1126 2653; x_wconf 90' lang='lat' dir='ltr'>vel</span> <span class='ocrx_word' id='word_1_573' title='bbox 1150 2624 1274 2655; x_wconf 89' lang='lat' dir='ltr'>Nomen</span> 
     </span>
     <span class='ocr_line' id='line_1_68' title="bbox 220 2661 1275 2701; baseline -0.002 -6"><span class='ocrx_word' id='word_1_574' title='bbox 220 2665 300 2696; x_wconf 83' lang='lat' dir='ltr'>suurn</span> <span class='ocrx_word' id='word_1_575' title='bbox 323 2663 556 2695; x_wconf 83' lang='lat' dir='ltr'>accommodabit</span> <span class='ocrx_word' id='word_1_576' title='bbox 581 2662 615 2693; x_wconf 88' lang='lat' dir='ltr'>ad</span> <span class='ocrx_word' id='word_1_577' title='bbox 639 2661 859 2691; x_wconf 84' lang='lat' dir='ltr'>transferendum</span> <span class='ocrx_word' id='word_1_578' title='bbox 882 2661 924 2690; x_wconf 84' lang='lat' dir='ltr'>vel</span> <span class='ocrx_word' id='word_1_579' title='bbox 946 2661 1151 2692; x_wconf 86' lang='lat' dir='ltr'>traducendum</span> <span class='ocrx_word' id='word_1_580' title='bbox 1174 2663 1275 2701; x_wconf 82' lang='lat' dir='ltr'>aliquas</span> 
     </span>
     <span class='ocr_line' id='line_1_69' title="bbox 223 2699 1272 2737; baseline -0.002 -3"><span class='ocrx_word' id='word_1_581' title='bbox 223 2704 327 2734; x_wconf 76' lang='lat' dir='ltr'>Naves</span> <span class='ocrx_word' id='word_1_582' title='bbox 353 2702 463 2732; x_wconf 81' lang='lat' dir='ltr'>Merces</span> <span class='ocrx_word' id='word_1_583' title='bbox 484 2700 714 2736; x_wconf 61' lang='lat' dir='ltr'>Manufactuias,</span> <span class='ocrx_word' id='word_1_584' title='bbox 739 2699 782 2729; x_wconf 89' lang='lat' dir='ltr'>vel</span> <span class='ocrx_word' id='word_1_585' title='bbox 803 2700 910 2737; x_wconf 72' lang='lat' dir='ltr'>qu-evis</span> <span class='ocrx_word' id='word_1_586' title='bbox 933 2699 983 2729; x_wconf 74' lang='lat' dir='ltr'>ali-2</span> <span class='ocrx_word' id='word_1_587' title='bbox 1004 2709 1038 2730; x_wconf 81' lang='lat' dir='ltr'>ex</span> <span class='ocrx_word' id='word_1_588' title='bbox 1062 2699 1215 2731; x_wconf 81' lang='lat' dir='ltr'>Hollandia</span> <span class='ocrx_word' id='word_1_589' title='bbox 1240 2712 1272 2732; x_wconf 88' lang='lat' dir='ltr'>ac</span> 
     </span>
     <span class='ocr_line' id='line_1_70' title="bbox 225 2737 1274 2781; baseline -0.004 -8"><span class='ocrx_word' id='word_1_590' title='bbox 225 2741 363 2773; x_wconf 84' lang='lat' dir='ltr'>Zelandia</span> <span class='ocrx_word' id='word_1_591' title='bbox 379 2742 407 2770; x_wconf 90' lang='lat' dir='ltr'>iri</span> <span class='ocrx_word' id='word_1_592' title='bbox 422 2739 583 2777; x_wconf 79' lang='lat' dir='ltr'>Hispanias,</span> <span class='ocrx_word' id='word_1_593' title='bbox 602 2748 635 2769; x_wconf 89' lang='lat' dir='ltr'>ac</span> <span class='ocrx_word' id='word_1_594' title='bbox 652 2738 700 2768; x_wconf 87' lang='lat' dir='ltr'>alia</span> <span class='ocrx_word' id='word_1_595' title='bbox 715 2737 815 2781; x_wconf 74' lang='lat' dir='ltr'>Regna</span> <span class='ocrx_word' id='word_1_596' title='bbox 830 2738 862 2768; x_wconf 71' lang='grc' dir='ltr'>δε</span> <span class='ocrx_word' id='word_1_597' title='bbox 882 2737 1023 2767; x_wconf 69' lang='lat' dir='ltr'>Dominis</span> <span class='ocrx_word' id='word_1_598' title='bbox 1035 2738 1115 2773; x_wconf 86' lang='lat' dir='ltr'>ipfius</span> <span class='ocrx_word' id='word_1_599' title='bbox 1130 2738 1274 2769; x_wconf 80' lang='lat' dir='ltr'>Serenisii-</span> 
     </span>
     <span class='ocr_line' id='line_1_71' title="bbox 221 2775 1275 2818; baseline -0.001 -9"><span class='ocrx_word' id='word_1_600' title='bbox 221 2781 262 2811; x_wconf 89' lang='lat' dir='ltr'>mi</span> <span class='ocrx_word' id='word_1_601' title='bbox 281 2783 358 2817; x_wconf 84' lang='lat' dir='ltr'>Regis</span> <span class='ocrx_word' id='word_1_602' title='bbox 382 2778 578 2818; x_wconf 70' lang='lat' dir='ltr'>Hispaiiarum</span> <span class='ocrx_word' id='word_1_603' title='bbox 598 2778 631 2807; x_wconf 68' lang='grc' dir='ltr'>ὅ(</span> <span class='ocrx_word' id='word_1_604' title='bbox 653 2776 900 2806; x_wconf 83' lang='lat' dir='ltr'>Sereniiiimorum</span> <span class='ocrx_word' id='word_1_605' title='bbox 922 2775 1125 2813; x_wconf 70' lang='lat' dir='ltr'>Arrhidaeum,</span> <span class='ocrx_word' id='word_1_606' title='bbox 1150 2787 1204 2808; x_wconf 86' lang='lat' dir='ltr'>nec</span> <span class='ocrx_word' id='word_1_607' title='bbox 1226 2779 1275 2808; x_wconf 84' lang='lat' dir='ltr'>ali-</span> 
     </span>
     <span class='ocr_line' id='line_1_72' title="bbox 224 2813 1276 2858; baseline -0.004 -8"><span class='ocrx_word' id='word_1_608' title='bbox 224 2828 311 2858; x_wconf 89' lang='lat' dir='ltr'>quem</span> <span class='ocrx_word' id='word_1_609' title='bbox 335 2816 529 2847; x_wconf 80' lang='lat' dir='ltr'>Mercatorem</span> <span class='ocrx_word' id='word_1_610' title='bbox 552 2814 720 2845; x_wconf 74' lang='lat' dir='ltr'>Hollandum</span> <span class='ocrx_word' id='word_1_611' title='bbox 738 2814 784 2844; x_wconf 91' lang='lat' dir='ltr'>vel</span> <span class='ocrx_word' id='word_1_612' title='bbox 807 2813 961 2843; x_wconf 75' lang='lat' dir='ltr'>Zelandum</span> <span class='ocrx_word' id='word_1_613' title='bbox 985 2816 1013 2844; x_wconf 90' lang='lat' dir='ltr'>in</span> <span class='ocrx_word' id='word_1_614' title='bbox 1029 2815 1078 2844; x_wconf 90' lang='lat' dir='ltr'>suis</span> <span class='ocrx_word' id='word_1_615' title='bbox 1093 2815 1224 2846; x_wconf 83' lang='lat' dir='ltr'>Navibus</span> <span class='ocrx_word' id='word_1_616' title='bbox 1234 2817 1276 2847; x_wconf 92' lang='lat' dir='ltr'>le—</span> 
     </span>
     <span class='ocr_line' id='line_1_73' title="bbox 223 2851 1275 2891; baseline -0.001 -5"><span class='ocrx_word' id='word_1_617' title='bbox 223 2857 300 2887; x_wconf 80' lang='lat' dir='ltr'>vnbit</span> <span class='ocrx_word' id='word_1_618' title='bbox 315 2856 348 2886; x_wconf 88' lang='lat' dir='ltr'>ad</span> <span class='ocrx_word' id='word_1_619' title='bbox 364 2855 450 2886; x_wconf 43' lang='lat' dir='ltr'>dieta</span> <span class='ocrx_word' id='word_1_620' title='bbox 461 2855 555 2885; x_wconf 80' lang='lat' dir='ltr'>Partes</span> <span class='ocrx_word' id='word_1_621' title='bbox 569 2853 618 2884; x_wconf 85' lang='lat' dir='ltr'>sub</span> <span class='ocrx_word' id='word_1_622' title='bbox 634 2853 726 2883; x_wconf 69' lang='lat' dir='ltr'>Poena</span> <span class='ocrx_word' id='word_1_623' title='bbox 739 2852 943 2891; x_wconf 83' lang='lat' dir='ltr'>indignationis</span> <span class='ocrx_word' id='word_1_624' title='bbox 960 2851 1096 2890; x_wconf 87' lang='lat' dir='ltr'>Principis</span> <span class='ocrx_word' id='word_1_625' title='bbox 1113 2853 1146 2884; x_wconf 67' lang='lat' dir='ltr'>&amp;c</span> <span class='ocrx_word' id='word_1_626' title='bbox 1160 2855 1275 2885; x_wconf 87' lang='lat' dir='ltr'>aliarum</span> 
     </span>
     <span class='ocr_line' id='line_1_74' title="bbox 223 2890 1274 2932; baseline -0.002 -7"><span class='ocrx_word' id='word_1_627' title='bbox 223 2896 381 2927; x_wconf 85' lang='lat' dir='ltr'>Poenarum</span> <span class='ocrx_word' id='word_1_628' title='bbox 404 2893 661 2932; x_wconf 84' lang='lat' dir='ltr'>Contemptoribus</span> <span class='ocrx_word' id='word_1_629' title='bbox 681 2891 884 2921; x_wconf 83' lang='lat' dir='ltr'>Mandatorurn</span> <span class='ocrx_word' id='word_1_630' title='bbox 905 2890 1065 2930; x_wconf 84' lang='lat' dir='ltr'>Regiorum</span> <span class='ocrx_word' id='word_1_631' title='bbox 1089 2892 1274 2930; x_wconf 63' lang='lat' dir='ltr'>indidiarum&#39;,</span> 
     </span>
     <span class='ocr_line' id='line_1_75' title="bbox 226 2929 1278 2971; baseline -0.003 -7"><span class='ocrx_word' id='word_1_632' title='bbox 226 2933 263 2964; x_wconf 89' lang='lat' dir='ltr'>Et</span> <span class='ocrx_word' id='word_1_633' title='bbox 285 2933 319 2962; x_wconf 84' lang='lat' dir='ltr'>ad</span> <span class='ocrx_word' id='word_1_634' title='bbox 343 2931 499 2969; x_wconf 60' lang='lat' dir='ltr'>effeetum,</span> <span class='ocrx_word' id='word_1_635' title='bbox 517 2940 547 2962; x_wconf 93' lang='lat' dir='ltr'>ut</span> <span class='ocrx_word' id='word_1_636' title='bbox 567 2931 653 2969; x_wconf 87' lang='lat' dir='ltr'>magis</span> <span class='ocrx_word' id='word_1_637' title='bbox 673 2938 790 2971; x_wconf 61' lang='lat' dir='ltr'>§autum</span> <span class='ocrx_word' id='word_1_638' title='bbox 808 2929 838 2959; x_wconf 82' lang='lat' dir='ltr'>iit</span> <span class='ocrx_word' id='word_1_639' title='bbox 858 2930 896 2959; x_wconf 84' lang='lat' dir='ltr'>ne</span> <span class='ocrx_word' id='word_1_640' title='bbox 910 2929 1020 2960; x_wconf 85' lang='lat' dir='ltr'>fraudes</span> <span class='ocrx_word' id='word_1_641' title='bbox 1033 2929 1177 2967; x_wconf 60' lang='lat' dir='ltr'>sequantur</span> <span class='ocrx_word' id='word_1_642' title='bbox 1188 2932 1229 2961; x_wconf 93' lang='lat' dir='ltr'>ob</span> <span class='ocrx_word' id='word_1_643' title='bbox 1245 2932 1278 2966; x_wconf 61' lang='lat' dir='ltr'>fi?</span> 
     </span>
     <span class='ocr_line' id='line_1_76' title="bbox 227 2965 1278 3008; baseline 0 -8"><span class='ocrx_word' id='word_1_644' title='bbox 227 2970 416 3002; x_wconf 87' lang='lat' dir='ltr'>militudinem</span> <span class='ocrx_word' id='word_1_645' title='bbox 438 2969 596 3006; x_wconf 76' lang='lat' dir='ltr'>Mercium,</span> <span class='ocrx_word' id='word_1_646' title='bbox 615 2969 739 3008; x_wconf 73' lang='lat' dir='ltr'>praetenti</span> <span class='ocrx_word' id='word_1_647' title='bbox 753 2965 890 3004; x_wconf 90' lang='lat' dir='ltr'>Capitulo</span> <span class='ocrx_word' id='word_1_648' title='bbox 907 2975 1021 2998; x_wconf 88' lang='lat' dir='ltr'>cautum</span> <span class='ocrx_word' id='word_1_649' title='bbox 1037 2968 1095 3006; x_wconf 91' lang='lat' dir='ltr'>est,</span> <span class='ocrx_word' id='word_1_650' title='bbox 1114 2977 1145 3000; x_wconf 92' lang='lat' dir='ltr'>ut</span> <span class='ocrx_word' id='word_1_651' title='bbox 1161 2968 1278 3000; x_wconf 85' lang='lat' dir='ltr'>Merces</span> 
     </span>
     <span class='ocr_line' id='line_1_77' title="bbox 225 3006 1276 3047; baseline -0.001 -8"><span class='ocrx_word' id='word_1_652' title='bbox 225 3019 261 3039; x_wconf 71' lang='lat' dir='ltr'>ex</span> <span class='ocrx_word' id='word_1_653' title='bbox 278 3009 378 3047; x_wconf 79' lang='lat' dir='ltr'>Anglia</span> <span class='ocrx_word' id='word_1_654' title='bbox 393 3008 487 3039; x_wconf 86' lang='lat' dir='ltr'>Scotia</span> <span class='ocrx_word' id='word_1_655' title='bbox 503 3007 676 3039; x_wconf 77' lang='lat' dir='ltr'>&amp;Hibernia</span> <span class='ocrx_word' id='word_1_656' title='bbox 692 3006 865 3036; x_wconf 85' lang='lat' dir='ltr'>advehendae</span> <span class='ocrx_word' id='word_1_657' title='bbox 880 3006 923 3035; x_wconf 86' lang='lat' dir='ltr'>vel</span> <span class='ocrx_word' id='word_1_658' title='bbox 935 3006 1117 3036; x_wconf 67' lang='lat' dir='ltr'>traducendae</span> <span class='ocrx_word' id='word_1_659' title='bbox 1131 3007 1164 3037; x_wconf 89' lang='lat' dir='ltr'>ad</span> <span class='ocrx_word' id='word_1_660' title='bbox 1176 3007 1276 3047; x_wconf 86' lang='lat' dir='ltr'>Regna</span> 
     </span>
     <span class='ocr_line' id='line_1_78' title="bbox 223 3043 1275 3086; baseline 0 -10"><span class='ocrx_word' id='word_1_661' title='bbox 223 3049 258 3079; x_wconf 70' lang='grc' dir='ltr'>δε</span> <span class='ocrx_word' id='word_1_662' title='bbox 278 3047 416 3077; x_wconf 75' lang='lat' dir='ltr'>Dominis</span> <span class='ocrx_word' id='word_1_663' title='bbox 430 3045 570 3076; x_wconf 64' lang='lat' dir='ltr'>didtorum</span> <span class='ocrx_word' id='word_1_664' title='bbox 583 3048 659 3081; x_wconf 81' lang='lat' dir='ltr'>Regis</span> <span class='ocrx_word' id='word_1_665' title='bbox 670 3043 864 3083; x_wconf 78' lang='lat' dir='ltr'>Hispaniarum</span> <span class='ocrx_word' id='word_1_666' title='bbox 879 3044 912 3074; x_wconf 88' lang='lat'>&amp;</span> <span class='ocrx_word' id='word_1_667' title='bbox 926 3043 1121 3085; x_wconf 79' lang='lat' dir='ltr'>Archiducum,</span> <span class='ocrx_word' id='word_1_668' title='bbox 1140 3045 1275 3086; x_wconf 84' lang='lat' dir='ltr'>Registro</span> 
     </span>
     <span class='ocr_line' id='line_1_79' title="bbox 224 3082 1275 3123; baseline -0.001 -7"><span class='ocrx_word' id='word_1_669' title='bbox 224 3085 310 3116; x_wconf 79' lang='lat' dir='ltr'>Viiiae</span> <span class='ocrx_word' id='word_1_670' title='bbox 330 3085 373 3115; x_wconf 88' lang='lat' dir='ltr'>seu</span> <span class='ocrx_word' id='word_1_671' title='bbox 393 3083 539 3121; x_wconf 86' lang='lat' dir='ltr'>Civitatis,</span> <span class='ocrx_word' id='word_1_672' title='bbox 557 3094 589 3113; x_wconf 89' lang='lat' dir='ltr'>ac</span> <span class='ocrx_word' id='word_1_673' title='bbox 604 3083 701 3121; x_wconf 86' lang='lat' dir='ltr'>Sigillo</span> <span class='ocrx_word' id='word_1_674' title='bbox 720 3092 753 3112; x_wconf 87' lang='lat' dir='ltr'>ex</span> <span class='ocrx_word' id='word_1_675' title='bbox 768 3092 822 3120; x_wconf 89' lang='lat' dir='ltr'>qua</span> <span class='ocrx_word' id='word_1_676' title='bbox 838 3082 1005 3113; x_wconf 88' lang='lat' dir='ltr'>levabuntur</span> <span class='ocrx_word' id='word_1_677' title='bbox 1018 3083 1218 3123; x_wconf 85' lang='lat' dir='ltr'>obsignentur,</span> <span class='ocrx_word' id='word_1_678' title='bbox 1234 3095 1275 3115; x_wconf 89' lang='lat' dir='ltr'>at-</span> 
     </span>
     <span class='ocr_line' id='line_1_80' title="bbox 225 3120 1274 3162; baseline -0.001 -8"><span class='ocrx_word' id='word_1_679' title='bbox 225 3134 282 3161; x_wconf 89' lang='lat' dir='ltr'>que</span> <span class='ocrx_word' id='word_1_680' title='bbox 301 3125 337 3153; x_wconf 88' lang='lat' dir='ltr'>ita</span> <span class='ocrx_word' id='word_1_681' title='bbox 357 3121 507 3162; x_wconf 84' lang='lat' dir='ltr'>registratae</span> <span class='ocrx_word' id='word_1_682' title='bbox 531 3123 563 3153; x_wconf 87' lang='lat'>&amp;</span> <span class='ocrx_word' id='word_1_683' title='bbox 584 3121 754 3159; x_wconf 80' lang='lat' dir='ltr'>obsignatae,</span> <span class='ocrx_word' id='word_1_684' title='bbox 772 3122 828 3152; x_wconf 87' lang='lat' dir='ltr'>fine</span> <span class='ocrx_word' id='word_1_685' title='bbox 849 3120 1013 3151; x_wconf 88' lang='lat' dir='ltr'>difficultate</span> <span class='ocrx_word' id='word_1_686' title='bbox 1028 3122 1118 3159; x_wconf 84' lang='lat' dir='ltr'>aliqua</span> <span class='ocrx_word' id='word_1_687' title='bbox 1136 3132 1179 3152; x_wconf 87' lang='lat' dir='ltr'>aut</span> <span class='ocrx_word' id='word_1_688' title='bbox 1197 3133 1274 3161; x_wconf 81' lang='lat' dir='ltr'>qiiae-</span> 
     </span>
     <span class='ocr_line' id='line_1_81' title="bbox 225 3158 1275 3199; baseline 0 -8"><span class='ocrx_word' id='word_1_689' title='bbox 225 3163 315 3192; x_wconf 87' lang='lat' dir='ltr'>stione</span> <span class='ocrx_word' id='word_1_690' title='bbox 330 3171 498 3199; x_wconf 87' lang='lat' dir='ltr'>quacunque</span> <span class='ocrx_word' id='word_1_691' title='bbox 515 3170 565 3198; x_wconf 87' lang='lat' dir='ltr'>pro</span> <span class='ocrx_word' id='word_1_692' title='bbox 579 3159 746 3196; x_wconf 85' lang='lat' dir='ltr'>Anglicanis</span> <span class='ocrx_word' id='word_1_693' title='bbox 758 3158 882 3191; x_wconf 89' lang='lat' dir='ltr'>Scoticis</span> <span class='ocrx_word' id='word_1_694' title='bbox 895 3158 1095 3190; x_wconf 83' lang='lat' dir='ltr'>&amp;Hibernicis</span> <span class='ocrx_word' id='word_1_695' title='bbox 1110 3160 1275 3199; x_wconf 81' lang='lat' dir='ltr'>habeantur,</span> 
     </span>
     <span class='ocr_line' id='line_1_82' title="bbox 225 3197 1276 3237; baseline -0.002 -6"><span class='ocrx_word' id='word_1_696' title='bbox 225 3202 258 3231; x_wconf 87' lang='lat'>&amp;</span> <span class='ocrx_word' id='word_1_697' title='bbox 280 3199 433 3237; x_wconf 71' lang='lat' dir='ltr'>respecstive</span> <span class='ocrx_word' id='word_1_698' title='bbox 450 3200 528 3237; x_wconf 82' lang='lat' dir='ltr'>juxta</span> <span class='ocrx_word' id='word_1_699' title='bbox 551 3198 774 3236; x_wconf 86' lang='lat' dir='ltr'>obfignationem</span> <span class='ocrx_word' id='word_1_700' title='bbox 795 3197 1000 3235; x_wconf 84' lang='lat' dir='ltr'>approbentur,</span> <span class='ocrx_word' id='word_1_701' title='bbox 1014 3197 1086 3228; x_wconf 71' lang='lat' dir='ltr'>salva</span> <span class='ocrx_word' id='word_1_702' title='bbox 1109 3199 1276 3237; x_wconf 90' lang='lat' dir='ltr'>probatione</span> 
     </span>
     <span class='ocr_line' id='line_1_83' title="bbox 225 3234 1275 3278; baseline 0 -10"><span class='ocrx_word' id='word_1_703' title='bbox 225 3238 356 3274; x_wconf 76' lang='lat' dir='ltr'>Fraudis,</span> <span class='ocrx_word' id='word_1_704' title='bbox 374 3248 434 3268; x_wconf 89' lang='lat' dir='ltr'>non</span> <span class='ocrx_word' id='word_1_705' title='bbox 448 3237 585 3267; x_wconf 84' lang='lat' dir='ltr'>retardato</span> <span class='ocrx_word' id='word_1_706' title='bbox 598 3245 692 3267; x_wconf 87' lang='lat' dir='ltr'>tamen</span> <span class='ocrx_word' id='word_1_707' title='bbox 708 3245 760 3266; x_wconf 89' lang='lat' dir='ltr'>nec</span> <span class='ocrx_word' id='word_1_708' title='bbox 777 3235 915 3278; x_wconf 80' lang='lat' dir='ltr'>impedito</span> <span class='ocrx_word' id='word_1_709' title='bbox 930 3234 1020 3265; x_wconf 91' lang='lat' dir='ltr'>Cursu</span> <span class='ocrx_word' id='word_1_710' title='bbox 1036 3235 1202 3276; x_wconf 72' lang='lat' dir='ltr'>Mercium,</span> <span class='ocrx_word' id='word_1_711' title='bbox 1221 3238 1275 3268; x_wconf 87' lang='lat' dir='ltr'>illae</span> 
     </span>
     <span class='ocr_line' id='line_1_84' title="bbox 226 3273 1275 3313; baseline -0.002 -6"><span class='ocrx_word' id='word_1_712' title='bbox 226 3279 297 3307; x_wconf 81' lang='lat' dir='ltr'>vero</span> <span class='ocrx_word' id='word_1_713' title='bbox 320 3276 435 3306; x_wconf 87' lang='lat' dir='ltr'>Merces</span> <span class='ocrx_word' id='word_1_714' title='bbox 454 3285 518 3313; x_wconf 86' lang='lat' dir='ltr'>quae</span> <span class='ocrx_word' id='word_1_715' title='bbox 541 3284 594 3305; x_wconf 88' lang='lat' dir='ltr'>nec</span> <span class='ocrx_word' id='word_1_716' title='bbox 617 3273 764 3312; x_wconf 85' lang='lat' dir='ltr'>registratae</span> <span class='ocrx_word' id='word_1_717' title='bbox 781 3283 835 3304; x_wconf 87' lang='lat' dir='ltr'>nec</span> <span class='ocrx_word' id='word_1_718' title='bbox 853 3274 973 3312; x_wconf 74' lang='lat' dir='ltr'>sigillatae</span> <span class='ocrx_word' id='word_1_719' title='bbox 986 3273 1106 3312; x_wconf 90' lang='lat' dir='ltr'>fuerint,</span> <span class='ocrx_word' id='word_1_720' title='bbox 1126 3275 1229 3307; x_wconf 89' lang='lat' dir='ltr'>cadant</span> <span class='ocrx_word' id='word_1_721' title='bbox 1245 3276 1275 3306; x_wconf 91' lang='lat' dir='ltr'>in</span> 
     </span>
     <span class='ocr_line' id='line_1_85' title="bbox 226 3311 1275 3353; baseline -0.001 -8"><span class='ocrx_word' id='word_1_722' title='bbox 226 3314 489 3353; x_wconf 81' lang='lat' dir='ltr'>confiscationem,</span> <span class='ocrx_word' id='word_1_723' title='bbox 508 3314 541 3344; x_wconf 89' lang='lat'>&amp;</span> <span class='ocrx_word' id='word_1_724' title='bbox 560 3314 625 3351; x_wconf 88' lang='lat' dir='ltr'>sint,</span> <span class='ocrx_word' id='word_1_725' title='bbox 645 3322 675 3342; x_wconf 93' lang='lat' dir='ltr'>ut</span> <span class='ocrx_word' id='word_1_726' title='bbox 689 3312 808 3349; x_wconf 89' lang='lat' dir='ltr'>dicitur,</span> <span class='ocrx_word' id='word_1_727' title='bbox 827 3312 863 3341; x_wconf 89' lang='lat' dir='ltr'>de</span> <span class='ocrx_word' id='word_1_728' title='bbox 879 3313 953 3342; x_wconf 86' lang='lat' dir='ltr'>bona</span> <span class='ocrx_word' id='word_1_729' title='bbox 971 3311 1084 3351; x_wconf 76' lang='lat' dir='ltr'>Praeda,</span> <span class='ocrx_word' id='word_1_730' title='bbox 1103 3313 1135 3343; x_wconf 65' lang='grc' dir='ltr'>ὃς</span> <span class='ocrx_word' id='word_1_731' title='bbox 1152 3314 1275 3344; x_wconf 89' lang='lat' dir='ltr'>fimiliter</span> 
     </span>
     <span class='ocr_line' id='line_1_86' title="bbox 226 3350 1277 3391; baseline 0 -8"><span class='ocrx_word' id='word_1_732' title='bbox 226 3363 327 3383; x_wconf 88' lang='lat' dir='ltr'>omnes</span> <span class='ocrx_word' id='word_1_733' title='bbox 345 3351 479 3382; x_wconf 82' lang='lat' dir='ltr'>Hollandi</span> <span class='ocrx_word' id='word_1_734' title='bbox 498 3353 529 3382; x_wconf 69' lang='grc' dir='ltr'>ὅ(</span> <span class='ocrx_word' id='word_1_735' title='bbox 547 3350 665 3381; x_wconf 81' lang='lat' dir='ltr'>Zelandi</span> <span class='ocrx_word' id='word_1_736' title='bbox 677 3351 726 3388; x_wconf 89' lang='lat' dir='ltr'>qui</span> <span class='ocrx_word' id='word_1_737' title='bbox 742 3351 770 3380; x_wconf 87' lang='lat' dir='ltr'>in</span> <span class='ocrx_word' id='word_1_738' title='bbox 785 3350 868 3381; x_wconf 68' lang='lat' dir='ltr'>dietis</span> <span class='ocrx_word' id='word_1_739' title='bbox 882 3350 1016 3382; x_wconf 87' lang='lat' dir='ltr'>Navibus</span> <span class='ocrx_word' id='word_1_740' title='bbox 1028 3353 1195 3390; x_wconf 87' lang='lat' dir='ltr'>reperiantur</span> <span class='ocrx_word' id='word_1_741' title='bbox 1211 3362 1277 3391; x_wconf 84' lang='lat' dir='ltr'>pos-</span> 
     </span>
     <span class='ocr_line' id='line_1_87' title="bbox 225 3390 550 3428; baseline -0.003 -8"><span class='ocrx_word' id='word_1_742' title='bbox 225 3390 278 3420; x_wconf 83' lang='lat' dir='ltr'>sint</span> <span class='ocrx_word' id='word_1_743' title='bbox 294 3393 355 3428; x_wconf 88' lang='lat' dir='ltr'>capi</span> <span class='ocrx_word' id='word_1_744' title='bbox 371 3392 404 3423; x_wconf 87' lang='lat'>&amp;</span> <span class='ocrx_word' id='word_1_745' title='bbox 418 3390 550 3420; x_wconf 85' lang='lat' dir='ltr'>arrestari.</span> 
     </span>
    </p>

    <p class='ocr_par' dir='ltr' id='par_1_9' title="bbox 226 3425 1276 3657">
     <span class='ocr_line' id='line_1_88' title="bbox 265 3425 1276 3467; baseline 0.002 -10"><span class='ocrx_word' id='word_1_746' title='bbox 265 3427 306 3457; x_wconf 83' lang='grc' dir='ltr'>Ιτ</span> <span class='ocrx_word' id='word_1_747' title='bbox 318 3438 383 3467; x_wconf 69' lang='lat' dir='ltr'>EM,</span> <span class='ocrx_word' id='word_1_748' title='bbox 401 3429 587 3459; x_wconf 87' lang='lat' dir='ltr'>Conventum</span> <span class='ocrx_word' id='word_1_749' title='bbox 603 3425 654 3464; x_wconf 87' lang='lat' dir='ltr'>est,</span> <span class='ocrx_word' id='word_1_750' title='bbox 671 3426 750 3465; x_wconf 80' lang='lat' dir='ltr'>quod</span> <span class='ocrx_word' id='word_1_751' title='bbox 766 3425 880 3457; x_wconf 86' lang='lat' dir='ltr'>Merces</span> <span class='ocrx_word' id='word_1_752' title='bbox 895 3425 1026 3466; x_wconf 84' lang='lat' dir='ltr'>Anglicae</span> <span class='ocrx_word' id='word_1_753' title='bbox 1033 3426 1159 3458; x_wconf 85' lang='lat' dir='ltr'>Scoticae</span> <span class='ocrx_word' id='word_1_754' title='bbox 1172 3429 1202 3459; x_wconf 68' lang='grc' dir='ltr'>ὃ(</span> <span class='ocrx_word' id='word_1_755' title='bbox 1219 3428 1276 3459; x_wconf 86' lang='lat' dir='ltr'>Hi-</span> 
     </span>
     <span class='ocr_line' id='line_1_89' title="bbox 228 3464 1274 3504; baseline 0.004 -10"><span class='ocrx_word' id='word_1_756' title='bbox 228 3466 351 3496; x_wconf 83' lang='lat' dir='ltr'>bernicae</span> <span class='ocrx_word' id='word_1_757' title='bbox 373 3467 474 3504; x_wconf 81' lang='lat' dir='ltr'>possint</span> <span class='ocrx_word' id='word_1_758' title='bbox 496 3475 530 3497; x_wconf 76' lang='lat' dir='ltr'>ex</span> <span class='ocrx_word' id='word_1_759' title='bbox 558 3466 659 3504; x_wconf 90' lang='lat' dir='ltr'>Anglia</span> <span class='ocrx_word' id='word_1_760' title='bbox 684 3465 779 3495; x_wconf 89' lang='lat' dir='ltr'>Scotia</span> <span class='ocrx_word' id='word_1_761' title='bbox 798 3466 831 3496; x_wconf 72' lang='grc' dir='ltr'>δε</span> <span class='ocrx_word' id='word_1_762' title='bbox 853 3464 986 3496; x_wconf 88' lang='lat' dir='ltr'>Hibernia</span> <span class='ocrx_word' id='word_1_763' title='bbox 999 3488 1009 3504; x_wconf 87' lang='lat'>,</span> <span class='ocrx_word' id='word_1_764' title='bbox 1036 3466 1064 3495; x_wconf 93' lang='lat' dir='ltr'>in</span> <span class='ocrx_word' id='word_1_765' title='bbox 1079 3465 1226 3504; x_wconf 85' lang='lat' dir='ltr'>Hispanias</span> <span class='ocrx_word' id='word_1_766' title='bbox 1241 3477 1274 3498; x_wconf 90' lang='lat' dir='ltr'>ac</span> 
     </span>
     <span class='ocr_line' id='line_1_90' title="bbox 226 3503 1274 3544; baseline 0.002 -12"><span class='ocrx_word' id='word_1_767' title='bbox 226 3504 277 3533; x_wconf 85' lang='lat' dir='ltr'>alia</span> <span class='ocrx_word' id='word_1_768' title='bbox 301 3504 394 3541; x_wconf 82' lang='lat' dir='ltr'>Regna</span> <span class='ocrx_word' id='word_1_769' title='bbox 417 3506 486 3536; x_wconf 68' lang='lat' dir='ltr'>dieti</span> <span class='ocrx_word' id='word_1_770' title='bbox 507 3503 676 3534; x_wconf 86' lang='lat' dir='ltr'>Sereniisimi</span> <span class='ocrx_word' id='word_1_771' title='bbox 692 3507 768 3540; x_wconf 81' lang='lat' dir='ltr'>Regis</span> <span class='ocrx_word' id='word_1_772' title='bbox 782 3504 994 3542; x_wconf 70' lang='lat' dir='ltr'>Hispaniarum,</span> <span class='ocrx_word' id='word_1_773' title='bbox 1015 3503 1050 3534; x_wconf 93' lang='lat' dir='ltr'>de</span> <span class='ocrx_word' id='word_1_774' title='bbox 1065 3505 1164 3543; x_wconf 88' lang='lat' dir='ltr'>quibus</span> <span class='ocrx_word' id='word_1_775' title='bbox 1180 3504 1274 3544; x_wconf 87' lang='lat' dir='ltr'>supra,</span> 
     </span>
     <span class='ocr_line' id='line_1_91' title="bbox 228 3541 1273 3581; baseline 0.002 -10"><span class='ocrx_word' id='word_1_776' title='bbox 228 3541 374 3571; x_wconf 86' lang='lat' dir='ltr'>transmitti</span> <span class='ocrx_word' id='word_1_777' title='bbox 395 3544 427 3573; x_wconf 90' lang='lat'>&amp;</span> <span class='ocrx_word' id='word_1_778' title='bbox 447 3543 570 3580; x_wconf 81' lang='lat' dir='ltr'>traduci,</span> <span class='ocrx_word' id='word_1_779' title='bbox 588 3542 687 3581; x_wconf 87' lang='lat' dir='ltr'>absque</span> <span class='ocrx_word' id='word_1_780' title='bbox 701 3543 839 3572; x_wconf 85' lang='lat' dir='ltr'>iolutione</span> <span class='ocrx_word' id='word_1_781' title='bbox 853 3542 1002 3581; x_wconf 68' lang='lat' dir='ltr'>Veffigalis</span> <span class='ocrx_word' id='word_1_782' title='bbox 1014 3543 1123 3580; x_wconf 87' lang='lat' dir='ltr'>triginta</span> <span class='ocrx_word' id='word_1_783' title='bbox 1140 3553 1192 3581; x_wconf 89' lang='lat' dir='ltr'>pro</span> <span class='ocrx_word' id='word_1_784' title='bbox 1206 3553 1273 3573; x_wconf 92' lang='lat' dir='ltr'>cen—</span> 
     </span>
     <span class='ocr_line' id='line_1_92' title="bbox 228 3579 1271 3618; baseline 0.003 -9"><span class='ocrx_word' id='word_1_785' title='bbox 228 3587 292 3609; x_wconf 92' lang='lat' dir='ltr'>tum</span> <span class='ocrx_word' id='word_1_786' title='bbox 306 3589 394 3615; x_wconf 82' lang='lat' dir='ltr'>nuper</span> <span class='ocrx_word' id='word_1_787' title='bbox 407 3581 544 3618; x_wconf 80' lang='lat' dir='ltr'>impositi,</span> <span class='ocrx_word' id='word_1_788' title='bbox 565 3581 607 3611; x_wconf 79' lang='lat' dir='ltr'>sed</span> <span class='ocrx_word' id='word_1_789' title='bbox 622 3581 713 3611; x_wconf 89' lang='lat' dir='ltr'>solutis</span> <span class='ocrx_word' id='word_1_790' title='bbox 729 3580 842 3611; x_wconf 80' lang='lat' dir='ltr'>tantum</span> <span class='ocrx_word' id='word_1_791' title='bbox 861 3579 949 3610; x_wconf 85' lang='lat' dir='ltr'>Datiis</span> <span class='ocrx_word' id='word_1_792' title='bbox 964 3582 996 3612; x_wconf 90' lang='lat'>&amp;</span> <span class='ocrx_word' id='word_1_793' title='bbox 1010 3580 1140 3611; x_wconf 90' lang='lat' dir='ltr'>Teloniis</span> <span class='ocrx_word' id='word_1_794' title='bbox 1154 3582 1271 3612; x_wconf 88' lang='lat' dir='ltr'>consue-</span> 
     </span>
     <span class='ocr_line' id='line_1_93' title="bbox 229 3617 1114 3657; baseline 0 -9"><span class='ocrx_word' id='word_1_795' title='bbox 229 3619 264 3648; x_wconf 85' lang='lat' dir='ltr'>tis</span> <span class='ocrx_word' id='word_1_796' title='bbox 279 3626 342 3647; x_wconf 91' lang='lat' dir='ltr'>ante</span> <span class='ocrx_word' id='word_1_797' title='bbox 358 3619 521 3654; x_wconf 85' lang='lat' dir='ltr'>impositum</span> <span class='ocrx_word' id='word_1_798' title='bbox 536 3619 644 3649; x_wconf 69' lang='lat' dir='ltr'>dietum</span> <span class='ocrx_word' id='word_1_799' title='bbox 659 3617 784 3657; x_wconf 73' lang='lat' dir='ltr'>Vet‘tigal</span> <span class='ocrx_word' id='word_1_800' title='bbox 799 3619 911 3657; x_wconf 83' lang='lat' dir='ltr'>triginta</span> <span class='ocrx_word' id='word_1_801' title='bbox 925 3628 976 3657; x_wconf 89' lang='lat' dir='ltr'>pro</span> <span class='ocrx_word' id='word_1_802' title='bbox 990 3627 1114 3650; x_wconf 90' lang='lat' dir='ltr'>centum.</span> 
     </span>
    </p>

    <p class='ocr_par' dir='ltr' id='par_1_10' title="bbox 221 3654 1273 4076">
     <span class='ocr_line' id='line_1_94' title="bbox 267 3654 1273 3696; baseline 0.004 -12"><span class='ocrx_word' id='word_1_803' title='bbox 267 3654 340 3685; x_wconf 79' lang='lat' dir='ltr'>[Tr-2</span> <span class='ocrx_word' id='word_1_804' title='bbox 352 3662 376 3683; x_wconf 82' lang='lat' dir='ltr'>M</span> <span class='ocrx_word' id='word_1_805' title='bbox 392 3676 401 3691; x_wconf 86' lang='lat'>,</span> <span class='ocrx_word' id='word_1_806' title='bbox 421 3655 523 3687; x_wconf 85' lang='lat' dir='ltr'>Pariter</span> <span class='ocrx_word' id='word_1_807' title='bbox 544 3656 732 3687; x_wconf 86' lang='lat' dir='ltr'>Conventum</span> <span class='ocrx_word' id='word_1_808' title='bbox 752 3656 793 3687; x_wconf 91' lang='lat' dir='ltr'>est</span> <span class='ocrx_word' id='word_1_809' title='bbox 809 3681 818 3694; x_wconf 88' lang='lat'>,</span> <span class='ocrx_word' id='word_1_810' title='bbox 843 3656 939 3695; x_wconf 80' lang='lat' dir='ltr'>quod,</span> <span class='ocrx_word' id='word_1_811' title='bbox 965 3667 1017 3694; x_wconf 89' lang='lat' dir='ltr'>pro</span> <span class='ocrx_word' id='word_1_812' title='bbox 1040 3657 1186 3687; x_wconf 84' lang='lat' dir='ltr'>Mercibus</span> <span class='ocrx_word' id='word_1_813' title='bbox 1206 3666 1273 3696; x_wconf 90' lang='lat' dir='ltr'>quas</span> 
     </span>
     <span class='ocr_line' id='line_1_95' title="bbox 229 3691 1273 3735; baseline 0.004 -14"><span class='ocrx_word' id='word_1_814' title='bbox 229 3691 405 3722; x_wconf 65' lang='lat' dir='ltr'>mercatores</span> <span class='ocrx_word' id='word_1_815' title='bbox 418 3694 511 3735; x_wconf 27' lang='lat' dir='ltr'>*Angli</span> <span class='ocrx_word' id='word_1_816' title='bbox 533 3695 613 3725; x_wconf 88' lang='lat' dir='ltr'>Scoti</span> <span class='ocrx_word' id='word_1_817' title='bbox 634 3697 665 3725; x_wconf 87' lang='lat'>&amp;</span> <span class='ocrx_word' id='word_1_818' title='bbox 687 3695 808 3726; x_wconf 85' lang='lat' dir='ltr'>Hiberni</span> <span class='ocrx_word' id='word_1_819' title='bbox 831 3705 925 3725; x_wconf 88' lang='lat' dir='ltr'>ement</span> <span class='ocrx_word' id='word_1_820' title='bbox 949 3696 976 3724; x_wconf 87' lang='lat' dir='ltr'>in</span> <span class='ocrx_word' id='word_1_821' title='bbox 1000 3695 1139 3731; x_wconf 84' lang='lat' dir='ltr'>Hispaniis</span> <span class='ocrx_word' id='word_1_822' title='bbox 1159 3694 1203 3726; x_wconf 88' lang='lat' dir='ltr'>vel</span> <span class='ocrx_word' id='word_1_823' title='bbox 1218 3697 1273 3726; x_wconf 90' lang='lat' dir='ltr'>aliis</span> 
     </span>
     <span class='ocr_line' id='line_1_96' title="bbox 229 3729 1271 3773; baseline 0.005 -14"><span class='ocrx_word' id='word_1_824' title='bbox 229 3729 338 3773; x_wconf 81' lang='lat' dir='ltr'>Regnis</span> <span class='ocrx_word' id='word_1_825' title='bbox 355 3731 424 3760; x_wconf 60' lang='lat' dir='ltr'>dieii</span> <span class='ocrx_word' id='word_1_826' title='bbox 446 3731 614 3763; x_wconf 85' lang='lat' dir='ltr'>Sereniffimi</span> <span class='ocrx_word' id='word_1_827' title='bbox 627 3736 703 3770; x_wconf 81' lang='lat' dir='ltr'>Regis</span> <span class='ocrx_word' id='word_1_828' title='bbox 719 3732 930 3773; x_wconf 77' lang='lat' dir='ltr'>Hispaniarum,</span> <span class='ocrx_word' id='word_1_829' title='bbox 949 3733 981 3763; x_wconf 71' lang='grc' dir='ltr'>δε</span> <span class='ocrx_word' id='word_1_830' title='bbox 997 3734 1025 3762; x_wconf 90' lang='lat' dir='ltr'>in</span> <span class='ocrx_word' id='word_1_831' title='bbox 1041 3734 1156 3771; x_wconf 87' lang='lat' dir='ltr'>propriis</span> <span class='ocrx_word' id='word_1_832' title='bbox 1171 3743 1271 3764; x_wconf 88' lang='lat' dir='ltr'>eorum</span> 
     </span>
     <span class='ocr_line' id='line_1_97' title="bbox 228 3767 1273 3811; baseline 0.004 -14"><span class='ocrx_word' id='word_1_833' title='bbox 228 3767 362 3811; x_wconf 74' lang='lat' dir='ltr'>Navibus</span> <span class='ocrx_word' id='word_1_834' title='bbox 385 3769 429 3797; x_wconf 89' lang='lat' dir='ltr'>vel</span> <span class='ocrx_word' id='word_1_835' title='bbox 444 3770 592 3801; x_wconf 58' lang='lat' dir='ltr'>conduCtis</span> <span class='ocrx_word' id='word_1_836' title='bbox 609 3772 651 3801; x_wconf 79' lang='lat' dir='ltr'>vel</span> <span class='ocrx_word' id='word_1_837' title='bbox 673 3772 864 3801; x_wconf 89' lang='lat' dir='ltr'>commodatis</span> <span class='ocrx_word' id='word_1_838' title='bbox 884 3771 917 3801; x_wconf 88' lang='lat' dir='ltr'>ad</span> <span class='ocrx_word' id='word_1_839' title='bbox 938 3781 1038 3802; x_wconf 90' lang='lat' dir='ltr'>eorum</span> <span class='ocrx_word' id='word_1_840' title='bbox 1054 3771 1133 3802; x_wconf 91' lang='lat' dir='ltr'>usum</span> <span class='ocrx_word' id='word_1_841' title='bbox 1152 3775 1273 3810; x_wconf 88' lang='lat' dir='ltr'>(excep—</span> 
     </span>
     <span class='ocr_line' id='line_1_98' title="bbox 227 3807 1273 3846; baseline 0.005 -11"><span class='ocrx_word' id='word_1_842' title='bbox 227 3814 262 3836; x_wconf 75' lang='lat' dir='ltr'>tis</span> <span class='ocrx_word' id='word_1_843' title='bbox 284 3815 394 3842; x_wconf 84' lang='lat' dir='ltr'>tamen,</span> <span class='ocrx_word' id='word_1_844' title='bbox 412 3815 442 3836; x_wconf 90' lang='lat' dir='ltr'>ut</span> <span class='ocrx_word' id='word_1_845' title='bbox 463 3807 582 3846; x_wconf 90' lang='lat' dir='ltr'>superius</span> <span class='ocrx_word' id='word_1_846' title='bbox 602 3809 711 3839; x_wconf 64' lang='lat' dir='ltr'>dietum</span> <span class='ocrx_word' id='word_1_847' title='bbox 724 3809 782 3845; x_wconf 88' lang='lat' dir='ltr'>est,</span> <span class='ocrx_word' id='word_1_848' title='bbox 801 3809 935 3840; x_wconf 87' lang='lat' dir='ltr'>Navibus</span> <span class='ocrx_word' id='word_1_849' title='bbox 949 3809 1152 3840; x_wconf 84' lang='lat' dir='ltr'>Holandorum</span> <span class='ocrx_word' id='word_1_850' title='bbox 1165 3810 1198 3840; x_wconf 91' lang='lat'>&amp;</span> <span class='ocrx_word' id='word_1_851' title='bbox 1213 3810 1273 3841; x_wconf 93' lang='lat' dir='ltr'>Ze-</span> 
     </span>
     <span class='ocr_line' id='line_1_99' title="bbox 226 3843 1272 3888; baseline 0.007 -16"><span class='ocrx_word' id='word_1_852' title='bbox 226 3843 393 3887; x_wconf 78' lang='lat' dir='ltr'>landorum)</span> <span class='ocrx_word' id='word_1_853' title='bbox 413 3844 559 3888; x_wconf 80' lang='lat' dir='ltr'>levabunt,</span> <span class='ocrx_word' id='word_1_854' title='bbox 577 3846 683 3877; x_wconf 87' lang='lat' dir='ltr'>solvant</span> <span class='ocrx_word' id='word_1_855' title='bbox 703 3848 815 3878; x_wconf 76' lang='lat' dir='ltr'>tantum</span> <span class='ocrx_word' id='word_1_856' title='bbox 830 3847 915 3878; x_wconf 88' lang='lat' dir='ltr'>Datia</span> <span class='ocrx_word' id='word_1_857' title='bbox 929 3848 1059 3878; x_wconf 86' lang='lat' dir='ltr'>consueta</span> <span class='ocrx_word' id='word_1_858' title='bbox 1075 3856 1140 3880; x_wconf 90' lang='lat' dir='ltr'>ante</span> <span class='ocrx_word' id='word_1_859' title='bbox 1157 3848 1272 3885; x_wconf 84' lang='lat' dir='ltr'>[mposi-</span> 
     </span>
     <span class='ocr_line' id='line_1_100' title="bbox 225 3881 1273 3925; baseline 0.004 -13"><span class='ocrx_word' id='word_1_860' title='bbox 225 3890 338 3912; x_wconf 85' lang='lat' dir='ltr'>nonem</span> <span class='ocrx_word' id='word_1_861' title='bbox 360 3881 429 3911; x_wconf 63' lang='lat' dir='ltr'>dicon</span> <span class='ocrx_word' id='word_1_862' title='bbox 444 3883 581 3914; x_wconf 89' lang='lat' dir='ltr'>novissimi</span> <span class='ocrx_word' id='word_1_863' title='bbox 597 3884 745 3925; x_wconf 64' lang='lat' dir='ltr'>Vedtigalis</span> <span class='ocrx_word' id='word_1_864' title='bbox 758 3886 875 3921; x_wconf 77' lang='lat' dir='ltr'>triginta</span> <span class='ocrx_word' id='word_1_865' title='bbox 890 3896 943 3924; x_wconf 89' lang='lat' dir='ltr'>pro</span> <span class='ocrx_word' id='word_1_866' title='bbox 955 3895 1093 3924; x_wconf 87' lang='lat' dir='ltr'>centum,</span> <span class='ocrx_word' id='word_1_867' title='bbox 1112 3885 1202 3917; x_wconf 90' lang='lat' dir='ltr'>modo</span> <span class='ocrx_word' id='word_1_868' title='bbox 1215 3887 1273 3916; x_wconf 88' lang='lat' dir='ltr'>illas</span> 
     </span>
     <span class='ocr_line' id='line_1_101' title="bbox 227 3918 1272 3962; baseline 0.005 -13"><span class='ocrx_word' id='word_1_869' title='bbox 227 3918 344 3949; x_wconf 89' lang='lat' dir='ltr'>Merces</span> <span class='ocrx_word' id='word_1_870' title='bbox 364 3919 525 3951; x_wconf 85' lang='lat' dir='ltr'>conducant</span> <span class='ocrx_word' id='word_1_871' title='bbox 547 3923 581 3952; x_wconf 73' lang='grc' dir='ltr'>δε</span> <span class='ocrx_word' id='word_1_872' title='bbox 601 3922 725 3954; x_wconf 80' lang='lat' dir='ltr'>deferant</span> <span class='ocrx_word' id='word_1_873' title='bbox 745 3923 779 3954; x_wconf 89' lang='lat' dir='ltr'>ad</span> <span class='ocrx_word' id='word_1_874' title='bbox 794 3923 898 3959; x_wconf 82' lang='lat' dir='ltr'>Regna</span> <span class='ocrx_word' id='word_1_875' title='bbox 919 3923 989 3953; x_wconf 67' lang='lat' dir='ltr'>dieti</span> <span class='ocrx_word' id='word_1_876' title='bbox 1009 3923 1179 3954; x_wconf 85' lang='lat' dir='ltr'>Sereniffimi</span> <span class='ocrx_word' id='word_1_877' title='bbox 1193 3928 1272 3962; x_wconf 84' lang='lat' dir='ltr'>Regis</span> 
     </span>
     <span class='ocr_line' id='line_1_102' title="bbox 224 3957 1273 4002; baseline 0.005 -16"><span class='ocrx_word' id='word_1_878' title='bbox 224 3957 356 3995; x_wconf 73' lang='lat' dir='ltr'>Angliae,</span> <span class='ocrx_word' id='word_1_879' title='bbox 375 3957 418 3987; x_wconf 87' lang='lat' dir='ltr'>ve!</span> <span class='ocrx_word' id='word_1_880' title='bbox 432 3958 465 3987; x_wconf 88' lang='lat' dir='ltr'>ad</span> <span class='ocrx_word' id='word_1_881' title='bbox 480 3957 580 4002; x_wconf 77' lang='lat' dir='ltr'>Portus</span> <span class='ocrx_word' id='word_1_882' title='bbox 592 3960 804 3991; x_wconf 86' lang='lat' dir='ltr'>Provinciarum</span> <span class='ocrx_word' id='word_1_883' title='bbox 818 3962 899 3991; x_wconf 70' lang='lat' dir='ltr'>dietis</span> <span class='ocrx_word' id='word_1_884' title='bbox 914 3961 1094 3992; x_wconf 87' lang='lat' dir='ltr'>Sereniffimis</span> <span class='ocrx_word' id='word_1_885' title='bbox 1107 3962 1273 3993; x_wconf 83' lang='lat' dir='ltr'>Archiduci-</span> 
     </span>
     <span class='ocr_line' id='line_1_103' title="bbox 222 3996 1271 4039; baseline 0.007 -15"><span class='ocrx_word' id='word_1_886' title='bbox 222 3996 270 4039; x_wconf 65' lang='lat' dir='ltr'>hirs</span> <span class='ocrx_word' id='word_1_887' title='bbox 291 3996 566 4035; x_wconf 72' lang='lat' dir='ltr'>obtemperantium,</span> <span class='ocrx_word' id='word_1_888' title='bbox 587 3996 624 4028; x_wconf 88' lang='lat' dir='ltr'>Et</span> <span class='ocrx_word' id='word_1_889' title='bbox 640 3999 672 4027; x_wconf 91' lang='lat' dir='ltr'>ad</span> <span class='ocrx_word' id='word_1_890' title='bbox 696 3999 795 4029; x_wconf 82' lang='lat' dir='ltr'>Finem</span> <span class='ocrx_word' id='word_1_891' title='bbox 813 4000 850 4029; x_wconf 76' lang='lat' dir='ltr'>ne</span> <span class='ocrx_word' id='word_1_892' title='bbox 874 3999 992 4029; x_wconf 88' lang='lat' dir='ltr'>Fraudes</span> <span class='ocrx_word' id='word_1_893' title='bbox 1008 4000 1170 4038; x_wconf 90' lang='lat' dir='ltr'>sequantur,</span> <span class='ocrx_word' id='word_1_894' title='bbox 1186 4000 1219 4031; x_wconf 76' lang='grc' dir='ltr'>δε</span> <span class='ocrx_word' id='word_1_895' title='bbox 1234 4002 1271 4031; x_wconf 79' lang='lat' dir='ltr'>ne</span> 
     </span>
     <span class='ocr_line' id='line_1_104' title="bbox 221 4033 1272 4076; baseline 0.007 -12"><span class='ocrx_word' id='word_1_896' title='bbox 221 4034 308 4065; x_wconf 75' lang='lat' dir='ltr'>dit&#39;iae</span> <span class='ocrx_word' id='word_1_897' title='bbox 329 4033 445 4065; x_wconf 83' lang='lat' dir='ltr'>Merces</span> <span class='ocrx_word' id='word_1_898' title='bbox 459 4034 494 4064; x_wconf 82' lang='lat' dir='ltr'>ad</span> <span class='ocrx_word' id='word_1_899' title='bbox 509 4035 558 4065; x_wconf 83' lang='lat' dir='ltr'>alia</span> <span class='ocrx_word' id='word_1_900' title='bbox 575 4035 654 4067; x_wconf 87' lang='lat' dir='ltr'>Loca</span> <span class='ocrx_word' id='word_1_901' title='bbox 670 4037 702 4068; x_wconf 63' lang='grc' dir='ltr'>ὅ(</span> <span class='ocrx_word' id='word_1_902' title='bbox 718 4036 835 4076; x_wconf 84' lang='lat' dir='ltr'>Regna,</span> <span class='ocrx_word' id='word_1_903' title='bbox 853 4038 886 4070; x_wconf 67' lang='lat'>&amp;-</span> <span class='ocrx_word' id='word_1_904' title='bbox 901 4039 929 4068; x_wconf 91' lang='lat' dir='ltr'>in</span> <span class='ocrx_word' id='word_1_905' title='bbox 944 4037 1033 4075; x_wconf 84' lang='lat' dir='ltr'>specie</span> <span class='ocrx_word' id='word_1_906' title='bbox 1047 4039 1076 4069; x_wconf 89' lang='lat' dir='ltr'>in</span> <span class='ocrx_word' id='word_1_907' title='bbox 1091 4038 1272 4071; x_wconf 80' lang='lat' dir='ltr'>Hollandiam</span> 
     </span>
    </p>
   </div>
   <div class='ocr_carea' id='block_1_6' title="bbox 1304 152 1964 208">
    <p class='ocr_par' dir='ltr' id='par_1_11' title="bbox 1304 152 1964 208">
     <span class='ocr_line' id='line_1_105' title="bbox 1304 152 1964 208; baseline -0.006 -8"><span class='ocrx_word' id='word_1_908' title='bbox 1304 152 1964 208; x_wconf 82' lang='lat' dir='ltr'>NES,L·1TERAE‚</span> 
     </span>
    </p>
   </div>
   <div class='ocr_carea' id='block_1_7' title="bbox 1306 234 2374 4117">
    <p class='ocr_par' dir='ltr' id='par_1_12' title="bbox 1306 234 2367 1048">
     <span class='ocr_line' id='line_1_106' title="bbox 1312 234 2365 280; baseline -0.009 -6"><span class='ocrx_word' id='word_1_909' title='bbox 1312 246 1346 277; x_wconf 92' lang='lat'>&amp;</span> <span class='ocrx_word' id='word_1_910' title='bbox 1370 241 1551 280; x_wconf 83' lang='lat' dir='ltr'>Zelandiam,</span> <span class='ocrx_word' id='word_1_911' title='bbox 1568 239 1745 278; x_wconf 86' lang='lat' dir='ltr'>deferantur,</span> <span class='ocrx_word' id='word_1_912' title='bbox 1761 237 1930 269; x_wconf 88' lang='lat' dir='ltr'>conclusum</span> <span class='ocrx_word' id='word_1_913' title='bbox 1951 235 1992 266; x_wconf 89' lang='lat' dir='ltr'>est</span> <span class='ocrx_word' id='word_1_914' title='bbox 2007 236 2087 278; x_wconf 75' lang='lat' dir='ltr'>quod</span> <span class='ocrx_word' id='word_1_915' title='bbox 2103 234 2173 269; x_wconf 65' lang='lat' dir='ltr'>dieti</span> <span class='ocrx_word' id='word_1_916' title='bbox 2188 234 2365 270; x_wconf 77' lang='lat' dir='ltr'>Mercatores</span> 
     </span>
     <span class='ocr_line' id='line_1_107' title="bbox 1309 273 2366 320; baseline -0.007 -7"><span class='ocrx_word' id='word_1_917' title='bbox 1309 283 1336 314; x_wconf 91' lang='lat' dir='ltr'>se</span> <span class='ocrx_word' id='word_1_918' title='bbox 1349 282 1534 320; x_wconf 86' lang='lat' dir='ltr'>obligabunt,</span> <span class='ocrx_word' id='word_1_919' title='bbox 1553 288 1682 316; x_wconf 88' lang='lat' dir='ltr'>tempore</span> <span class='ocrx_word' id='word_1_920' title='bbox 1702 286 1760 317; x_wconf 91' lang='lat' dir='ltr'>quo</span> <span class='ocrx_word' id='word_1_921' title='bbox 1775 277 1935 306; x_wconf 86' lang='lat' dir='ltr'>onerabunt</span> <span class='ocrx_word' id='word_1_922' title='bbox 1947 273 2048 309; x_wconf 90' lang='lat' dir='ltr'>Naves</span> <span class='ocrx_word' id='word_1_923' title='bbox 2060 278 2090 308; x_wconf 91' lang='lat' dir='ltr'>in</span> <span class='ocrx_word' id='word_1_924' title='bbox 2107 276 2260 317; x_wconf 86' lang='lat' dir='ltr'>Hispania,</span> <span class='ocrx_word' id='word_1_925' title='bbox 2278 277 2321 308; x_wconf 89' lang='lat' dir='ltr'>vel</span> <span class='ocrx_word' id='word_1_926' title='bbox 2335 286 2366 306; x_wconf 92' lang='lat' dir='ltr'>a-</span> 
     </span>
     <span class='ocr_line' id='line_1_108' title="bbox 1309 313 2367 358; baseline -0.008 -6"><span class='ocrx_word' id='word_1_927' title='bbox 1309 322 1353 352; x_wconf 84' lang='lat' dir='ltr'>liis</span> <span class='ocrx_word' id='word_1_928' title='bbox 1373 319 1481 358; x_wconf 82' lang='lat' dir='ltr'>Regnis</span> <span class='ocrx_word' id='word_1_929' title='bbox 1498 318 1532 348; x_wconf 91' lang='lat'>&amp;</span> <span class='ocrx_word' id='word_1_930' title='bbox 1553 317 1701 347; x_wconf 89' lang='lat' dir='ltr'>Dominiis</span> <span class='ocrx_word' id='word_1_931' title='bbox 1711 315 1781 345; x_wconf 67' lang='lat' dir='ltr'>dieti</span> <span class='ocrx_word' id='word_1_932' title='bbox 1796 313 1965 345; x_wconf 83' lang='lat' dir='ltr'>Sereniffimi</span> <span class='ocrx_word' id='word_1_933' title='bbox 1986 317 2063 353; x_wconf 85' lang='lat' dir='ltr'>Regis</span> <span class='ocrx_word' id='word_1_934' title='bbox 2075 314 2288 355; x_wconf 78' lang='lat' dir='ltr'>Hispaniarum,</span> <span class='ocrx_word' id='word_1_935' title='bbox 2305 315 2367 354; x_wconf 90' lang='lat' dir='ltr'>qui-</span> 
     </span>
     <span class='ocr_line' id='line_1_109' title="bbox 1312 352 2364 396; baseline -0.005 -7"><span class='ocrx_word' id='word_1_936' title='bbox 1312 360 1364 390; x_wconf 92' lang='lat' dir='ltr'>bus</span> <span class='ocrx_word' id='word_1_937' title='bbox 1375 358 1471 396; x_wconf 86' lang='lat' dir='ltr'>supra,</span> <span class='ocrx_word' id='word_1_938' title='bbox 1489 365 1589 386; x_wconf 88' lang='lat' dir='ltr'>coram</span> <span class='ocrx_word' id='word_1_939' title='bbox 1603 353 1811 396; x_wconf 78' lang='lat' dir='ltr'>Magistratibus</span> <span class='ocrx_word' id='word_1_940' title='bbox 1823 352 1899 382; x_wconf 88' lang='lat' dir='ltr'>Loci</span> <span class='ocrx_word' id='word_1_941' title='bbox 1912 353 1942 382; x_wconf 90' lang='lat' dir='ltr'>in</span> <span class='ocrx_word' id='word_1_942' title='bbox 1957 362 2015 392; x_wconf 88' lang='lat' dir='ltr'>quo</span> <span class='ocrx_word' id='word_1_943' title='bbox 2030 354 2146 385; x_wconf 88' lang='lat' dir='ltr'>Merces</span> <span class='ocrx_word' id='word_1_944' title='bbox 2157 354 2308 393; x_wconf 88' lang='lat' dir='ltr'>levabunt,</span> <span class='ocrx_word' id='word_1_945' title='bbox 2327 352 2364 384; x_wconf 87' lang='lat' dir='ltr'>de</span> 
     </span>
     <span class='ocr_line' id='line_1_110' title="bbox 1309 392 2365 431; baseline -0.005 -4"><span class='ocrx_word' id='word_1_946' title='bbox 1309 396 1446 427; x_wconf 89' lang='lat' dir='ltr'>solvendo</span> <span class='ocrx_word' id='word_1_947' title='bbox 1467 394 1546 425; x_wconf 65' lang='lat' dir='ltr'>dieto</span> <span class='ocrx_word' id='word_1_948' title='bbox 1567 392 1703 431; x_wconf 61' lang='lat' dir='ltr'>vectigali</span> <span class='ocrx_word' id='word_1_949' title='bbox 1725 398 1838 430; x_wconf 84' lang='lat' dir='ltr'>triginta</span> <span class='ocrx_word' id='word_1_950' title='bbox 1856 400 1909 427; x_wconf 89' lang='lat' dir='ltr'>pro</span> <span class='ocrx_word' id='word_1_951' title='bbox 1930 400 2065 430; x_wconf 88' lang='lat' dir='ltr'>centurn,</span> <span class='ocrx_word' id='word_1_952' title='bbox 2084 393 2130 422; x_wconf 88' lang='lat' dir='ltr'>ubi</span> <span class='ocrx_word' id='word_1_953' title='bbox 2144 392 2235 423; x_wconf 69' lang='lat' dir='ltr'>dietas</span> <span class='ocrx_word' id='word_1_954' title='bbox 2249 393 2365 424; x_wconf 84' lang='lat' dir='ltr'>Merces</span> 
     </span>
     <span class='ocr_line' id='line_1_111' title="bbox 1310 428 2364 468; baseline -0.003 -2"><span class='ocrx_word' id='word_1_955' title='bbox 1310 436 1343 467; x_wconf 88' lang='lat' dir='ltr'>ad</span> <span class='ocrx_word' id='word_1_956' title='bbox 1366 435 1431 464; x_wconf 88' lang='lat' dir='ltr'>alias</span> <span class='ocrx_word' id='word_1_957' title='bbox 1455 432 1622 463; x_wconf 87' lang='lat' dir='ltr'>Provincias</span> <span class='ocrx_word' id='word_1_958' title='bbox 1641 432 1782 466; x_wconf 79' lang='lat' dir='ltr'>deferant,</span> <span class='ocrx_word' id='word_1_959' title='bbox 1799 430 1833 460; x_wconf 91' lang='lat'>&amp;</span> <span class='ocrx_word' id='word_1_960' title='bbox 1856 428 1891 459; x_wconf 91' lang='lat' dir='ltr'>de</span> <span class='ocrx_word' id='word_1_961' title='bbox 1909 429 2098 468; x_wconf 86' lang='lat' dir='ltr'>consignanda</span> <span class='ocrx_word' id='word_1_962' title='bbox 2112 430 2329 463; x_wconf 83' lang='lat' dir='ltr'>Certificatione</span> <span class='ocrx_word' id='word_1_963' title='bbox 2347 434 2364 463; x_wconf 74' lang='grc' dir='ltr'>ὲ</span> 
     </span>
     <span class='ocr_line' id='line_1_112' title="bbox 1310 467 2363 511; baseline -0.001 -8"><span class='ocrx_word' id='word_1_964' title='bbox 1310 471 1524 511; x_wconf 87' lang='lat' dir='ltr'>Magistratibus</span> <span class='ocrx_word' id='word_1_965' title='bbox 1549 470 1697 501; x_wconf 91' lang='lat' dir='ltr'>Locorum</span> <span class='ocrx_word' id='word_1_966' title='bbox 1719 467 2101 510; x_wconf 65' lang='lat' dir='ltr'>obtinendacxonerationis</span> <span class='ocrx_word' id='word_1_967' title='bbox 2121 468 2257 501; x_wconf 59' lang='lat' dir='ltr'>diffitarum</span> <span class='ocrx_word' id='word_1_968' title='bbox 2278 471 2363 502; x_wconf 81' lang='lat' dir='ltr'>Mer-</span> 
     </span>
     <span class='ocr_line' id='line_1_113' title="bbox 1309 505 2363 547; baseline 0 -6"><span class='ocrx_word' id='word_1_969' title='bbox 1309 513 1408 547; x_wconf 82' lang='lat' dir='ltr'>cium,</span> <span class='ocrx_word' id='word_1_970' title='bbox 1424 510 1470 541; x_wconf 90' lang='lat' dir='ltr'>vel</span> <span class='ocrx_word' id='word_1_971' title='bbox 1494 510 1525 539; x_wconf 83' lang='lat' dir='ltr'>in</span> <span class='ocrx_word' id='word_1_972' title='bbox 1548 508 1658 547; x_wconf 87' lang='lat' dir='ltr'>Regno</span> <span class='ocrx_word' id='word_1_973' title='bbox 1676 506 1804 545; x_wconf 78' lang='lat' dir='ltr'>Angiiae,</span> <span class='ocrx_word' id='word_1_974' title='bbox 1822 505 1865 536; x_wconf 92' lang='lat' dir='ltr'>vel</span> <span class='ocrx_word' id='word_1_975' title='bbox 1882 514 1911 534; x_wconf 86' lang='lat' dir='ltr'>m</span> <span class='ocrx_word' id='word_1_976' title='bbox 1926 505 2067 536; x_wconf 67' lang='lat' dir='ltr'>Portubus·</span> <span class='ocrx_word' id='word_1_977' title='bbox 2083 505 2299 539; x_wconf 88' lang='lat' dir='ltr'>Provinciarum</span> <span class='ocrx_word' id='word_1_978' title='bbox 2312 510 2363 541; x_wconf 87' lang='lat' dir='ltr'>sub</span> 
     </span>
     <span class='ocr_line' id='line_1_114' title="bbox 1310 543 2363 588; baseline -0.001 -8"><span class='ocrx_word' id='word_1_979' title='bbox 1310 549 1480 580; x_wconf 84' lang='lat' dir='ltr'>Obedientia</span> <span class='ocrx_word' id='word_1_980' title='bbox 1509 547 1654 578; x_wconf 64' lang='lat' dir='ltr'>dffitorum</span> <span class='ocrx_word' id='word_1_981' title='bbox 1684 543 1930 576; x_wconf 87' lang='lat' dir='ltr'>Sereniffimorum</span> <span class='ocrx_word' id='word_1_982' title='bbox 1959 543 2144 574; x_wconf 81' lang='lat' dir='ltr'>Archiducum</span> <span class='ocrx_word' id='word_1_983' title='bbox 2166 546 2363 588; x_wconf 83' lang='lat' dir='ltr'>existentium,</span> 
     </span>
     <span class='ocr_line' id='line_1_115' title="bbox 1308 581 2364 623; baseline -0.007 -5"><span class='ocrx_word' id='word_1_984' title='bbox 1308 589 1431 618; x_wconf 88' lang='lat' dir='ltr'>termino</span> <span class='ocrx_word' id='word_1_985' title='bbox 1452 586 1607 617; x_wconf 87' lang='lat' dir='ltr'>duodecim</span> <span class='ocrx_word' id='word_1_986' title='bbox 1628 583 1793 620; x_wconf 88' lang='lat' dir='ltr'>Menfium,</span> <span class='ocrx_word' id='word_1_987' title='bbox 1811 581 1866 620; x_wconf 70' lang='lat' dir='ltr'>qua</span> <span class='ocrx_word' id='word_1_988' title='bbox 1888 582 2102 613; x_wconf 86' lang='lat' dir='ltr'>Certificatione</span> <span class='ocrx_word' id='word_1_989' title='bbox 2114 583 2255 623; x_wconf 65' lang='lat' dir='ltr'>exhibiti,</span> <span class='ocrx_word' id='word_1_990' title='bbox 2275 586 2364 617; x_wconf 80' lang='lat' dir='ltr'>Obli-</span> 
     </span>
     <span class='ocr_line' id='line_1_116' title="bbox 1306 620 2363 665; baseline -0.001 -9"><span class='ocrx_word' id='word_1_991' title='bbox 1306 627 1435 665; x_wconf 88' lang='lat' dir='ltr'>gationes</span> <span class='ocrx_word' id='word_1_992' title='bbox 1446 626 1520 663; x_wconf 88' lang='lat' dir='ltr'>prius</span> <span class='ocrx_word' id='word_1_993' title='bbox 1535 624 1606 655; x_wconf 84' lang='lat' dir='ltr'>datae</span> <span class='ocrx_word' id='word_1_994' title='bbox 1623 623 1742 654; x_wconf 74' lang='lat' dir='ltr'>eandem</span> <span class='ocrx_word' id='word_1_995' title='bbox 1759 620 2008 652; x_wconf 86' lang='lat' dir='ltr'>Certificationem</span> <span class='ocrx_word' id='word_1_996' title='bbox 2021 621 2207 652; x_wconf 88' lang='lat' dir='ltr'>adferentibus</span> <span class='ocrx_word' id='word_1_997' title='bbox 2220 624 2363 657; x_wconf 88' lang='lat' dir='ltr'>retraden-</span> 
     </span>
     <span class='ocr_line' id='line_1_117' title="bbox 1306 657 2363 703; baseline 0 -9"><span class='ocrx_word' id='word_1_998' title='bbox 1306 673 1368 702; x_wconf 68' lang='lat' dir='ltr'>tur,</span> <span class='ocrx_word' id='word_1_999' title='bbox 1405 663 1556 703; x_wconf 82' lang='lat' dir='ltr'>Quodque</span> <span class='ocrx_word' id='word_1_1000' title='bbox 1576 661 1770 693; x_wconf 85' lang='lat' dir='ltr'>Sereniffimus</span> <span class='ocrx_word' id='word_1_1001' title='bbox 1790 662 1851 689; x_wconf 88' lang='lat' dir='ltr'>Rex</span> <span class='ocrx_word' id='word_1_1002' title='bbox 1875 657 1991 695; x_wconf 83' lang='lat' dir='ltr'>Angliae</span> <span class='ocrx_word' id='word_1_1003' title='bbox 2012 659 2175 696; x_wconf 89' lang='lat' dir='ltr'>prohibebit</span> <span class='ocrx_word' id='word_1_1004' title='bbox 2191 659 2284 692; x_wconf 89' lang='lat' dir='ltr'>statim</span> <span class='ocrx_word' id='word_1_1005' title='bbox 2298 663 2363 700; x_wconf 84' lang='lat' dir='ltr'>post</span> 
     </span>
     <span class='ocr_line' id='line_1_118' title="bbox 1307 697 2365 741; baseline -0.002 -8"><span class='ocrx_word' id='word_1_1006' title='bbox 1307 702 1498 733; x_wconf 88' lang='lat' dir='ltr'>firmationem</span> <span class='ocrx_word' id='word_1_1007' title='bbox 1514 701 1653 740; x_wconf 85' lang='lat' dir='ltr'>praesentis</span> <span class='ocrx_word' id='word_1_1008' title='bbox 1668 698 1842 730; x_wconf 83' lang='lat' dir='ltr'>Concordiae</span> <span class='ocrx_word' id='word_1_1009' title='bbox 1858 699 1938 735; x_wconf 80' lang='lat' dir='ltr'>quod</span> <span class='ocrx_word' id='word_1_1010' title='bbox 1952 697 2043 728; x_wconf 89' lang='lat' dir='ltr'>nullus</span> <span class='ocrx_word' id='word_1_1011' title='bbox 2056 707 2089 728; x_wconf 89' lang='lat' dir='ltr'>ex</span> <span class='ocrx_word' id='word_1_1012' title='bbox 2131 699 2214 730; x_wconf 85' lang='lat' dir='ltr'>itabit</span> <span class='ocrx_word' id='word_1_1013' title='bbox 2231 699 2365 741; x_wconf 83' lang='lat' dir='ltr'>Merces,</span> 
     </span>
     <span class='ocr_line' id='line_1_119' title="bbox 1306 736 2363 778; baseline -0.001 -7"><span class='ocrx_word' id='word_1_1014' title='bbox 1306 750 1341 771; x_wconf 91' lang='lat' dir='ltr'>ex</span> <span class='ocrx_word' id='word_1_1015' title='bbox 1355 740 1496 778; x_wconf 85' lang='lat' dir='ltr'>Hispaniis</span> <span class='ocrx_word' id='word_1_1016' title='bbox 1511 740 1556 771; x_wconf 94' lang='lat' dir='ltr'>vel</span> <span class='ocrx_word' id='word_1_1017' title='bbox 1569 740 1626 770; x_wconf 87' lang='lat' dir='ltr'>aliis</span> <span class='ocrx_word' id='word_1_1018' title='bbox 1638 738 1746 778; x_wconf 85' lang='lat' dir='ltr'>Regnis</span> <span class='ocrx_word' id='word_1_1019' title='bbox 1760 736 1934 768; x_wconf 87' lang='lat' dir='ltr'>Sereniffimi</span> <span class='ocrx_word' id='word_1_1020' title='bbox 1946 739 2023 774; x_wconf 85' lang='lat' dir='ltr'>Regis</span> <span class='ocrx_word' id='word_1_1021' title='bbox 2037 739 2078 766; x_wconf 89' lang='lat' dir='ltr'>Hi</span> <span class='ocrx_word' id='word_1_1022' title='bbox 2087 740 2234 774; x_wconf 84' lang='lat' dir='ltr'>paniarum</span> <span class='ocrx_word' id='word_1_1023' title='bbox 2250 737 2363 770; x_wconf 88' lang='lat' dir='ltr'>aliunde</span> 
     </span>
     <span class='ocr_line' id='line_1_120' title="bbox 1306 773 2363 818; baseline -0.001 -8"><span class='ocrx_word' id='word_1_1024' title='bbox 1306 779 1483 818; x_wconf 86' lang='lat' dir='ltr'>deferendas,</span> <span class='ocrx_word' id='word_1_1025' title='bbox 1501 779 1587 817; x_wconf 76' lang='lat' dir='ltr'>quam</span> <span class='ocrx_word' id='word_1_1026' title='bbox 1608 778 1642 808; x_wconf 88' lang='lat' dir='ltr'>ad</span> <span class='ocrx_word' id='word_1_1027' title='bbox 1662 776 1766 814; x_wconf 85' lang='lat' dir='ltr'>Regna</span> <span class='ocrx_word' id='word_1_1028' title='bbox 1786 775 1850 813; x_wconf 83' lang='lat' dir='ltr'>sua,</span> <span class='ocrx_word' id='word_1_1029' title='bbox 1868 776 1902 806; x_wconf 90' lang='lat'>&amp;</span> <span class='ocrx_word' id='word_1_1030' title='bbox 1915 773 2007 806; x_wconf 64' lang='lat' dir='ltr'>diuos</span> <span class='ocrx_word' id='word_1_1031' title='bbox 2022 774 2126 806; x_wconf 88' lang='lat' dir='ltr'>Portus</span> <span class='ocrx_word' id='word_1_1032' title='bbox 2139 775 2294 816; x_wconf 87' lang='lat' dir='ltr'>Flandriae,</span> <span class='ocrx_word' id='word_1_1033' title='bbox 2311 778 2363 809; x_wconf 79' lang='lat' dir='ltr'>iub</span> 
     </span>
     <span class='ocr_line' id='line_1_121' title="bbox 1307 811 2362 852; baseline -0.002 -4"><span class='ocrx_word' id='word_1_1034' title='bbox 1307 817 1399 848; x_wconf 87' lang='lat' dir='ltr'>Poena</span> <span class='ocrx_word' id='word_1_1035' title='bbox 1424 816 1645 849; x_wconf 80' lang='lat' dir='ltr'>confiscationis</span> <span class='ocrx_word' id='word_1_1036' title='bbox 1668 816 1803 846; x_wconf 90' lang='lat' dir='ltr'>omnium</span> <span class='ocrx_word' id='word_1_1037' title='bbox 1823 813 1944 852; x_wconf 85' lang='lat' dir='ltr'>ipsarum</span> <span class='ocrx_word' id='word_1_1038' title='bbox 1963 811 2112 844; x_wconf 85' lang='lat' dir='ltr'>Mercium</span> <span class='ocrx_word' id='word_1_1039' title='bbox 2134 814 2224 845; x_wconf 90' lang='lat' dir='ltr'>versus</span> <span class='ocrx_word' id='word_1_1040' title='bbox 2247 814 2362 847; x_wconf 85' lang='lat' dir='ltr'>Fiscum</span> 
     </span>
     <span class='ocr_line' id='line_1_122' title="bbox 1306 850 2362 892; baseline -0.002 -6"><span class='ocrx_word' id='word_1_1041' title='bbox 1306 856 1377 888; x_wconf 70' lang='lat' dir='ltr'>dieti</span> <span class='ocrx_word' id='word_1_1042' title='bbox 1392 856 1565 887; x_wconf 84' lang='lat' dir='ltr'>Sereniffimi</span> <span class='ocrx_word' id='word_1_1043' title='bbox 1579 857 1656 892; x_wconf 83' lang='lat' dir='ltr'>Regis</span> <span class='ocrx_word' id='word_1_1044' title='bbox 1670 851 1870 890; x_wconf 72' lang='lat' dir='ltr'>Angliae,data</span> <span class='ocrx_word' id='word_1_1045' title='bbox 1882 850 2039 883; x_wconf 88' lang='lat' dir='ltr'>Medietate</span> <span class='ocrx_word' id='word_1_1046' title='bbox 2055 852 2196 884; x_wconf 66' lang='lat' dir='ltr'>dietarum</span> <span class='ocrx_word' id='word_1_1047' title='bbox 2214 852 2362 886; x_wconf 87' lang='lat' dir='ltr'>Mercium</span> 
     </span>
     <span class='ocr_line' id='line_1_123' title="bbox 1307 891 2362 931; baseline -0.003 -5"><span class='ocrx_word' id='word_1_1048' title='bbox 1307 897 1352 926; x_wconf 87' lang='lat' dir='ltr'>seu</span> <span class='ocrx_word' id='word_1_1049' title='bbox 1376 895 1477 926; x_wconf 86' lang='lat' dir='ltr'>valoris</span> <span class='ocrx_word' id='word_1_1050' title='bbox 1502 893 1705 930; x_wconf 81' lang='lat' dir='ltr'>Notificatori,</span> <span class='ocrx_word' id='word_1_1051' title='bbox 1724 894 1757 923; x_wconf 73' lang='grc' dir='ltr'>δε</span> <span class='ocrx_word' id='word_1_1052' title='bbox 1779 891 1906 930; x_wconf 88' lang='lat' dir='ltr'>inprimis</span> <span class='ocrx_word' id='word_1_1053' title='bbox 1930 891 2056 921; x_wconf 63' lang='lat' dir='ltr'>deducto</span> <span class='ocrx_word' id='word_1_1054' title='bbox 2078 891 2169 922; x_wconf 91' lang='lat' dir='ltr'>Datio</span> <span class='ocrx_word' id='word_1_1055' title='bbox 2184 892 2294 930; x_wconf 82' lang='lat' dir='ltr'>triginta</span> <span class='ocrx_word' id='word_1_1056' title='bbox 2308 903 2362 931; x_wconf 85' lang='lat' dir='ltr'>pro</span> 
     </span>
     <span class='ocr_line' id='line_1_124' title="bbox 1306 928 2364 972; baseline -0.003 -8"><span class='ocrx_word' id='word_1_1057' title='bbox 1306 942 1440 971; x_wconf 90' lang='lat' dir='ltr'>centum,</span> <span class='ocrx_word' id='word_1_1058' title='bbox 1458 933 1535 972; x_wconf 89' lang='lat' dir='ltr'>quod</span> <span class='ocrx_word' id='word_1_1059' title='bbox 1557 933 1678 962; x_wconf 89' lang='lat' dir='ltr'>solvetur</span> <span class='ocrx_word' id='word_1_1060' title='bbox 1703 929 1842 961; x_wconf 81' lang='lat' dir='ltr'>Ministns</span> <span class='ocrx_word' id='word_1_1061' title='bbox 1861 930 1895 961; x_wconf 92' lang='lat'>&amp;</span> <span class='ocrx_word' id='word_1_1062' title='bbox 1917 928 2068 967; x_wconf 88' lang='lat' dir='ltr'>Deputatis</span> <span class='ocrx_word' id='word_1_1063' title='bbox 2082 929 2263 961; x_wconf 63' lang='lat' dir='ltr'>&gt;Sereniffimi</span> <span class='ocrx_word' id='word_1_1064' title='bbox 2286 934 2364 968; x_wconf 76' lang='lat' dir='ltr'>Regis</span> 
     </span>
     <span class='ocr_line' id='line_1_125' title="bbox 1308 967 2364 1011; baseline -0.001 -9"><span class='ocrx_word' id='word_1_1065' title='bbox 1308 971 1522 1011; x_wconf 75' lang='lat' dir='ltr'>Hispaniarum,</span> <span class='ocrx_word' id='word_1_1066' title='bbox 1549 969 1674 1001; x_wconf 72' lang='lat' dir='ltr'>adhibita</span> <span class='ocrx_word' id='word_1_1067' title='bbox 1694 969 1748 999; x_wconf 89' lang='lat' dir='ltr'>fide</span> <span class='ocrx_word' id='word_1_1068' title='bbox 1771 967 1987 1011; x_wconf 84' lang='lat' dir='ltr'>probationibus</span> <span class='ocrx_word' id='word_1_1069' title='bbox 2003 968 2144 1005; x_wconf 79' lang='lat' dir='ltr'>legittime</span> <span class='ocrx_word' id='word_1_1070' title='bbox 2166 970 2196 1000; x_wconf 90' lang='lat' dir='ltr'>in</span> <span class='ocrx_word' id='word_1_1071' title='bbox 2220 969 2364 1008; x_wconf 83' lang='lat' dir='ltr'>Hispaniis</span> 
     </span>
     <span class='ocr_line' id='line_1_126' title="bbox 1306 1005 2281 1048; baseline -0.001 -8"><span class='ocrx_word' id='word_1_1072' title='bbox 1306 1011 1441 1048; x_wconf 86' lang='lat' dir='ltr'>receptis,</span> <span class='ocrx_word' id='word_1_1073' title='bbox 1460 1010 1517 1040; x_wconf 87' lang='lat' dir='ltr'>huc</span> <span class='ocrx_word' id='word_1_1074' title='bbox 1531 1010 1561 1039; x_wconf 93' lang='lat' dir='ltr'>in</span> <span class='ocrx_word' id='word_1_1075' title='bbox 1576 1009 1714 1046; x_wconf 87' lang='lat' dir='ltr'>Angliam</span> <span class='ocrx_word' id='word_1_1076' title='bbox 1731 1005 1948 1038; x_wconf 82' lang='lat' dir='ltr'>transmittendis</span> <span class='ocrx_word' id='word_1_1077' title='bbox 1958 1007 1989 1036; x_wconf 92' lang='lat' dir='ltr'>in</span> <span class='ocrx_word' id='word_1_1078' title='bbox 2004 1006 2164 1037; x_wconf 89' lang='lat' dir='ltr'>authentica</span> <span class='ocrx_word' id='word_1_1079' title='bbox 2179 1008 2281 1039; x_wconf 83' lang='lat' dir='ltr'>forma.</span> 
     </span>
    </p>

    <p class='ocr_par' dir='ltr' id='par_1_13' title="bbox 1307 1043 2374 3503">
     <span class='ocr_line' id='line_1_127' title="bbox 1344 1043 2362 1085; baseline -0.001 -6"><span class='ocrx_word' id='word_1_1080' title='bbox 1344 1049 1357 1079; x_wconf 88' lang='lat' dir='ltr'>l</span> <span class='ocrx_word' id='word_1_1081' title='bbox 1370 1057 1420 1079; x_wconf 75' lang='grc' dir='ltr'>τε</span> <span class='ocrx_word' id='word_1_1082' title='bbox 1430 1057 1477 1085; x_wconf 84' lang='lat' dir='ltr'>M,</span> <span class='ocrx_word' id='word_1_1083' title='bbox 1497 1047 1590 1085; x_wconf 72' lang='lat' dir='ltr'>QuOd</span> <span class='ocrx_word' id='word_1_1084' title='bbox 1613 1047 1703 1077; x_wconf 89' lang='lat' dir='ltr'>nullus</span> <span class='ocrx_word' id='word_1_1085' title='bbox 1724 1045 1908 1084; x_wconf 86' lang='lat' dir='ltr'>Magistratus</span> <span class='ocrx_word' id='word_1_1086' title='bbox 1931 1043 2070 1075; x_wconf 90' lang='lat' dir='ltr'>Villarum</span> <span class='ocrx_word' id='word_1_1087' title='bbox 2083 1045 2129 1076; x_wconf 90' lang='lat' dir='ltr'>vel</span> <span class='ocrx_word' id='word_1_1088' title='bbox 2145 1044 2305 1078; x_wconf 90' lang='lat' dir='ltr'>Civitatum</span> <span class='ocrx_word' id='word_1_1089' title='bbox 2319 1047 2362 1078; x_wconf 91' lang='lat' dir='ltr'>di-</span> 
     </span>
     <span class='ocr_line' id='line_1_128' title="bbox 1308 1081 2364 1124; baseline -0.001 -6"><span class='ocrx_word' id='word_1_1090' title='bbox 1308 1086 1426 1118; x_wconf 66' lang='lat' dir='ltr'>&amp;orum</span> <span class='ocrx_word' id='word_1_1091' title='bbox 1442 1086 1612 1124; x_wconf 83' lang='lat' dir='ltr'>Regnorum</span> <span class='ocrx_word' id='word_1_1092' title='bbox 1627 1086 1743 1115; x_wconf 88' lang='lat' dir='ltr'>suorum</span> <span class='ocrx_word' id='word_1_1093' title='bbox 1762 1084 1811 1122; x_wconf 90' lang='lat' dir='ltr'>qui</span> <span class='ocrx_word' id='word_1_1094' title='bbox 1829 1081 2052 1113; x_wconf 84' lang='lat' dir='ltr'>Certificationes</span> <span class='ocrx_word' id='word_1_1095' title='bbox 2065 1082 2281 1116; x_wconf 83' lang='lat' dir='ltr'>Exonerationis</span> <span class='ocrx_word' id='word_1_1096' title='bbox 2296 1085 2364 1117; x_wconf 85' lang='lat' dir='ltr'>Na-</span> 
     </span>
     <span class='ocr_line' id='line_1_129' title="bbox 1307 1120 2363 1161; baseline 0 -5"><span class='ocrx_word' id='word_1_1097' title='bbox 1307 1127 1388 1156; x_wconf 89' lang='lat' dir='ltr'>vium</span> <span class='ocrx_word' id='word_1_1098' title='bbox 1411 1125 1513 1161; x_wconf 84' lang='lat' dir='ltr'>faciet,</span> <span class='ocrx_word' id='word_1_1099' title='bbox 1531 1123 1670 1161; x_wconf 83' lang='lat' dir='ltr'>fidemque</span> <span class='ocrx_word' id='word_1_1100' title='bbox 1690 1123 1725 1153; x_wconf 94' lang='lat' dir='ltr'>de</span> <span class='ocrx_word' id='word_1_1101' title='bbox 1739 1121 1873 1161; x_wconf 80' lang='lat' dir='ltr'>Registro</span> <span class='ocrx_word' id='word_1_1102' title='bbox 1890 1120 2037 1152; x_wconf 89' lang='lat' dir='ltr'>Mercium</span> <span class='ocrx_word' id='word_1_1103' title='bbox 2050 1120 2143 1159; x_wconf 90' lang='lat' dir='ltr'>dabit,</span> <span class='ocrx_word' id='word_1_1104' title='bbox 2161 1123 2269 1154; x_wconf 87' lang='lat' dir='ltr'>nullam</span> <span class='ocrx_word' id='word_1_1105' title='bbox 2284 1125 2316 1155; x_wconf 90' lang='lat' dir='ltr'>in</span> <span class='ocrx_word' id='word_1_1106' title='bbox 2331 1135 2363 1156; x_wconf 83' lang='lat' dir='ltr'>ea</span> 
     </span>
     <span class='ocr_line' id='line_1_130' title="bbox 1309 1159 2363 1200; baseline 0.001 -7"><span class='ocrx_word' id='word_1_1107' title='bbox 1309 1174 1338 1194; x_wconf 85' lang='lat' dir='ltr'>re</span> <span class='ocrx_word' id='word_1_1108' title='bbox 1351 1164 1478 1194; x_wconf 85' lang='lat' dir='ltr'>admittat</span> <span class='ocrx_word' id='word_1_1109' title='bbox 1491 1162 1628 1192; x_wconf 86' lang='lat' dir='ltr'>Fraudem</span> <span class='ocrx_word' id='word_1_1110' title='bbox 1643 1162 1693 1192; x_wconf 87' lang='lat' dir='ltr'>sub</span> <span class='ocrx_word' id='word_1_1111' title='bbox 1707 1161 1798 1191; x_wconf 86' lang='lat' dir='ltr'>Poena</span> <span class='ocrx_word' id='word_1_1112' title='bbox 1814 1159 2016 1199; x_wconf 83' lang='lat' dir='ltr'>Indignationis</span> <span class='ocrx_word' id='word_1_1113' title='bbox 2030 1159 2183 1199; x_wconf 88' lang='lat' dir='ltr'>Principis,</span> <span class='ocrx_word' id='word_1_1114' title='bbox 2201 1163 2363 1200; x_wconf 84' lang='lat' dir='ltr'>privationis</span> 
     </span>
     <span class='ocr_line' id='line_1_131' title="bbox 1309 1197 2361 1240; baseline -0.001 -7"><span class='ocrx_word' id='word_1_1115' title='bbox 1309 1202 1429 1240; x_wconf 87' lang='lat' dir='ltr'>Officii,</span> <span class='ocrx_word' id='word_1_1116' title='bbox 1449 1202 1482 1232; x_wconf 78' lang='grc' dir='ltr'>δε</span> <span class='ocrx_word' id='word_1_1117' title='bbox 1498 1202 1548 1231; x_wconf 84' lang='lat' dir='ltr'>alia</span> <span class='ocrx_word' id='word_1_1118' title='bbox 1558 1201 1677 1239; x_wconf 85' lang='lat' dir='ltr'>graviori</span> <span class='ocrx_word' id='word_1_1119' title='bbox 1691 1199 1818 1230; x_wconf 91' lang='lat' dir='ltr'>Arbitrio</span> <span class='ocrx_word' id='word_1_1120' title='bbox 1831 1198 1893 1235; x_wconf 88' lang='lat' dir='ltr'>su0,</span> <span class='ocrx_word' id='word_1_1121' title='bbox 1906 1207 1939 1228; x_wconf 88' lang='lat' dir='ltr'>ea</span> <span class='ocrx_word' id='word_1_1122' title='bbox 1949 1197 2136 1229; x_wconf 87' lang='lat' dir='ltr'>declaratione</span> <span class='ocrx_word' id='word_1_1123' title='bbox 2148 1200 2264 1237; x_wconf 66' lang='lat' dir='ltr'>adjecta,</span> <span class='ocrx_word' id='word_1_1124' title='bbox 2280 1202 2361 1239; x_wconf 80' lang='lat' dir='ltr'>quod</span> 
     </span>
     <span class='ocr_line' id='line_1_132' title="bbox 1309 1236 2361 1271; baseline -0.002 0"><span class='ocrx_word' id='word_1_1125' title='bbox 1309 1242 1358 1271; x_wconf 92' lang='lat' dir='ltr'>ubi</span> <span class='ocrx_word' id='word_1_1126' title='bbox 1383 1240 1452 1270; x_wconf 66' lang='lat' dir='ltr'>dieti</span> <span class='ocrx_word' id='word_1_1127' title='bbox 1475 1238 1649 1270; x_wconf 83' lang='lat' dir='ltr'>Sereniffimi</span> <span class='ocrx_word' id='word_1_1128' title='bbox 1669 1241 1731 1268; x_wconf 85' lang='lat' dir='ltr'>Rex</span> <span class='ocrx_word' id='word_1_1129' title='bbox 1746 1239 1779 1269; x_wconf 87' lang='lat'>&amp;</span> <span class='ocrx_word' id='word_1_1130' title='bbox 1793 1236 1962 1267; x_wconf 83' lang='lat' dir='ltr'>Archiduces</span> <span class='ocrx_word' id='word_1_1131' title='bbox 1972 1237 2145 1268; x_wconf 89' lang='lat' dir='ltr'>conveniant</span> <span class='ocrx_word' id='word_1_1132' title='bbox 2158 1248 2226 1269; x_wconf 90' lang='lat' dir='ltr'>cum</span> <span class='ocrx_word' id='word_1_1133' title='bbox 2238 1239 2361 1270; x_wconf 87' lang='lat' dir='ltr'>Serenis-</span> 
     </span>
     <span class='ocr_line' id='line_1_133' title="bbox 1311 1274 2365 1315; baseline -0.001 -6"><span class='ocrx_word' id='word_1_1134' title='bbox 1311 1279 1385 1309; x_wconf 85' lang='lat' dir='ltr'>fimo</span> <span class='ocrx_word' id='word_1_1135' title='bbox 1407 1281 1476 1315; x_wconf 81' lang='lat' dir='ltr'>Rege</span> <span class='ocrx_word' id='word_1_1136' title='bbox 1489 1276 1650 1315; x_wconf 83' lang='lat' dir='ltr'>Gallorum,</span> <span class='ocrx_word' id='word_1_1137' title='bbox 1668 1277 1713 1307; x_wconf 90' lang='lat' dir='ltr'>vel</span> <span class='ocrx_word' id='word_1_1138' title='bbox 1728 1285 1796 1306; x_wconf 91' lang='lat' dir='ltr'>cum</span> <span class='ocrx_word' id='word_1_1139' title='bbox 1810 1275 1865 1305; x_wconf 91' lang='lat' dir='ltr'>alio</span> <span class='ocrx_word' id='word_1_1140' title='bbox 1879 1275 1980 1313; x_wconf 86' lang='lat' dir='ltr'>quovis</span> <span class='ocrx_word' id='word_1_1141' title='bbox 1994 1274 2071 1312; x_wconf 88' lang='lat' dir='ltr'>super</span> <span class='ocrx_word' id='word_1_1142' title='bbox 2086 1276 2238 1306; x_wconf 82' lang='lat' dir='ltr'>noviffimo</span> <span class='ocrx_word' id='word_1_1143' title='bbox 2251 1276 2365 1308; x_wconf 86' lang='lat' dir='ltr'>Placat-</span> 
     </span>
     <span class='ocr_line' id='line_1_134' title="bbox 1311 1312 2364 1357; baseline -0.002 -9"><span class='ocrx_word' id='word_1_1144' title='bbox 1311 1325 1342 1348; x_wconf 92' lang='lat' dir='ltr'>to</span> <span class='ocrx_word' id='word_1_1145' title='bbox 1364 1317 1494 1354; x_wconf 86' lang='lat' dir='ltr'>Triginta</span> <span class='ocrx_word' id='word_1_1146' title='bbox 1517 1326 1569 1354; x_wconf 88' lang='lat' dir='ltr'>pro</span> <span class='ocrx_word' id='word_1_1147' title='bbox 1593 1315 1736 1352; x_wconf 85' lang='lat' dir='ltr'>Centum,</span> <span class='ocrx_word' id='word_1_1148' title='bbox 1754 1315 1787 1345; x_wconf 92' lang='lat'>&amp;</span> <span class='ocrx_word' id='word_1_1149' title='bbox 1801 1313 1874 1357; x_wconf 77' lang='lat' dir='ltr'>inter</span> <span class='ocrx_word' id='word_1_1150' title='bbox 1887 1322 1936 1344; x_wconf 90' lang='lat' dir='ltr'>eos</span> <span class='ocrx_word' id='word_1_1151' title='bbox 1951 1312 2107 1344; x_wconf 87' lang='lat' dir='ltr'>restituatur</span> <span class='ocrx_word' id='word_1_1152' title='bbox 2120 1313 2341 1347; x_wconf 89' lang='lat' dir='ltr'>Commercium</span> <span class='ocrx_word' id='word_1_1153' title='bbox 2353 1339 2364 1354; x_wconf 91' lang='lat'>,</span> 
     </span>
     <span class='ocr_line' id='line_1_135' title="bbox 1312 1351 2366 1388; baseline 0.001 -4"><span class='ocrx_word' id='word_1_1154' title='bbox 1312 1363 1381 1385; x_wconf 90' lang='lat' dir='ltr'>tunc</span> <span class='ocrx_word' id='word_1_1155' title='bbox 1395 1355 1491 1385; x_wconf 91' lang='lat' dir='ltr'>licebit</span> <span class='ocrx_word' id='word_1_1156' title='bbox 1511 1354 1634 1385; x_wconf 87' lang='lat' dir='ltr'>Subditis</span> <span class='ocrx_word' id='word_1_1157' title='bbox 1653 1353 1721 1384; x_wconf 72' lang='lat' dir='ltr'>diffl</span> <span class='ocrx_word' id='word_1_1158' title='bbox 1737 1351 1908 1383; x_wconf 82' lang='lat' dir='ltr'>Sereniffimi</span> <span class='ocrx_word' id='word_1_1159' title='bbox 1923 1354 2000 1388; x_wconf 82' lang='lat' dir='ltr'>Regis</span> <span class='ocrx_word' id='word_1_1160' title='bbox 2014 1351 2128 1388; x_wconf 83' lang='lat' dir='ltr'>Angliae</span> <span class='ocrx_word' id='word_1_1161' title='bbox 2148 1354 2292 1384; x_wconf 85' lang='lat' dir='ltr'>transferre</span> <span class='ocrx_word' id='word_1_1162' title='bbox 2305 1354 2366 1385; x_wconf 90' lang='lat' dir='ltr'>suas</span> 
     </span>
     <span class='ocr_line' id='line_1_136' title="bbox 1311 1390 2364 1437; baseline 0.001 -14"><span class='ocrx_word' id='word_1_1163' title='bbox 1311 1393 1429 1424; x_wconf 87' lang='lat' dir='ltr'>Merces</span> <span class='ocrx_word' id='word_1_1164' title='bbox 1443 1393 1478 1423; x_wconf 89' lang='lat' dir='ltr'>ad</span> <span class='ocrx_word' id='word_1_1165' title='bbox 1491 1391 1592 1433; x_wconf 86' lang='lat' dir='ltr'>Regna</span> <span class='ocrx_word' id='word_1_1166' title='bbox 1605 1393 1638 1423; x_wconf 71' lang='grc' dir='ltr'>ὃ(</span> <span class='ocrx_word' id='word_1_1167' title='bbox 1654 1391 1793 1422; x_wconf 88' lang='lat' dir='ltr'>Dominia</span> <span class='ocrx_word' id='word_1_1168' title='bbox 1804 1390 1862 1428; x_wconf 88' lang='lat' dir='ltr'>ejus</span> <span class='ocrx_word' id='word_1_1169' title='bbox 1876 1400 1946 1422; x_wconf 90' lang='lat' dir='ltr'>cum</span> <span class='ocrx_word' id='word_1_1170' title='bbox 1964 1399 2023 1437; x_wconf 68' lang='lat' dir='ltr'>quo</span> <span class='ocrx_word' id='word_1_1171' title='bbox 2033 1391 2228 1422; x_wconf 86' lang='lat' dir='ltr'>restaurabitur</span> <span class='ocrx_word' id='word_1_1172' title='bbox 2240 1393 2259 1413; x_wconf 71' lang='lat'>²*</span> <span class='ocrx_word' id='word_1_1173' title='bbox 2269 1392 2364 1424; x_wconf 85' lang='lat' dir='ltr'>Com-</span> 
     </span>
     <span class='ocr_line' id='line_1_137' title="bbox 1312 1429 2366 1470; baseline 0.002 -9"><span class='ocrx_word' id='word_1_1174' title='bbox 1312 1432 1452 1462; x_wconf 87' lang='lat' dir='ltr'>mercium</span> <span class='ocrx_word' id='word_1_1175' title='bbox 1473 1431 1574 1470; x_wconf 85' lang='lat' dir='ltr'>absque</span> <span class='ocrx_word' id='word_1_1176' title='bbox 1592 1431 1730 1461; x_wconf 89' lang='lat' dir='ltr'>solutione</span> <span class='ocrx_word' id='word_1_1177' title='bbox 1748 1429 1882 1469; x_wconf 87' lang='lat' dir='ltr'>Triginta</span> <span class='ocrx_word' id='word_1_1178' title='bbox 1894 1438 1947 1467; x_wconf 90' lang='lat' dir='ltr'>pro</span> <span class='ocrx_word' id='word_1_1179' title='bbox 1962 1429 2108 1467; x_wconf 65' lang='lat' dir='ltr'>Centum,</span> <span class='ocrx_word' id='word_1_1180' title='bbox 2125 1430 2169 1460; x_wconf 89' lang='lat' dir='ltr'>sed</span> <span class='ocrx_word' id='word_1_1181' title='bbox 2183 1430 2277 1463; x_wconf 87' lang='lat' dir='ltr'>solutis</span> <span class='ocrx_word' id='word_1_1182' title='bbox 2293 1441 2366 1463; x_wconf 91' lang='lat' dir='ltr'>con-</span> 
     </span>
     <span class='ocr_line' id='line_1_138' title="bbox 1310 1468 2365 1509; baseline 0.002 -9"><span class='ocrx_word' id='word_1_1183' title='bbox 1310 1469 1391 1500; x_wconf 89' lang='lat' dir='ltr'>suetis</span> <span class='ocrx_word' id='word_1_1184' title='bbox 1413 1469 1543 1500; x_wconf 88' lang='lat' dir='ltr'>Teloniis</span> <span class='ocrx_word' id='word_1_1185' title='bbox 1564 1471 1597 1502; x_wconf 88' lang='lat'>&amp;</span> <span class='ocrx_word' id='word_1_1186' title='bbox 1612 1469 1705 1500; x_wconf 88' lang='lat' dir='ltr'>Datiis</span> <span class='ocrx_word' id='word_1_1187' title='bbox 1718 1468 2007 1506; x_wconf 83' lang='lat' dir='ltr'>anteimpofitionem</span> <span class='ocrx_word' id='word_1_1188' title='bbox 2021 1468 2090 1498; x_wconf 66' lang='lat' dir='ltr'>dieti</span> <span class='ocrx_word' id='word_1_1189' title='bbox 2105 1469 2255 1509; x_wconf 68' lang='lat' dir='ltr'>Vestigalis</span> <span class='ocrx_word' id='word_1_1190' title='bbox 2268 1472 2365 1509; x_wconf 84' lang='lat' dir='ltr'>impo-</span> 
     </span>
     <span class='ocr_line' id='line_1_139' title="bbox 1311 1504 2366 1546; baseline 0.002 -8"><span class='ocrx_word' id='word_1_1191' title='bbox 1311 1507 1364 1539; x_wconf 86' lang='lat' dir='ltr'>fitis</span> <span class='ocrx_word' id='word_1_1192' title='bbox 1384 1508 1417 1538; x_wconf 91' lang='lat'>&amp;</span> <span class='ocrx_word' id='word_1_1193' title='bbox 1437 1507 1507 1538; x_wconf 89' lang='lat' dir='ltr'>solvi</span> <span class='ocrx_word' id='word_1_1194' title='bbox 1529 1508 1630 1546; x_wconf 67' lang='lat' dir='ltr'>solitis,</span> <span class='ocrx_word' id='word_1_1195' title='bbox 1667 1507 1760 1546; x_wconf 86' lang='lat' dir='ltr'>Quod</span> <span class='ocrx_word' id='word_1_1196' title='bbox 1782 1506 1893 1537; x_wconf 68' lang='lat' dir='ltr'>dietum</span> <span class='ocrx_word' id='word_1_1197' title='bbox 1907 1504 1948 1537; x_wconf 91' lang='lat' dir='ltr'>est</span> <span class='ocrx_word' id='word_1_1198' title='bbox 1967 1506 2003 1536; x_wconf 93' lang='lat' dir='ltr'>de</span> <span class='ocrx_word' id='word_1_1199' title='bbox 2017 1506 2107 1537; x_wconf 82' lang='lat' dir='ltr'>libero</span> <span class='ocrx_word' id='word_1_1200' title='bbox 2119 1507 2265 1538; x_wconf 63' lang='lat' dir='ltr'>dicitorum</span> <span class='ocrx_word' id='word_1_1201' title='bbox 2284 1509 2366 1541; x_wconf 90' lang='lat' dir='ltr'>Sere-</span> 
     </span>
     <span class='ocr_line' id='line_1_140' title="bbox 1310 1543 2367 1585; baseline 0.003 -9"><span class='ocrx_word' id='word_1_1202' title='bbox 1310 1546 1488 1577; x_wconf 82' lang='lat' dir='ltr'>niffimorum</span> <span class='ocrx_word' id='word_1_1203' title='bbox 1511 1546 1628 1585; x_wconf 85' lang='lat' dir='ltr'>Regum</span> <span class='ocrx_word' id='word_1_1204' title='bbox 1650 1545 1776 1576; x_wconf 85' lang='lat' dir='ltr'>Subditis</span> <span class='ocrx_word' id='word_1_1205' title='bbox 1788 1544 1927 1576; x_wconf 84' lang='lat' dir='ltr'>conceffo</span> <span class='ocrx_word' id='word_1_1206' title='bbox 1942 1543 2152 1584; x_wconf 83' lang='lat' dir='ltr'>Commercio,</span> <span class='ocrx_word' id='word_1_1207' title='bbox 2171 1547 2199 1576; x_wconf 91' lang='lat' dir='ltr'>id</span> <span class='ocrx_word' id='word_1_1208' title='bbox 2216 1547 2307 1585; x_wconf 89' lang='lat' dir='ltr'>ipsum</span> <span class='ocrx_word' id='word_1_1209' title='bbox 2323 1549 2367 1578; x_wconf 92' lang='lat' dir='ltr'>iri-</span> 
     </span>
     <span class='ocr_line' id='line_1_141' title="bbox 1309 1583 2368 1625; baseline 0 -9"><span class='ocrx_word' id='word_1_1210' title='bbox 1309 1584 1494 1621; x_wconf 87' lang='lat' dir='ltr'>telligendum</span> <span class='ocrx_word' id='word_1_1211' title='bbox 1516 1586 1601 1615; x_wconf 87' lang='lat' dir='ltr'>etiam</span> <span class='ocrx_word' id='word_1_1212' title='bbox 1624 1586 1694 1615; x_wconf 90' lang='lat' dir='ltr'>inter</span> <span class='ocrx_word' id='word_1_1213' title='bbox 1714 1583 1848 1614; x_wconf 88' lang='lat' dir='ltr'>Subditos</span> <span class='ocrx_word' id='word_1_1214' title='bbox 1861 1583 2108 1614; x_wconf 85' lang='lat' dir='ltr'>Sereniffimorum</span> <span class='ocrx_word' id='word_1_1215' title='bbox 2123 1584 2289 1625; x_wconf 90' lang='lat' dir='ltr'>Principum</span> <span class='ocrx_word' id='word_1_1216' title='bbox 2304 1590 2368 1616; x_wconf 91' lang='lat' dir='ltr'>Ar-</span> 
     </span>
     <span class='ocr_line' id='line_1_142' title="bbox 1312 1621 2367 1662; baseline 0.003 -9"><span class='ocrx_word' id='word_1_1217' title='bbox 1312 1623 1446 1654; x_wconf 84' lang='lat' dir='ltr'>chiducum</span> <span class='ocrx_word' id='word_1_1218' title='bbox 1461 1624 1493 1654; x_wconf 91' lang='lat'>&amp;</span> <span class='ocrx_word' id='word_1_1219' title='bbox 1502 1623 1660 1662; x_wconf 82' lang='lat' dir='ltr'>Sereniffimi</span> <span class='ocrx_word' id='word_1_1220' title='bbox 1670 1621 1786 1660; x_wconf 85' lang='lat' dir='ltr'>Angliae</span> <span class='ocrx_word' id='word_1_1221' title='bbox 1796 1623 1931 1653; x_wconf 81' lang='lat' dir='ltr'>Scotiae&amp;</span> <span class='ocrx_word' id='word_1_1222' title='bbox 1940 1622 2082 1653; x_wconf 72' lang='lat' dir='ltr'>Hiberniae</span> <span class='ocrx_word' id='word_1_1223' title='bbox 2095 1625 2189 1662; x_wconf 72' lang='lat' dir='ltr'>Regis,</span> <span class='ocrx_word' id='word_1_1224' title='bbox 2207 1625 2367 1662; x_wconf 69' lang='lat' dir='ltr'>scilicet2ut</span> 
     </span>
     <span class='ocr_line' id='line_1_143' title="bbox 1312 1661 2366 1702; baseline 0.002 -9"><span class='ocrx_word' id='word_1_1225' title='bbox 1312 1664 1416 1702; x_wconf 89' lang='lat' dir='ltr'>ubique</span> <span class='ocrx_word' id='word_1_1226' title='bbox 1429 1662 1563 1693; x_wconf 86' lang='lat' dir='ltr'>locorum</span> <span class='ocrx_word' id='word_1_1227' title='bbox 1577 1663 1604 1692; x_wconf 83' lang='lat' dir='ltr'>se</span> <span class='ocrx_word' id='word_1_1228' title='bbox 1617 1662 1743 1692; x_wconf 90' lang='lat' dir='ltr'>invicem</span> <span class='ocrx_word' id='word_1_1229' title='bbox 1761 1669 1887 1691; x_wconf 86' lang='lat' dir='ltr'>amanter</span> <span class='ocrx_word' id='word_1_1230' title='bbox 1902 1661 2076 1700; x_wconf 62' lang='lat' dir='ltr'>complecti,</span> <span class='ocrx_word' id='word_1_1231' title='bbox 2091 1662 2141 1692; x_wconf 89' lang='lat' dir='ltr'>fibi</span> <span class='ocrx_word' id='word_1_1232' title='bbox 2154 1662 2264 1701; x_wconf 84' lang='lat' dir='ltr'>favere,</span> <span class='ocrx_word' id='word_1_1233' title='bbox 2281 1664 2366 1702; x_wconf 86' lang='lat' dir='ltr'>seque</span> 
     </span>
     <span class='ocr_line' id='line_1_144' title="bbox 1314 1699 2365 1742; baseline 0.002 -11"><span class='ocrx_word' id='word_1_1234' title='bbox 1314 1702 1418 1731; x_wconf 90' lang='lat' dir='ltr'>mutuis</span> <span class='ocrx_word' id='word_1_1235' title='bbox 1442 1700 1556 1731; x_wconf 85' lang='lat' dir='ltr'>Officiis</span> <span class='ocrx_word' id='word_1_1236' title='bbox 1577 1700 1707 1738; x_wconf 88' lang='lat' dir='ltr'>prosequi</span> <span class='ocrx_word' id='word_1_1237' title='bbox 1719 1707 1882 1737; x_wconf 86' lang='lat' dir='ltr'>teneantur,</span> <span class='ocrx_word' id='word_1_1238' title='bbox 1902 1699 2062 1737; x_wconf 87' lang='lat' dir='ltr'>poffintque</span> <span class='ocrx_word' id='word_1_1239' title='bbox 2081 1700 2171 1731; x_wconf 86' lang='lat' dir='ltr'>Terra</span> <span class='ocrx_word' id='word_1_1240' title='bbox 2186 1700 2317 1742; x_wconf 81' lang='lat' dir='ltr'>Matique</span> <span class='ocrx_word' id='word_1_1241' title='bbox 2331 1703 2365 1733; x_wconf 87' lang='lat'>&amp;</span> 
     </span>
     <span class='ocr_line' id='line_1_145' title="bbox 1314 1736 2366 1779; baseline 0.002 -10"><span class='ocrx_word' id='word_1_1242' title='bbox 1314 1739 1403 1779; x_wconf 87' lang='lat' dir='ltr'>Aquis</span> <span class='ocrx_word' id='word_1_1243' title='bbox 1421 1738 1570 1778; x_wconf 82' lang='lat' dir='ltr'>dulcibus,</span> <span class='ocrx_word' id='word_1_1244' title='bbox 1586 1739 1642 1770; x_wconf 88' lang='lat' dir='ltr'>fine</span> <span class='ocrx_word' id='word_1_1245' title='bbox 1664 1739 1759 1776; x_wconf 87' lang='lat' dir='ltr'>aliquo</span> <span class='ocrx_word' id='word_1_1246' title='bbox 1780 1737 1855 1768; x_wconf 90' lang='lat' dir='ltr'>salvo</span> <span class='ocrx_word' id='word_1_1247' title='bbox 1879 1736 2057 1775; x_wconf 70' lang='lat' dir='ltr'>conductu,</span> <span class='ocrx_word' id='word_1_1248' title='bbox 2083 1748 2174 1776; x_wconf 90' lang='lat' dir='ltr'>neque</span> <span class='ocrx_word' id='word_1_1249' title='bbox 2197 1740 2254 1771; x_wconf 71' lang='lat' dir='ltr'>ulla</span> <span class='ocrx_word' id='word_1_1250' title='bbox 2278 1742 2366 1778; x_wconf 70' lang='lat' dir='ltr'>petita</span> 
     </span>
     <span class='ocr_line' id='line_1_146' title="bbox 1314 1774 2369 1815; baseline 0.002 -7"><span class='ocrx_word' id='word_1_1251' title='bbox 1314 1776 1445 1809; x_wconf 67' lang='lat' dir='ltr'>Licentifi</span> <span class='ocrx_word' id='word_1_1252' title='bbox 1468 1778 1591 1814; x_wconf 88' lang='lat' dir='ltr'>generali</span> <span class='ocrx_word' id='word_1_1253' title='bbox 1612 1785 1659 1807; x_wconf 89' lang='lat' dir='ltr'>aut</span> <span class='ocrx_word' id='word_1_1254' title='bbox 1679 1774 1805 1815; x_wconf 88' lang='lat' dir='ltr'>speciali,</span> <span class='ocrx_word' id='word_1_1255' title='bbox 1822 1775 1855 1807; x_wconf 91' lang='lat' dir='ltr'>ad</span> <span class='ocrx_word' id='word_1_1256' title='bbox 1878 1775 1954 1806; x_wconf 72' lang='lat' dir='ltr'>dieta</span> <span class='ocrx_word' id='word_1_1257' title='bbox 1976 1776 2079 1814; x_wconf 88' lang='lat' dir='ltr'>Regna</span> <span class='ocrx_word' id='word_1_1258' title='bbox 2099 1776 2243 1809; x_wconf 89' lang='lat' dir='ltr'>Dominia</span> <span class='ocrx_word' id='word_1_1259' title='bbox 2264 1779 2369 1811; x_wconf 87' lang='lat' dir='ltr'>Terras</span> 
     </span>
     <span class='ocr_line' id='line_1_147' title="bbox 1313 1813 2366 1855; baseline 0.003 -9"><span class='ocrx_word' id='word_1_1260' title='bbox 1313 1816 1401 1847; x_wconf 90' lang='lat' dir='ltr'>Villas</span> <span class='ocrx_word' id='word_1_1261' title='bbox 1423 1815 1537 1853; x_wconf 87' lang='lat' dir='ltr'>Oppida</span> <span class='ocrx_word' id='word_1_1262' title='bbox 1552 1815 1690 1846; x_wconf 88' lang='lat' dir='ltr'>Civitates</span> <span class='ocrx_word' id='word_1_1263' title='bbox 1702 1814 1811 1845; x_wconf 88' lang='lat' dir='ltr'>Littora</span> <span class='ocrx_word' id='word_1_1264' title='bbox 1822 1813 1925 1845; x_wconf 86' lang='lat' dir='ltr'>Portus</span> <span class='ocrx_word' id='word_1_1265' title='bbox 1936 1814 1970 1845; x_wconf 77' lang='grc' dir='ltr'>δε</span> <span class='ocrx_word' id='word_1_1266' title='bbox 1986 1814 2071 1846; x_wconf 87' lang='lat' dir='ltr'>Sinus</span> <span class='ocrx_word' id='word_1_1267' title='bbox 2080 1815 2263 1855; x_wconf 89' lang='lat' dir='ltr'>quoscunque</span> <span class='ocrx_word' id='word_1_1268' title='bbox 2277 1818 2366 1850; x_wconf 78' lang='lat' dir='ltr'>libere</span> 
     </span>
     <span class='ocr_line' id='line_1_148' title="bbox 1314 1851 2368 1921; baseline 0.003 -36"><span class='ocrx_word' id='word_1_1269' title='bbox 1314 1856 1375 1885; x_wconf 80' lang='lat' dir='ltr'>tute</span> <span class='ocrx_word' id='word_1_1270' title='bbox 1394 1863 1427 1884; x_wconf 90' lang='lat' dir='ltr'>ac</span> <span class='ocrx_word' id='word_1_1271' title='bbox 1449 1855 1544 1884; x_wconf 79' lang='lat' dir='ltr'>secure</span> <span class='ocrx_word' id='word_1_1272' title='bbox 1563 1853 1697 1885; x_wconf 87' lang='lat' dir='ltr'>accedere</span> <span class='ocrx_word' id='word_1_1273' title='bbox 1709 1853 1811 1884; x_wconf 88' lang='lat' dir='ltr'>intrare</span> <span class='ocrx_word' id='word_1_1274' title='bbox 1824 1852 1970 1921; x_wconf 62' lang='lat' dir='ltr'>navigare,</span> <span class='ocrx_word' id='word_1_1275' title='bbox 1988 1851 2104 1884; x_wconf 86' lang='lat' dir='ltr'>Merces</span> <span class='ocrx_word' id='word_1_1276' title='bbox 2117 1855 2271 1892; x_wconf 84' lang='lat' dir='ltr'>importare</span> <span class='ocrx_word' id='word_1_1277' title='bbox 2283 1865 2368 1896; x_wconf 90' lang='lat' dir='ltr'>atque</span> 
     </span>
     <span class='ocr_line' id='line_1_149' title="bbox 1314 1890 2369 1931; baseline 0.004 -9"><span class='ocrx_word' id='word_1_1278' title='bbox 1314 1901 1471 1931; x_wconf 84' lang='lat' dir='ltr'>reportare,</span> <span class='ocrx_word' id='word_1_1279' title='bbox 1490 1901 1586 1924; x_wconf 88' lang='lat' dir='ltr'>emere</span> <span class='ocrx_word' id='word_1_1280' title='bbox 1605 1902 1638 1923; x_wconf 88' lang='lat' dir='ltr'>ac</span> <span class='ocrx_word' id='word_1_1281' title='bbox 1660 1891 1802 1930; x_wconf 87' lang='lat' dir='ltr'>vendere,</span> <span class='ocrx_word' id='word_1_1282' title='bbox 1817 1891 1846 1921; x_wconf 95' lang='lat' dir='ltr'>in</span> <span class='ocrx_word' id='word_1_1283' title='bbox 1863 1891 1888 1921; x_wconf 89' lang='lat' dir='ltr'>ei</span> <span class='ocrx_word' id='word_1_1284' title='bbox 1900 1890 1966 1921; x_wconf 91' lang='lat' dir='ltr'>dem</span> <span class='ocrx_word' id='word_1_1285' title='bbox 1983 1890 2119 1931; x_wconf 87' lang='lat' dir='ltr'>quamdiu</span> <span class='ocrx_word' id='word_1_1286' title='bbox 2131 1894 2272 1925; x_wconf 87' lang='lat' dir='ltr'>voluerint</span> <span class='ocrx_word' id='word_1_1287' title='bbox 2283 1894 2369 1926; x_wconf 89' lang='lat' dir='ltr'>subfi-</span> 
     </span>
     <span class='ocr_line' id='line_1_150' title="bbox 1314 1929 2367 1970; baseline 0.002 -8"><span class='ocrx_word' id='word_1_1288' title='bbox 1314 1931 1387 1962; x_wconf 88' lang='lat' dir='ltr'>stere</span> <span class='ocrx_word' id='word_1_1289' title='bbox 1409 1930 1508 1962; x_wconf 70' lang='lat' dir='ltr'>veriari</span> <span class='ocrx_word' id='word_1_1290' title='bbox 1526 1932 1560 1963; x_wconf 89' lang='lat'>&amp;</span> <span class='ocrx_word' id='word_1_1291' title='bbox 1580 1930 1753 1968; x_wconf 64' lang='lat' dir='ltr'>conversari,</span> <span class='ocrx_word' id='word_1_1292' title='bbox 1768 1930 1997 1968; x_wconf 87' lang='lat' dir='ltr'>Commeatum,</span> <span class='ocrx_word' id='word_1_1293' title='bbox 2016 1929 2130 1970; x_wconf 86' lang='lat' dir='ltr'>Resque</span> <span class='ocrx_word' id='word_1_1294' title='bbox 2148 1931 2183 1963; x_wconf 90' lang='lat' dir='ltr'>ad</span> <span class='ocrx_word' id='word_1_1295' title='bbox 2200 1931 2318 1964; x_wconf 67' lang='lat' dir='ltr'>Victum</span> <span class='ocrx_word' id='word_1_1296' title='bbox 2332 1935 2367 1965; x_wconf 75' lang='grc' dir='ltr'>δε</span> 
     </span>
     <span class='ocr_line' id='line_1_151' title="bbox 1315 1967 2371 2008; baseline 0.002 -7"><span class='ocrx_word' id='word_1_1297' title='bbox 1315 1969 1532 2001; x_wconf 68' lang='grc' dir='ltr'>Ρτοξεᾶἰοῃεῐη</span> <span class='ocrx_word' id='word_1_1298' title='bbox 1553 1969 1732 2007; x_wconf 81' lang='lat' dir='ltr'>neceffarias,</span> <span class='ocrx_word' id='word_1_1299' title='bbox 1745 1967 1821 2007; x_wconf 87' lang='lat' dir='ltr'>justo</span> <span class='ocrx_word' id='word_1_1300' title='bbox 1836 1968 1937 2000; x_wconf 91' lang='lat' dir='ltr'>Pretio</span> <span class='ocrx_word' id='word_1_1301' title='bbox 1950 1967 2002 1999; x_wconf 87' lang='lat' dir='ltr'>fibi</span> <span class='ocrx_word' id='word_1_1302' title='bbox 2013 1968 2150 2000; x_wconf 80' lang='lat' dir='ltr'>assumere</span> <span class='ocrx_word' id='word_1_1303' title='bbox 2160 1992 2170 2008; x_wconf 88' lang='lat'>,</span> <span class='ocrx_word' id='word_1_1304' title='bbox 2186 1969 2371 2003; x_wconf 82' lang='lat' dir='ltr'>restaurandis</span> 
     </span>
     <span class='ocr_line' id='line_1_152' title="bbox 1316 2006 2370 2048; baseline 0.002 -9"><span class='ocrx_word' id='word_1_1305' title='bbox 1316 2007 1397 2039; x_wconf 90' lang='lat' dir='ltr'>Navi</span> <span class='ocrx_word' id='word_1_1306' title='bbox 1419 2009 1449 2038; x_wconf 91' lang='lat' dir='ltr'>iis</span> <span class='ocrx_word' id='word_1_1307' title='bbox 1477 2009 1510 2039; x_wconf 89' lang='lat'>&amp;</span> <span class='ocrx_word' id='word_1_1308' title='bbox 1535 2008 1684 2039; x_wconf 84' lang='lat' dir='ltr'>Vehiculis</span> <span class='ocrx_word' id='word_1_1309' title='bbox 1701 2007 1822 2047; x_wconf 85' lang='lat' dir='ltr'>propriis</span> <span class='ocrx_word' id='word_1_1310' title='bbox 1846 2006 2000 2038; x_wconf 67' lang='lat' dir='ltr'>conductis</span> <span class='ocrx_word' id='word_1_1311' title='bbox 2016 2015 2064 2038; x_wconf 88' lang='lat' dir='ltr'>aut</span> <span class='ocrx_word' id='word_1_1312' title='bbox 2086 2008 2278 2040; x_wconf 89' lang='lat' dir='ltr'>commodatis</span> <span class='ocrx_word' id='word_1_1313' title='bbox 2298 2019 2370 2048; x_wconf 84' lang='lat' dir='ltr'>ope·</span> 
     </span>
     <span class='ocr_line' id='line_1_153' title="bbox 1316 2044 2370 2088; baseline 0.004 -11"><span class='ocrx_word' id='word_1_1314' title='bbox 1316 2056 1375 2077; x_wconf 88' lang='lat' dir='ltr'>ram</span> <span class='ocrx_word' id='word_1_1315' title='bbox 1414 2056 1475 2085; x_wconf 90' lang='lat' dir='ltr'>are,</span> <span class='ocrx_word' id='word_1_1316' title='bbox 1493 2046 1572 2077; x_wconf 90' lang='lat' dir='ltr'>illinc</span> <span class='ocrx_word' id='word_1_1317' title='bbox 1593 2056 1661 2078; x_wconf 93' lang='lat' dir='ltr'>cum</span> <span class='ocrx_word' id='word_1_1318' title='bbox 1687 2045 1836 2077; x_wconf 86' lang='lat' dir='ltr'>Mercibus</span> <span class='ocrx_word' id='word_1_1319' title='bbox 1856 2044 1944 2076; x_wconf 90' lang='lat' dir='ltr'>Bonis</span> <span class='ocrx_word' id='word_1_1320' title='bbox 1964 2045 1998 2076; x_wconf 92' lang='lat'>&amp;</span> <span class='ocrx_word' id='word_1_1321' title='bbox 2022 2045 2126 2077; x_wconf 88' lang='lat' dir='ltr'>Rebus</span> <span class='ocrx_word' id='word_1_1322' title='bbox 2137 2047 2370 2088; x_wconf 88' lang='lat' dir='ltr'>quibuscunque,</span> 
     </span>
     <span class='ocr_line' id='line_1_154' title="bbox 1315 2083 2371 2125; baseline -0.002 -9"><span class='ocrx_word' id='word_1_1323' title='bbox 1315 2085 1407 2116; x_wconf 86' lang='lat' dir='ltr'>solutis</span> <span class='ocrx_word' id='word_1_1324' title='bbox 1420 2086 1498 2125; x_wconf 79' lang='lat' dir='ltr'>juxta</span> <span class='ocrx_word' id='word_1_1325' title='bbox 1517 2085 1649 2117; x_wconf 88' lang='lat' dir='ltr'>locorum</span> <span class='ocrx_word' id='word_1_1326' title='bbox 1665 2084 1772 2116; x_wconf 86' lang='lat' dir='ltr'>Statuta</span> <span class='ocrx_word' id='word_1_1327' title='bbox 1783 2083 1911 2114; x_wconf 85' lang='lat' dir='ltr'>Teloniis</span> <span class='ocrx_word' id='word_1_1328' title='bbox 1925 2083 1960 2115; x_wconf 71' lang='grc' dir='ltr'>δε</span> <span class='ocrx_word' id='word_1_1329' title='bbox 1976 2083 2182 2124; x_wconf 74' lang='lat' dir='ltr'>Veetigalibus,</span> <span class='ocrx_word' id='word_1_1330' title='bbox 2200 2087 2300 2118; x_wconf 89' lang='lat' dir='ltr'>eadem</span> <span class='ocrx_word' id='word_1_1331' title='bbox 2317 2088 2371 2118; x_wconf 82' lang='lat' dir='ltr'>Li-</span> 
     </span>
     <span class='ocr_line' id='line_1_155' title="bbox 1315 2121 2370 2164; baseline 0.002 -9"><span class='ocrx_word' id='word_1_1332' title='bbox 1315 2125 1423 2155; x_wconf 85' lang='lat' dir='ltr'>bettate</span> <span class='ocrx_word' id='word_1_1333' title='bbox 1449 2123 1577 2156; x_wconf 90' lang='lat' dir='ltr'>recedere</span> <span class='ocrx_word' id='word_1_1334' title='bbox 1589 2146 1599 2161; x_wconf 92' lang='lat'>,</span> <span class='ocrx_word' id='word_1_1335' title='bbox 1625 2123 1752 2162; x_wconf 90' lang='lat' dir='ltr'>Negotia</span> <span class='ocrx_word' id='word_1_1336' title='bbox 1769 2121 1814 2153; x_wconf 90' lang='lat' dir='ltr'>sua</span> <span class='ocrx_word' id='word_1_1337' title='bbox 1833 2121 1922 2153; x_wconf 77' lang='lat' dir='ltr'>iibere</span> <span class='ocrx_word' id='word_1_1338' title='bbox 1937 2130 2069 2154; x_wconf 84' lang='lat' dir='ltr'>exercere</span> <span class='ocrx_word' id='word_1_1339' title='bbox 2082 2145 2092 2162; x_wconf 92' lang='lat'>,</span> <span class='ocrx_word' id='word_1_1340' title='bbox 2115 2124 2236 2164; x_wconf 90' lang='lat' dir='ltr'>indeque</span> <span class='ocrx_word' id='word_1_1341' title='bbox 2254 2126 2285 2156; x_wconf 91' lang='lat' dir='ltr'>in</span> <span class='ocrx_word' id='word_1_1342' title='bbox 2303 2136 2370 2164; x_wconf 87' lang='lat' dir='ltr'>pro-</span> 
     </span>
     <span class='ocr_line' id='line_1_156' title="bbox 1313 2160 2371 2201; baseline 0.003 -9"><span class='ocrx_word' id='word_1_1343' title='bbox 1313 2164 1385 2201; x_wconf 64' lang='lat' dir='ltr'>prias</span> <span class='ocrx_word' id='word_1_1344' title='bbox 1403 2171 1449 2193; x_wconf 87' lang='lat' dir='ltr'>aut</span> <span class='ocrx_word' id='word_1_1345' title='bbox 1467 2162 1568 2194; x_wconf 89' lang='lat' dir='ltr'>alienas</span> <span class='ocrx_word' id='word_1_1346' title='bbox 1583 2162 1704 2199; x_wconf 90' lang='lat' dir='ltr'>Patrias,</span> <span class='ocrx_word' id='word_1_1347' title='bbox 1721 2160 1953 2200; x_wconf 87' lang='lat' dir='ltr'>quandocunque</span> <span class='ocrx_word' id='word_1_1348' title='bbox 1972 2160 2073 2198; x_wconf 89' lang='lat' dir='ltr'>velint,</span> <span class='ocrx_word' id='word_1_1349' title='bbox 2101 2161 2135 2192; x_wconf 71' lang='grc' dir='ltr'>ὃς</span> <span class='ocrx_word' id='word_1_1350' title='bbox 2157 2162 2214 2193; x_wconf 88' lang='lat' dir='ltr'>fine</span> <span class='ocrx_word' id='word_1_1351' title='bbox 2237 2164 2295 2194; x_wconf 90' lang='lat' dir='ltr'>ullo</span> <span class='ocrx_word' id='word_1_1352' title='bbox 2314 2165 2371 2195; x_wconf 89' lang='lat' dir='ltr'>im-</span> 
     </span>
     <span class='ocr_line' id='line_1_157' title="bbox 1312 2198 2371 2240; baseline 0.002 -8"><span class='ocrx_word' id='word_1_1353' title='bbox 1312 2202 1492 2240; x_wconf 85' lang='lat' dir='ltr'>pedimento,</span> <span class='ocrx_word' id='word_1_1354' title='bbox 1511 2201 1616 2239; x_wconf 88' lang='lat' dir='ltr'>redire,</span> <span class='ocrx_word' id='word_1_1355' title='bbox 1636 2200 1729 2231; x_wconf 81' lang='lat' dir='ltr'>modo</span> <span class='ocrx_word' id='word_1_1356' title='bbox 1752 2198 1924 2230; x_wconf 88' lang='lat' dir='ltr'>Sereniffimi</span> <span class='ocrx_word' id='word_1_1357' title='bbox 1941 2201 2019 2237; x_wconf 79' lang='lat' dir='ltr'>Regis</span> <span class='ocrx_word' id='word_1_1358' title='bbox 2041 2199 2158 2238; x_wconf 83' lang='lat' dir='ltr'>Angliae</span> <span class='ocrx_word' id='word_1_1359' title='bbox 2171 2200 2285 2233; x_wconf 89' lang='lat' dir='ltr'>Subditi</span> <span class='ocrx_word' id='word_1_1360' title='bbox 2299 2202 2371 2233; x_wconf 85' lang='lat' dir='ltr'><em>Hol-</em></span> 
     </span>
     <span class='ocr_line' id='line_1_158' title="bbox 1315 2238 2373 2278; baseline 0.003 -9"><span class='ocrx_word' id='word_1_1361' title='bbox 1315 2240 1459 2270; x_wconf 79' lang='lat' dir='ltr'>landarum</span> <span class='ocrx_word' id='word_1_1362' title='bbox 1471 2243 1652 2271; x_wconf 79' lang='lat' dir='ltr'>Unitorumve</span> <span class='ocrx_word' id='word_1_1363' title='bbox 1661 2238 1797 2278; x_wconf 88' lang='lat' dir='ltr'>Navigiis</span> <span class='ocrx_word' id='word_1_1364' title='bbox 1813 2247 1874 2268; x_wconf 89' lang='lat' dir='ltr'>non</span> <span class='ocrx_word' id='word_1_1365' title='bbox 1882 2245 2013 2276; x_wconf 89' lang='lat' dir='ltr'>utantur,</span> <span class='ocrx_word' id='word_1_1366' title='bbox 2022 2238 2094 2268; x_wconf 89' lang='lat' dir='ltr'>nihil</span> <span class='ocrx_word' id='word_1_1367' title='bbox 2109 2248 2142 2269; x_wconf 85' lang='lat' dir='ltr'>ex</span> <span class='ocrx_word' id='word_1_1368' title='bbox 2151 2238 2310 2271; x_wconf 83' lang='lat' dir='ltr'>Hollandiae</span> <span class='ocrx_word' id='word_1_1369' title='bbox 2324 2250 2373 2274; x_wconf 85' lang='lat' dir='ltr'>aut</span> 
     </span>
     <span class='ocr_line' id='line_1_159' title="bbox 1313 2275 2371 2315; baseline 0.003 -7"><span class='ocrx_word' id='word_1_1370' title='bbox 1313 2281 1523 2309; x_wconf 85' lang='lat' dir='ltr'>Provinciarum</span> <span class='ocrx_word' id='word_1_1371' title='bbox 1549 2281 1695 2309; x_wconf 78' lang='lat' dir='ltr'>Unitarum</span> <span class='ocrx_word' id='word_1_1372' title='bbox 1720 2275 1852 2315; x_wconf 86' lang='lat' dir='ltr'>Opificiis</span> <span class='ocrx_word' id='word_1_1373' title='bbox 1871 2285 2043 2314; x_wconf 90' lang='lat' dir='ltr'>quocunque</span> <span class='ocrx_word' id='word_1_1374' title='bbox 2064 2277 2134 2308; x_wconf 92' lang='lat' dir='ltr'>loco</span> <span class='ocrx_word' id='word_1_1375' title='bbox 2146 2279 2248 2315; x_wconf 87' lang='lat' dir='ltr'>emptis</span> <span class='ocrx_word' id='word_1_1376' title='bbox 2262 2288 2310 2311; x_wconf 88' lang='lat' dir='ltr'>aut</span> <span class='ocrx_word' id='word_1_1377' title='bbox 2321 2289 2371 2311; x_wconf 89' lang='lat' dir='ltr'>ac-</span> 
     </span>
     <span class='ocr_line' id='line_1_160' title="bbox 1314 2312 2371 2356; baseline 0.001 -8"><span class='ocrx_word' id='word_1_1378' title='bbox 1314 2319 1420 2356; x_wconf 87' lang='lat' dir='ltr'>ceptis,</span> <span class='ocrx_word' id='word_1_1379' title='bbox 1437 2316 1507 2347; x_wconf 87' lang='lat' dir='ltr'>nihil</span> <span class='ocrx_word' id='word_1_1380' title='bbox 1528 2326 1582 2354; x_wconf 92' lang='lat' dir='ltr'>pro</span> <span class='ocrx_word' id='word_1_1381' title='bbox 1601 2326 1659 2354; x_wconf 91' lang='lat' dir='ltr'>quo</span> <span class='ocrx_word' id='word_1_1382' title='bbox 1680 2315 1767 2346; x_wconf 88' lang='lat' dir='ltr'>soluta</span> <span class='ocrx_word' id='word_1_1383' title='bbox 1785 2315 1838 2345; x_wconf 90' lang='lat' dir='ltr'>fint</span> <span class='ocrx_word' id='word_1_1384' title='bbox 1858 2314 1886 2344; x_wconf 87' lang='lat' dir='ltr'>in</span> <span class='ocrx_word' id='word_1_1385' title='bbox 1903 2312 2059 2344; x_wconf 84' lang='lat' dir='ltr'>Hollandia</span> <span class='ocrx_word' id='word_1_1386' title='bbox 2072 2324 2119 2346; x_wconf 90' lang='lat' dir='ltr'>aut</span> <span class='ocrx_word' id='word_1_1387' title='bbox 2136 2317 2266 2347; x_wconf 79' lang='lat' dir='ltr'>Partibus</span> <span class='ocrx_word' id='word_1_1388' title='bbox 2278 2320 2371 2350; x_wconf 80' lang='lat' dir='ltr'>Unitis</span> 
     </span>
     <span class='ocr_line' id='line_1_161' title="bbox 1311 2351 2373 2395; baseline 0.002 -9"><span class='ocrx_word' id='word_1_1389' title='bbox 1311 2355 1451 2394; x_wconf 90' lang='lat' dir='ltr'>Tributa,</span> <span class='ocrx_word' id='word_1_1390' title='bbox 1469 2356 1497 2386; x_wconf 90' lang='lat' dir='ltr'>in</span> <span class='ocrx_word' id='word_1_1391' title='bbox 1520 2354 1767 2387; x_wconf 86' lang='lat' dir='ltr'>Serenisfimorum</span> <span class='ocrx_word' id='word_1_1392' title='bbox 1789 2351 1974 2383; x_wconf 84' lang='lat' dir='ltr'>Archiducum</span> <span class='ocrx_word' id='word_1_1393' title='bbox 1987 2352 2152 2384; x_wconf 89' lang='lat' dir='ltr'>Provincias</span> <span class='ocrx_word' id='word_1_1394' title='bbox 2164 2355 2306 2395; x_wconf 88' lang='lat' dir='ltr'>deferant,</span> <span class='ocrx_word' id='word_1_1395' title='bbox 2327 2359 2373 2388; x_wconf 89' lang='lat' dir='ltr'>ni-</span> 
     </span>
     <span class='ocr_line' id='line_1_162' title="bbox 1313 2390 2372 2433; baseline -0.002 -8"><span class='ocrx_word' id='word_1_1396' title='bbox 1313 2395 1411 2433; x_wconf 87' lang='lat' dir='ltr'>hilque</span> <span class='ocrx_word' id='word_1_1397' title='bbox 1430 2393 1496 2424; x_wconf 88' lang='lat' dir='ltr'>inde</span> <span class='ocrx_word' id='word_1_1398' title='bbox 1509 2394 1542 2424; x_wconf 91' lang='lat' dir='ltr'>ad</span> <span class='ocrx_word' id='word_1_1399' title='bbox 1560 2403 1609 2423; x_wconf 89' lang='lat' dir='ltr'>eos</span> <span class='ocrx_word' id='word_1_1400' title='bbox 1624 2393 1671 2423; x_wconf 89' lang='lat' dir='ltr'>nifi</span> <span class='ocrx_word' id='word_1_1401' title='bbox 1690 2392 1758 2423; x_wconf 70' lang='lat' dir='ltr'>inita</span> <span class='ocrx_word' id='word_1_1402' title='bbox 1767 2390 1968 2423; x_wconf 85' lang='lat' dir='ltr'>Pacificatione</span> <span class='ocrx_word' id='word_1_1403' title='bbox 1981 2391 2194 2431; x_wconf 89' lang='lat' dir='ltr'>referant,nihil</span> <span class='ocrx_word' id='word_1_1404' title='bbox 2207 2396 2286 2433; x_wconf 75' lang='lat' dir='ltr'>quod</span> <span class='ocrx_word' id='word_1_1405' title='bbox 2300 2395 2372 2426; x_wconf 85' lang='lat' dir='ltr'><em>Hol-</em></span> 
     </span>
     <span class='ocr_line' id='line_1_163' title="bbox 1312 2429 2371 2472; baseline 0.003 -9"><span class='ocrx_word' id='word_1_1406' title='bbox 1312 2433 1456 2463; x_wconf 81' lang='lat' dir='ltr'>Iandorum</span> <span class='ocrx_word' id='word_1_1407' title='bbox 1475 2441 1522 2462; x_wconf 92' lang='lat' dir='ltr'>aut</span> <span class='ocrx_word' id='word_1_1408' title='bbox 1546 2435 1689 2463; x_wconf 82' lang='lat' dir='ltr'>Unitorum</span> <span class='ocrx_word' id='word_1_1409' title='bbox 1714 2431 1745 2461; x_wconf 90' lang='lat' dir='ltr'>sit</span> <span class='ocrx_word' id='word_1_1410' title='bbox 1770 2431 1798 2460; x_wconf 93' lang='lat' dir='ltr'>in</span> <span class='ocrx_word' id='word_1_1411' title='bbox 1820 2430 1874 2461; x_wconf 89' lang='lat' dir='ltr'>suis</span> <span class='ocrx_word' id='word_1_1412' title='bbox 1893 2429 2028 2461; x_wconf 89' lang='lat' dir='ltr'>Navibus</span> <span class='ocrx_word' id='word_1_1413' title='bbox 2048 2433 2105 2462; x_wconf 91' lang='lat' dir='ltr'>reci</span> <span class='ocrx_word' id='word_1_1414' title='bbox 2128 2432 2202 2470; x_wconf 85' lang='lat' dir='ltr'>iant,</span> <span class='ocrx_word' id='word_1_1415' title='bbox 2224 2442 2271 2464; x_wconf 89' lang='lat' dir='ltr'>aut</span> <span class='ocrx_word' id='word_1_1416' title='bbox 2291 2434 2371 2472; x_wconf 88' lang='lat' dir='ltr'>quod</span> 
     </span>
     <span class='ocr_line' id='line_1_164' title="bbox 1313 2467 2372 2506; baseline 0.002 -4"><span class='ocrx_word' id='word_1_1417' title='bbox 1313 2472 1393 2502; x_wconf 91' lang='lat' dir='ltr'>suum</span> <span class='ocrx_word' id='word_1_1418' title='bbox 1418 2471 1449 2502; x_wconf 90' lang='lat' dir='ltr'>sit</span> <span class='ocrx_word' id='word_1_1419' title='bbox 1471 2470 1643 2500; x_wconf 83' lang='lat' dir='ltr'>Hollana&#39;icis</span> <span class='ocrx_word' id='word_1_1420' title='bbox 1662 2469 1800 2501; x_wconf 92' lang='lat' dir='ltr'>Navibus</span> <span class='ocrx_word' id='word_1_1421' title='bbox 1823 2467 1927 2506; x_wconf 86' lang='lat' dir='ltr'>fidant,</span> <span class='ocrx_word' id='word_1_1422' title='bbox 1945 2468 2080 2500; x_wconf 90' lang='lat' dir='ltr'>Nomina</span> <span class='ocrx_word' id='word_1_1423' title='bbox 2114 2480 2146 2500; x_wconf 90' lang='lat' dir='ltr'>ua</span> <span class='ocrx_word' id='word_1_1424' title='bbox 2161 2471 2309 2502; x_wconf 72' lang='lat' dir='ltr'>Hollandis</span> <span class='ocrx_word' id='word_1_1425' title='bbox 2324 2481 2372 2504; x_wconf 82' lang='lat' dir='ltr'>aut</span> 
     </span>
     <span class='ocr_line' id='line_1_165' title="bbox 1315 2507 2371 2548; baseline 0.003 -10"><span class='ocrx_word' id='word_1_1426' title='bbox 1315 2513 1406 2538; x_wconf 74' lang='lat' dir='ltr'>Unitis</span> <span class='ocrx_word' id='word_1_1427' title='bbox 1421 2509 1612 2539; x_wconf 86' lang='lat' dir='ltr'>fraudulenter</span> <span class='ocrx_word' id='word_1_1428' title='bbox 1625 2519 1684 2539; x_wconf 90' lang='lat' dir='ltr'>non</span> <span class='ocrx_word' id='word_1_1429' title='bbox 1699 2507 1845 2545; x_wconf 67' lang='lat' dir='ltr'>praestent,</span> <span class='ocrx_word' id='word_1_1430' title='bbox 1863 2516 1894 2539; x_wconf 91' lang='lat' dir='ltr'>ut</span> <span class='ocrx_word' id='word_1_1431' title='bbox 1909 2508 1929 2537; x_wconf 92' lang='lat' dir='ltr'>fi</span> <span class='ocrx_word' id='word_1_1432' title='bbox 1945 2507 2014 2546; x_wconf 90' lang='lat' dir='ltr'>quid</span> <span class='ocrx_word' id='word_1_1433' title='bbox 2030 2509 2058 2537; x_wconf 89' lang='lat' dir='ltr'>in</span> <span class='ocrx_word' id='word_1_1434' title='bbox 2072 2518 2172 2538; x_wconf 90' lang='lat' dir='ltr'>eorum</span> <span class='ocrx_word' id='word_1_1435' title='bbox 2188 2510 2284 2548; x_wconf 91' lang='lat' dir='ltr'>aliquo</span> <span class='ocrx_word' id='word_1_1436' title='bbox 2297 2521 2371 2541; x_wconf 92' lang='lat' dir='ltr'>con-</span> 
     </span>
     <span class='ocr_line' id='line_1_166' title="bbox 1312 2545 2370 2584; baseline 0.003 -7"><span class='ocrx_word' id='word_1_1437' title='bbox 1312 2555 1472 2577; x_wconf 56' lang='lat' dir='ltr'>traventuni</span> <span class='ocrx_word' id='word_1_1438' title='bbox 1498 2548 1646 2577; x_wconf 45' lang='lat' dir='ltr'>reneri-(itur</span> <span class='ocrx_word' id='word_1_1439' title='bbox 1662 2547 1688 2575; x_wconf 90' lang='lat' dir='ltr'>id</span> <span class='ocrx_word' id='word_1_1440' title='bbox 1705 2555 1796 2576; x_wconf 88' lang='lat' dir='ltr'>omne</span> <span class='ocrx_word' id='word_1_1441' title='bbox 1809 2554 1862 2584; x_wconf 86' lang='lat' dir='ltr'>pro</span> <span class='ocrx_word' id='word_1_1442' title='bbox 1873 2545 1947 2583; x_wconf 87' lang='lat' dir='ltr'>justa</span> <span class='ocrx_word' id='word_1_1443' title='bbox 1961 2547 1994 2577; x_wconf 89' lang='lat'>&amp;</span> <span class='ocrx_word' id='word_1_1444' title='bbox 2011 2545 2085 2576; x_wconf 87' lang='lat' dir='ltr'>licita</span> <span class='ocrx_word' id='word_1_1445' title='bbox 2104 2547 2238 2577; x_wconf 83' lang='lat' dir='ltr'>habeatur</span> <span class='ocrx_word' id='word_1_1446' title='bbox 2252 2549 2370 2580; x_wconf 87' lang='lat' dir='ltr'>Praeda:</span> 
     </span>
     <span class='ocr_line' id='line_1_167' title="bbox 1314 2583 2370 2623; baseline 0.003 -9"><span class='ocrx_word' id='word_1_1447' title='bbox 1314 2585 1465 2623; x_wconf 56' lang='lat' dir='ltr'>supradicta</span> <span class='ocrx_word' id='word_1_1448' title='bbox 1488 2594 1584 2615; x_wconf 75' lang='lat' dir='ltr'>autem</span> <span class='ocrx_word' id='word_1_1449' title='bbox 1607 2584 1693 2615; x_wconf 88' lang='lat' dir='ltr'>intelli</span> <span class='ocrx_word' id='word_1_1450' title='bbox 1714 2584 1802 2622; x_wconf 87' lang='lat' dir='ltr'>enda,</span> <span class='ocrx_word' id='word_1_1451' title='bbox 1821 2594 1880 2614; x_wconf 90' lang='lat' dir='ltr'>non</span> <span class='ocrx_word' id='word_1_1452' title='bbox 1903 2583 1994 2614; x_wconf 76' lang='lat' dir='ltr'>solum</span> <span class='ocrx_word' id='word_1_1453' title='bbox 2010 2584 2047 2614; x_wconf 91' lang='lat' dir='ltr'>de</span> <span class='ocrx_word' id='word_1_1454' title='bbox 2062 2584 2197 2615; x_wconf 88' lang='lat' dir='ltr'>Navibus</span> <span class='ocrx_word' id='word_1_1455' title='bbox 2210 2584 2370 2619; x_wconf 91' lang='lat' dir='ltr'>Commet-</span> 
     </span>
     <span class='ocr_line' id='line_1_168' title="bbox 1314 2594 2369 2663; baseline 0.004 -11"><span class='ocrx_word' id='word_1_1456' title='bbox 1314 2624 1351 2652; x_wconf 91' lang='lat' dir='ltr'>cii</span> <span class='ocrx_word' id='word_1_1457' title='bbox 1375 2623 1457 2653; x_wconf 68' lang='lat' dir='ltr'>causti</span> <span class='ocrx_word' id='word_1_1458' title='bbox 1472 2622 1518 2663; x_wconf 20' lang='lat' dir='ltr'>‘vel</span> <span class='ocrx_word' id='word_1_1459' title='bbox 1539 2623 1647 2652; x_wconf 69' lang='lat' dir='ltr'>onustis</span> <span class='ocrx_word' id='word_1_1460' title='bbox 1662 2594 1882 2661; x_wconf 44' lang='lat' dir='ltr'>veionerandis,</span> <span class='ocrx_word' id='word_1_1461' title='bbox 1897 2621 1943 2652; x_wconf 88' lang='lat' dir='ltr'>sed</span> <span class='ocrx_word' id='word_1_1462' title='bbox 1959 2623 2041 2652; x_wconf 87' lang='lat' dir='ltr'>etiam</span> <span class='ocrx_word' id='word_1_1463' title='bbox 2056 2621 2092 2651; x_wconf 88' lang='lat' dir='ltr'>de</span> <span class='ocrx_word' id='word_1_1464' title='bbox 2107 2623 2138 2652; x_wconf 89' lang='lat' dir='ltr'>iis</span> <span class='ocrx_word' id='word_1_1465' title='bbox 2151 2633 2217 2659; x_wconf 88' lang='lat' dir='ltr'>quas</span> <span class='ocrx_word' id='word_1_1466' title='bbox 2229 2624 2298 2655; x_wconf 62' lang='lat' dir='ltr'>disti</span> <span class='ocrx_word' id='word_1_1467' title='bbox 2316 2625 2369 2656; x_wconf 89' lang='lat' dir='ltr'>Se-</span> 
     </span>
     <span class='ocr_line' id='line_1_169' title="bbox 1314 2660 2372 2697; baseline 0.004 -7"><span class='ocrx_word' id='word_1_1468' title='bbox 1314 2661 1449 2691; x_wconf 81' lang='lat' dir='ltr'>reniffimi</span> <span class='ocrx_word' id='word_1_1469' title='bbox 1473 2661 1614 2697; x_wconf 80' lang='lat' dir='ltr'>Principes</span> <span class='ocrx_word' id='word_1_1470' title='bbox 1633 2669 1748 2691; x_wconf 87' lang='lat' dir='ltr'>armatas</span> <span class='ocrx_word' id='word_1_1471' title='bbox 1767 2660 1872 2691; x_wconf 88' lang='lat' dir='ltr'>habent</span> <span class='ocrx_word' id='word_1_1472' title='bbox 1893 2660 1926 2691; x_wconf 90' lang='lat'>&amp;</span> <span class='ocrx_word' id='word_1_1473' title='bbox 1939 2660 2101 2697; x_wconf 86' lang='lat' dir='ltr'>habebunt,</span> <span class='ocrx_word' id='word_1_1474' title='bbox 2118 2661 2289 2693; x_wconf 87' lang='lat' dir='ltr'>cohibendis</span> <span class='ocrx_word' id='word_1_1475' title='bbox 2302 2663 2372 2695; x_wconf 92' lang='lat' dir='ltr'>Ho-</span> 
     </span>
     <span class='ocr_line' id='line_1_170' title="bbox 1316 2698 2370 2742; baseline 0.005 -13"><span class='ocrx_word' id='word_1_1476' title='bbox 1316 2699 1401 2730; x_wconf 89' lang='lat' dir='ltr'>stium</span> <span class='ocrx_word' id='word_1_1477' title='bbox 1422 2699 1585 2736; x_wconf 73' lang='lat' dir='ltr'>conatibus,</span> <span class='ocrx_word' id='word_1_1478' title='bbox 1605 2707 1652 2736; x_wconf 89' lang='lat' dir='ltr'>ut,</span> <span class='ocrx_word' id='word_1_1479' title='bbox 1671 2698 1793 2736; x_wconf 81' lang='lat' dir='ltr'>scilicet„</span> <span class='ocrx_word' id='word_1_1480' title='bbox 1812 2699 1845 2728; x_wconf 89' lang='lat' dir='ltr'>iis</span> <span class='ocrx_word' id='word_1_1481' title='bbox 1857 2699 1940 2735; x_wconf 82' lang='lat' dir='ltr'>aeque</span> <span class='ocrx_word' id='word_1_1482' title='bbox 1952 2698 2032 2728; x_wconf 87' lang='lat' dir='ltr'>liceat</span> <span class='ocrx_word' id='word_1_1483' title='bbox 2045 2707 2081 2728; x_wconf 90' lang='lat' dir='ltr'>eo</span> <span class='ocrx_word' id='word_1_1484' title='bbox 2096 2698 2234 2730; x_wconf 89' lang='lat' dir='ltr'>Numero</span> <span class='ocrx_word' id='word_1_1485' title='bbox 2252 2712 2312 2742; x_wconf 89' lang='lat' dir='ltr'>quo</span> <span class='ocrx_word' id='word_1_1486' title='bbox 2326 2702 2370 2734; x_wconf 85' lang='lat' dir='ltr'>su-</span> 
     </span>
     <span class='ocr_line' id='line_1_171' title="bbox 1315 2735 2372 2776; baseline 0.004 -8"><span class='ocrx_word' id='word_1_1487' title='bbox 1315 2748 1379 2776; x_wconf 79' lang='lat' dir='ltr'>pra,</span> <span class='ocrx_word' id='word_1_1488' title='bbox 1399 2738 1453 2768; x_wconf 85' lang='lat' dir='ltr'>five</span> <span class='ocrx_word' id='word_1_1489' title='bbox 1468 2738 1494 2768; x_wconf 89' lang='lat' dir='ltr'>vi</span> <span class='ocrx_word' id='word_1_1490' title='bbox 1510 2736 1702 2774; x_wconf 86' lang='lat' dir='ltr'>Tempestatis</span> <span class='ocrx_word' id='word_1_1491' title='bbox 1715 2736 1767 2766; x_wconf 85' lang='lat' dir='ltr'>sint</span> <span class='ocrx_word' id='word_1_1492' title='bbox 1781 2735 1904 2773; x_wconf 62' lang='lat' dir='ltr'>coacitae,</span> <span class='ocrx_word' id='word_1_1493' title='bbox 1923 2736 1980 2766; x_wconf 88' lang='lat' dir='ltr'>five</span> <span class='ocrx_word' id='word_1_1494' title='bbox 1997 2735 2168 2768; x_wconf 83' lang='lat' dir='ltr'>Commeatu</span> <span class='ocrx_word' id='word_1_1495' title='bbox 2182 2738 2273 2770; x_wconf 68' lang='lat' dir='ltr'>a&#39;iisve</span> <span class='ocrx_word' id='word_1_1496' title='bbox 2287 2742 2372 2771; x_wconf 88' lang='lat' dir='ltr'>rebus</span> 
     </span>
     <span class='ocr_line' id='line_1_172' title="bbox 1314 2774 2371 2814; baseline 0.002 -8"><span class='ocrx_word' id='word_1_1497' title='bbox 1314 2775 1455 2812; x_wconf 88' lang='lat' dir='ltr'>emendis,</span> <span class='ocrx_word' id='word_1_1498' title='bbox 1475 2776 1529 2805; x_wconf 92' lang='lat' dir='ltr'>five</span> <span class='ocrx_word' id='word_1_1499' title='bbox 1554 2775 1685 2805; x_wconf 84' lang='lat' dir='ltr'>Navibus</span> <span class='ocrx_word' id='word_1_1500' title='bbox 1705 2774 1876 2812; x_wconf 84' lang='lat' dir='ltr'>reficiendis,</span> <span class='ocrx_word' id='word_1_1501' title='bbox 1896 2775 1994 2804; x_wconf 89' lang='lat' dir='ltr'>eadem</span> <span class='ocrx_word' id='word_1_1502' title='bbox 2008 2775 2133 2806; x_wconf 88' lang='lat' dir='ltr'>libertate</span> <span class='ocrx_word' id='word_1_1503' title='bbox 2149 2780 2187 2807; x_wconf 83' lang='lat' dir='ltr'>uti</span> <span class='ocrx_word' id='word_1_1504' title='bbox 2202 2778 2371 2814; x_wconf 80' lang='lat' dir='ltr'>appellendo</span> 
     </span>
     <span class='ocr_line' id='line_1_173' title="bbox 1316 2811 2370 2851; baseline 0.004 -7"><span class='ocrx_word' id='word_1_1505' title='bbox 1316 2813 1488 2844; x_wconf 83' lang='lat' dir='ltr'>sublii’tendo</span> <span class='ocrx_word' id='word_1_1506' title='bbox 1510 2814 1542 2844; x_wconf 71' lang='grc' dir='ltr'>δε</span> <span class='ocrx_word' id='word_1_1507' title='bbox 1564 2813 1714 2851; x_wconf 87' lang='lat' dir='ltr'>abeundo,</span> <span class='ocrx_word' id='word_1_1508' title='bbox 1733 2813 1823 2843; x_wconf 89' lang='lat' dir='ltr'>modo</span> <span class='ocrx_word' id='word_1_1509' title='bbox 1843 2814 1872 2842; x_wconf 89' lang='lat' dir='ltr'>in</span> <span class='ocrx_word' id='word_1_1510' title='bbox 1896 2811 1977 2843; x_wconf 72' lang='lat' dir='ltr'>dietis</span> <span class='ocrx_word' id='word_1_1511' title='bbox 1992 2811 2135 2845; x_wconf 88' lang='lat' dir='ltr'>Portubus</span> <span class='ocrx_word' id='word_1_1512' title='bbox 2148 2815 2218 2846; x_wconf 90' lang='lat' dir='ltr'>nihil</span> <span class='ocrx_word' id='word_1_1513' title='bbox 2233 2818 2370 2849; x_wconf 86' lang='lat' dir='ltr'>hostiliter</span> 
     </span>
     <span class='ocr_line' id='line_1_174' title="bbox 1315 2851 2372 2891; baseline 0.005 -9"><span class='ocrx_word' id='word_1_1514' title='bbox 1315 2861 1420 2891; x_wconf 86' lang='lat' dir='ltr'>agant,</span> <span class='ocrx_word' id='word_1_1515' title='bbox 1449 2851 1495 2882; x_wconf 89' lang='lat' dir='ltr'>sed</span> <span class='ocrx_word' id='word_1_1516' title='bbox 1521 2853 1547 2881; x_wconf 89' lang='lat' dir='ltr'>se</span> <span class='ocrx_word' id='word_1_1517' title='bbox 1568 2851 1688 2881; x_wconf 77' lang='lat' dir='ltr'>honeste</span> <span class='ocrx_word' id='word_1_1518' title='bbox 1709 2860 1742 2881; x_wconf 85' lang='lat' dir='ltr'>ac</span> <span class='ocrx_word' id='word_1_1519' title='bbox 1772 2852 1869 2889; x_wconf 79' lang='lat' dir='ltr'>quiete</span> <span class='ocrx_word' id='word_1_1520' title='bbox 1884 2873 1892 2888; x_wconf 92' lang='lat'>,</span> <span class='ocrx_word' id='word_1_1521' title='bbox 1923 2859 1955 2882; x_wconf 87' lang='lat' dir='ltr'>ut</span> <span class='ocrx_word' id='word_1_1522' title='bbox 1982 2851 2102 2883; x_wconf 90' lang='lat' dir='ltr'>Amicos</span> <span class='ocrx_word' id='word_1_1523' title='bbox 2121 2854 2154 2884; x_wconf 76' lang='grc' dir='ltr'>δε</span> <span class='ocrx_word' id='word_1_1524' title='bbox 2179 2853 2372 2887; x_wconf 79' lang='lat' dir='ltr'>Confoedera-</span> 
     </span>
     <span class='ocr_line' id='line_1_175' title="bbox 1316 2889 2374 2928; baseline 0.004 -8"><span class='ocrx_word' id='word_1_1525' title='bbox 1316 2900 1361 2922; x_wconf 90' lang='lat' dir='ltr'>tos</span> <span class='ocrx_word' id='word_1_1526' title='bbox 1387 2891 1469 2922; x_wconf 89' lang='lat' dir='ltr'>decet</span> <span class='ocrx_word' id='word_1_1527' title='bbox 1484 2913 1494 2928; x_wconf 88' lang='lat'>,</span> <span class='ocrx_word' id='word_1_1528' title='bbox 1518 2891 1705 2927; x_wconf 84' lang='lat' dir='ltr'>contineant,</span> <span class='ocrx_word' id='word_1_1529' title='bbox 1731 2889 1823 2920; x_wconf 80' lang='lat' dir='ltr'>modo</span> <span class='ocrx_word' id='word_1_1530' title='bbox 1849 2889 1954 2920; x_wconf 77' lang='lat' dir='ltr'>diutius</span> <span class='ocrx_word' id='word_1_1531' title='bbox 1972 2889 2017 2920; x_wconf 92' lang='lat' dir='ltr'>vel</span> <span class='ocrx_word' id='word_1_1532' title='bbox 2045 2892 2073 2920; x_wconf 92' lang='lat' dir='ltr'>in</span> <span class='ocrx_word' id='word_1_1533' title='bbox 2099 2891 2205 2922; x_wconf 87' lang='lat' dir='ltr'>eisdem</span> <span class='ocrx_word' id='word_1_1534' title='bbox 2230 2893 2374 2927; x_wconf 86' lang='lat' dir='ltr'>Portubus</span> 
     </span>
     <span class='ocr_line' id='line_1_176' title="bbox 1316 2926 2373 2967; baseline 0.005 -8"><span class='ocrx_word' id='word_1_1535' title='bbox 1316 2929 1361 2959; x_wconf 90' lang='lat' dir='ltr'>vel</span> <span class='ocrx_word' id='word_1_1536' title='bbox 1381 2930 1455 2959; x_wconf 88' lang='lat' dir='ltr'>circa</span> <span class='ocrx_word' id='word_1_1537' title='bbox 1470 2928 1573 2959; x_wconf 85' lang='lat' dir='ltr'>Portus</span> <span class='ocrx_word' id='word_1_1538' title='bbox 1593 2937 1652 2957; x_wconf 90' lang='lat' dir='ltr'>non</span> <span class='ocrx_word' id='word_1_1539' title='bbox 1673 2927 1794 2958; x_wconf 71' lang='lat' dir='ltr'>haereant</span> <span class='ocrx_word' id='word_1_1540' title='bbox 1815 2926 1860 2958; x_wconf 89' lang='lat' dir='ltr'>vel</span> <span class='ocrx_word' id='word_1_1541' title='bbox 1878 2927 2019 2964; x_wconf 81' lang='lat' dir='ltr'>persistant</span> <span class='ocrx_word' id='word_1_1542' title='bbox 2041 2938 2126 2967; x_wconf 88' lang='lat' dir='ltr'>quam</span> <span class='ocrx_word' id='word_1_1543' title='bbox 2148 2930 2200 2961; x_wconf 86' lang='lat' dir='ltr'>illis</span> <span class='ocrx_word' id='word_1_1544' title='bbox 2223 2932 2258 2963; x_wconf 90' lang='lat' dir='ltr'>ad</span> <span class='ocrx_word' id='word_1_1545' title='bbox 2282 2933 2373 2964; x_wconf 88' lang='lat' dir='ltr'>Refe-</span> 
     </span>
     <span class='ocr_line' id='line_1_177' title="bbox 1317 2965 2374 3011; baseline 0.005 -14"><span class='ocrx_word' id='word_1_1546' title='bbox 1317 2969 1444 2998; x_wconf 71' lang='lat' dir='ltr'>erronem</span> <span class='ocrx_word' id='word_1_1547' title='bbox 1470 2968 1502 2998; x_wconf 86' lang='lat'>&amp;</span> <span class='ocrx_word' id='word_1_1548' title='bbox 1525 2966 1575 2997; x_wconf 88' lang='lat' dir='ltr'>alia</span> <span class='ocrx_word' id='word_1_1549' title='bbox 1599 2965 1763 2996; x_wconf 80' lang='lat' dir='ltr'>Neceflaria</span> <span class='ocrx_word' id='word_1_1550' title='bbox 1790 2966 1909 3004; x_wconf 83' lang='lat' dir='ltr'>paranda</span> <span class='ocrx_word' id='word_1_1551' title='bbox 1927 2967 2011 2998; x_wconf 89' lang='lat' dir='ltr'>fuerit</span> <span class='ocrx_word' id='word_1_1552' title='bbox 2032 2967 2142 2998; x_wconf 84' lang='lat' dir='ltr'>neceffe</span> <span class='ocrx_word' id='word_1_1553' title='bbox 2156 2992 2166 3007; x_wconf 87' lang='lat'>,</span> <span class='ocrx_word' id='word_1_1554' title='bbox 2190 2969 2228 3000; x_wconf 76' lang='lat' dir='ltr'>ne</span> <span class='ocrx_word' id='word_1_1555' title='bbox 2250 2971 2374 3011; x_wconf 89' lang='lat' dir='ltr'>impedi-</span> 
     </span>
     <span class='ocr_line' id='line_1_178' title="bbox 1318 3004 2373 3044; baseline 0.004 -7"><span class='ocrx_word' id='word_1_1556' title='bbox 1318 3015 1417 3037; x_wconf 86' lang='lat' dir='ltr'>mento</span> <span class='ocrx_word' id='word_1_1557' title='bbox 1433 3004 1641 3044; x_wconf 90' lang='lat' dir='ltr'>quoquomodo</span> <span class='ocrx_word' id='word_1_1558' title='bbox 1658 3005 1709 3035; x_wconf 89' lang='lat' dir='ltr'>sint</span> <span class='ocrx_word' id='word_1_1559' title='bbox 1723 3004 1813 3035; x_wconf 90' lang='lat' dir='ltr'>libero</span> <span class='ocrx_word' id='word_1_1560' title='bbox 1825 3004 1939 3035; x_wconf 88' lang='lat' dir='ltr'>aliarum</span> <span class='ocrx_word' id='word_1_1561' title='bbox 1955 3004 2123 3036; x_wconf 81' lang='lat' dir='ltr'>Nationum</span> <span class='ocrx_word' id='word_1_1562' title='bbox 2135 3007 2305 3040; x_wconf 91' lang='lat' dir='ltr'>Amicarum</span> <span class='ocrx_word' id='word_1_1563' title='bbox 2324 3010 2373 3041; x_wconf 90' lang='lat' dir='ltr'>In-</span> 
     </span>
     <span class='ocr_line' id='line_1_179' title="bbox 1315 3043 2372 3081; baseline 0.004 -5"><span class='ocrx_word' id='word_1_1564' title='bbox 1315 3045 1447 3076; x_wconf 87' lang='lat' dir='ltr'>tercursui</span> <span class='ocrx_word' id='word_1_1565' title='bbox 1468 3046 1501 3077; x_wconf 86' lang='lat'>&amp;</span> <span class='ocrx_word' id='word_1_1566' title='bbox 1515 3043 1723 3081; x_wconf 88' lang='lat' dir='ltr'>Commercio,</span> <span class='ocrx_word' id='word_1_1567' title='bbox 1743 3044 1792 3073; x_wconf 90' lang='lat' dir='ltr'>ubi</span> <span class='ocrx_word' id='word_1_1568' title='bbox 1806 3051 1902 3075; x_wconf 86' lang='lat' dir='ltr'>autem</span> <span class='ocrx_word' id='word_1_1569' title='bbox 1915 3043 1951 3074; x_wconf 89' lang='lat' dir='ltr'>de</span> <span class='ocrx_word' id='word_1_1570' title='bbox 1964 3044 2069 3081; x_wconf 84' lang='lat' dir='ltr'>majore</span> <span class='ocrx_word' id='word_1_1571' title='bbox 2084 3044 2224 3077; x_wconf 89' lang='lat' dir='ltr'>Numero</span> <span class='ocrx_word' id='word_1_1572' title='bbox 2238 3047 2372 3080; x_wconf 82' lang='lat' dir='ltr'>Navium</span> 
     </span>
     <span class='ocr_line' id='line_1_180' title="bbox 1314 3081 2373 3124; baseline -0.002 -10"><span class='ocrx_word' id='word_1_1573' title='bbox 1314 3093 1486 3114; x_wconf 87' lang='lat' dir='ltr'>armatarum</span> <span class='ocrx_word' id='word_1_1574' title='bbox 1500 3091 1598 3124; x_wconf 84' lang='lat' dir='ltr'>agetur</span> <span class='ocrx_word' id='word_1_1575' title='bbox 1612 3091 1672 3112; x_wconf 92' lang='lat' dir='ltr'>non</span> <span class='ocrx_word' id='word_1_1576' title='bbox 1685 3081 1736 3111; x_wconf 86' lang='lat' dir='ltr'>nisi</span> <span class='ocrx_word' id='word_1_1577' title='bbox 1752 3081 1882 3112; x_wconf 82' lang='lat' dir='ltr'>consulto</span> <span class='ocrx_word' id='word_1_1578' title='bbox 1897 3081 1995 3113; x_wconf 89' lang='lat' dir='ltr'>licebit</span> <span class='ocrx_word' id='word_1_1579' title='bbox 2007 3083 2118 3122; x_wconf 82' lang='lat' dir='ltr'>ingredi</span> <span class='ocrx_word' id='word_1_1580' title='bbox 2138 3094 2144 3113; x_wconf 81' lang='lat' dir='ltr'>z</span> <span class='ocrx_word' id='word_1_1581' title='bbox 2170 3085 2373 3123; x_wconf 79' lang='lat' dir='ltr'>Qemadmo-</span> 
     </span>
     <span class='ocr_line' id='line_1_181' title="bbox 1315 3120 2371 3159; baseline 0.006 -8"><span class='ocrx_word' id='word_1_1582' title='bbox 1315 3122 1383 3153; x_wconf 90' lang='lat' dir='ltr'>dum</span> <span class='ocrx_word' id='word_1_1583' title='bbox 1399 3131 1494 3152; x_wconf 89' lang='lat' dir='ltr'>autem</span> <span class='ocrx_word' id='word_1_1584' title='bbox 1512 3121 1600 3152; x_wconf 86' lang='lat' dir='ltr'>iidem</span> <span class='ocrx_word' id='word_1_1585' title='bbox 1618 3123 1700 3158; x_wconf 81' lang='lat' dir='ltr'>Reges</span> <span class='ocrx_word' id='word_1_1586' title='bbox 1716 3121 1750 3151; x_wconf 75' lang='grc' dir='ltr'>δε</span> <span class='ocrx_word' id='word_1_1587' title='bbox 1769 3120 1938 3151; x_wconf 87' lang='lat' dir='ltr'>Archiduces</span> <span class='ocrx_word' id='word_1_1588' title='bbox 1954 3120 2049 3151; x_wconf 57' lang='lat' dir='ltr'>simite</span> <span class='ocrx_word' id='word_1_1589' title='bbox 2069 3121 2239 3159; x_wconf 85' lang='lat' dir='ltr'>pollicentur</span> <span class='ocrx_word' id='word_1_1590' title='bbox 2259 3126 2329 3156; x_wconf 90' lang='lat' dir='ltr'>nihil</span> <span class='ocrx_word' id='word_1_1591' title='bbox 2343 3126 2371 3157; x_wconf 90' lang='lat' dir='ltr'>se</span> 
     </span>
     <span class='ocr_line' id='line_1_182' title="bbox 1317 3157 2370 3202; baseline 0.004 -12"><span class='ocrx_word' id='word_1_1592' title='bbox 1317 3161 1427 3190; x_wconf 92' lang='lat' dir='ltr'>subfidii</span> <span class='ocrx_word' id='word_1_1593' title='bbox 1447 3160 1539 3191; x_wconf 91' lang='lat' dir='ltr'>bellici</span> <span class='ocrx_word' id='word_1_1594' title='bbox 1562 3159 1676 3196; x_wconf 89' lang='lat' dir='ltr'>alicujus</span> <span class='ocrx_word' id='word_1_1595' title='bbox 1693 3168 1794 3189; x_wconf 92' lang='lat' dir='ltr'>eorum</span> <span class='ocrx_word' id='word_1_1596' title='bbox 1809 3157 1950 3189; x_wconf 88' lang='lat' dir='ltr'>Hostibus</span> <span class='ocrx_word' id='word_1_1597' title='bbox 1968 3169 2093 3197; x_wconf 78' lang='lat' dir='ltr'>unquam</span> <span class='ocrx_word' id='word_1_1598' title='bbox 2107 3160 2229 3201; x_wconf 78' lang='lat' dir='ltr'>laturos,</span> <span class='ocrx_word' id='word_1_1599' title='bbox 2244 3163 2281 3193; x_wconf 88' lang='lat' dir='ltr'>ita</span> <span class='ocrx_word' id='word_1_1600' title='bbox 2296 3174 2370 3202; x_wconf 88' lang='lat' dir='ltr'>quo-</span> 
     </span>
     <span class='ocr_line' id='line_1_183' title="bbox 1316 3196 2371 3239; baseline 0.004 -11"><span class='ocrx_word' id='word_1_1601' title='bbox 1316 3208 1372 3236; x_wconf 89' lang='lat' dir='ltr'>que</span> <span class='ocrx_word' id='word_1_1602' title='bbox 1394 3208 1512 3229; x_wconf 84' lang='lat' dir='ltr'>cautum</span> <span class='ocrx_word' id='word_1_1603' title='bbox 1533 3197 1590 3234; x_wconf 86' lang='lat' dir='ltr'>est,</span> <span class='ocrx_word' id='word_1_1604' title='bbox 1607 3199 1644 3226; x_wconf 81' lang='lat' dir='ltr'>ne</span> <span class='ocrx_word' id='word_1_1605' title='bbox 1657 3205 1765 3239; x_wconf 33' lang='lat' dir='ltr'>&#39;eorum</span> <span class='ocrx_word' id='word_1_1606' title='bbox 1784 3196 1897 3227; x_wconf 88' lang='lat' dir='ltr'>Subditi</span> <span class='ocrx_word' id='word_1_1607' title='bbox 1914 3196 2078 3236; x_wconf 86' lang='lat' dir='ltr'>Incolaeve,</span> <span class='ocrx_word' id='word_1_1608' title='bbox 2104 3200 2294 3239; x_wconf 73' lang='lat' dir='ltr'>cujuscunque</span> <span class='ocrx_word' id='word_1_1609' title='bbox 2319 3203 2371 3235; x_wconf 74' lang='lat' dir='ltr'>fist</span> 
     </span>
     <span class='ocr_line' id='line_1_184' title="bbox 1314 3233 2368 3279; baseline 0.007 -14"><span class='ocrx_word' id='word_1_1610' title='bbox 1314 3236 1451 3266; x_wconf 89' lang='lat' dir='ltr'>Nationis</span> <span class='ocrx_word' id='word_1_1611' title='bbox 1464 3245 1510 3267; x_wconf 89' lang='lat' dir='ltr'>aut</span> <span class='ocrx_word' id='word_1_1612' title='bbox 1526 3235 1687 3273; x_wconf 84' lang='lat' dir='ltr'>Qualitatis,</span> <span class='ocrx_word' id='word_1_1613' title='bbox 1707 3234 1763 3264; x_wconf 88' lang='lat' dir='ltr'>five</span> <span class='ocrx_word' id='word_1_1614' title='bbox 1779 3243 1915 3272; x_wconf 67' lang='lat' dir='ltr'>praetextu</span> <span class='ocrx_word' id='word_1_1615' title='bbox 1928 3233 2105 3267; x_wconf 78' lang='lat' dir='ltr'>Intercursfis</span> <span class='ocrx_word' id='word_1_1616' title='bbox 2117 3238 2150 3268; x_wconf 66' lang='lat' dir='ltr'>Ex.</span> <span class='ocrx_word' id='word_1_1617' title='bbox 2167 3238 2368 3279; x_wconf 78' lang='lat' dir='ltr'>Commercii,</span> 
     </span>
     <span class='ocr_line' id='line_1_185' title="bbox 1314 3272 2369 3313; baseline 0.005 -8"><span class='ocrx_word' id='word_1_1618' title='bbox 1314 3275 1370 3305; x_wconf 89' lang='lat' dir='ltr'>five</span> <span class='ocrx_word' id='word_1_1619' title='bbox 1389 3275 1443 3305; x_wconf 89' lang='lat' dir='ltr'>alio</span> <span class='ocrx_word' id='word_1_1620' title='bbox 1464 3282 1638 3312; x_wconf 89' lang='lat' dir='ltr'>quocunque</span> <span class='ocrx_word' id='word_1_1621' title='bbox 1658 3272 1778 3310; x_wconf 84' lang='lat' dir='ltr'>quaefito</span> <span class='ocrx_word' id='word_1_1622' title='bbox 1798 3274 1914 3309; x_wconf 90' lang='lat' dir='ltr'>colore,</span> <span class='ocrx_word' id='word_1_1623' title='bbox 1939 3274 2044 3313; x_wconf 82' lang='lat' dir='ltr'>possint</span> <span class='ocrx_word' id='word_1_1624' title='bbox 2065 3277 2234 3308; x_wconf 88' lang='lat' dir='ltr'>eorumdem</span> <span class='ocrx_word' id='word_1_1625' title='bbox 2255 3278 2369 3309; x_wconf 86' lang='lat' dir='ltr'>Princi-</span> 
     </span>
     <span class='ocr_line' id='line_1_186' title="bbox 1315 3310 2368 3353; baseline 0.005 -11"><span class='ocrx_word' id='word_1_1626' title='bbox 1315 3323 1403 3351; x_wconf 88' lang='lat' dir='ltr'>pum,</span> <span class='ocrx_word' id='word_1_1627' title='bbox 1420 3321 1467 3342; x_wconf 92' lang='lat' dir='ltr'>aut</span> <span class='ocrx_word' id='word_1_1628' title='bbox 1481 3312 1595 3349; x_wconf 90' lang='lat' dir='ltr'>alicujus</span> <span class='ocrx_word' id='word_1_1629' title='bbox 1614 3320 1713 3340; x_wconf 90' lang='lat' dir='ltr'>eorum</span> <span class='ocrx_word' id='word_1_1630' title='bbox 1735 3310 1859 3349; x_wconf 90' lang='lat' dir='ltr'>Hostes,</span> <span class='ocrx_word' id='word_1_1631' title='bbox 1879 3311 1934 3342; x_wconf 69' lang='lat' dir='ltr'>ulia</span> <span class='ocrx_word' id='word_1_1632' title='bbox 1957 3314 2081 3351; x_wconf 83' lang='lat' dir='ltr'>ratione,</span> <span class='ocrx_word' id='word_1_1633' title='bbox 2097 3313 2210 3353; x_wconf 88' lang='lat' dir='ltr'>juvare,</span> <span class='ocrx_word' id='word_1_1634' title='bbox 2232 3316 2368 3348; x_wconf 87' lang='lat' dir='ltr'>Pecunias</span> 
     </span>
     <span class='ocr_line' id='line_1_187' title="bbox 1313 3349 2370 3391; baseline 0.003 -10"><span class='ocrx_word' id='word_1_1635' title='bbox 1313 3351 1458 3388; x_wconf 83' lang='lat' dir='ltr'>conferre,</span> <span class='ocrx_word' id='word_1_1636' title='bbox 1478 3349 1683 3380; x_wconf 87' lang='lat' dir='ltr'>Commeatum</span> <span class='ocrx_word' id='word_1_1637' title='bbox 1703 3349 1789 3379; x_wconf 89' lang='lat' dir='ltr'>Arma</span> <span class='ocrx_word' id='word_1_1638' title='bbox 1811 3349 1963 3381; x_wconf 81' lang='lat' dir='ltr'>Machinas</span> <span class='ocrx_word' id='word_1_1639' title='bbox 1985 3351 2163 3391; x_wconf 83' lang='lat' dir='ltr'>Bombarda,</span> <span class='ocrx_word' id='word_1_1640' title='bbox 2179 3352 2370 3386; x_wconf 88' lang='lat' dir='ltr'>Instrumenta</span> 
     </span>
     <span class='ocr_line' id='line_1_188' title="bbox 1314 3387 2368 3430; baseline 0.002 -9"><span class='ocrx_word' id='word_1_1641' title='bbox 1314 3390 1392 3421; x_wconf 87' lang='lat' dir='ltr'>Bello</span> <span class='ocrx_word' id='word_1_1642' title='bbox 1413 3389 1538 3428; x_wconf 82' lang='lat' dir='ltr'>gerendo</span> <span class='ocrx_word' id='word_1_1643' title='bbox 1558 3396 1638 3430; x_wconf 79' lang='lat' dir='ltr'>apta,</span> <span class='ocrx_word' id='word_1_1644' title='bbox 1653 3387 1755 3417; x_wconf 87' lang='lat' dir='ltr'>aliosve</span> <span class='ocrx_word' id='word_1_1645' title='bbox 1774 3388 1889 3418; x_wconf 83' lang='lat' dir='ltr'>bellicos</span> <span class='ocrx_word' id='word_1_1646' title='bbox 1904 3389 2077 3427; x_wconf 84' lang='lat' dir='ltr'>Apparatus,</span> <span class='ocrx_word' id='word_1_1647' title='bbox 2094 3391 2300 3423; x_wconf 85' lang='lat' dir='ltr'>subministrare</span> <span class='ocrx_word' id='word_1_1648' title='bbox 2307 3413 2317 3429; x_wconf 81' lang='lat'>,</span> <span class='ocrx_word' id='word_1_1649' title='bbox 2336 3400 2368 3423; x_wconf 91' lang='lat' dir='ltr'>ut</span> 
     </span>
     <span class='ocr_line' id='line_1_189' title="bbox 1316 3426 2367 3466; baseline 0.001 -8"><span class='ocrx_word' id='word_1_1650' title='bbox 1316 3430 1364 3466; x_wconf 93' lang='lat' dir='ltr'>qui</span> <span class='ocrx_word' id='word_1_1651' title='bbox 1383 3427 1600 3458; x_wconf 89' lang='lat' dir='ltr'>contrafecerint</span> <span class='ocrx_word' id='word_1_1652' title='bbox 1622 3427 1706 3456; x_wconf 81' lang='lat' dir='ltr'>iciant</span> <span class='ocrx_word' id='word_1_1653' title='bbox 1729 3427 1758 3455; x_wconf 91' lang='lat' dir='ltr'>in</span> <span class='ocrx_word' id='word_1_1654' title='bbox 1782 3426 1809 3456; x_wconf 91' lang='lat' dir='ltr'>se</span> <span class='ocrx_word' id='word_1_1655' title='bbox 1832 3426 1933 3458; x_wconf 88' lang='lat' dir='ltr'>Poenis</span> <span class='ocrx_word' id='word_1_1656' title='bbox 1946 3428 2130 3460; x_wconf 80' lang='lat' dir='ltr'>acerbiffimis</span> <span class='ocrx_word' id='word_1_1657' title='bbox 2142 3429 2367 3461; x_wconf 83' lang='lat' dir='ltr'>animadversum</span> 
     </span>
     <span class='ocr_line' id='line_1_190' title="bbox 1313 3463 2150 3503; baseline 0.001 -6"><span class='ocrx_word' id='word_1_1658' title='bbox 1313 3468 1363 3503; x_wconf 89' lang='lat' dir='ltr'>iri,</span> <span class='ocrx_word' id='word_1_1659' title='bbox 1381 3474 1413 3496; x_wconf 90' lang='lat' dir='ltr'>ut</span> <span class='ocrx_word' id='word_1_1660' title='bbox 1426 3466 1455 3495; x_wconf 88' lang='lat' dir='ltr'>in</span> <span class='ocrx_word' id='word_1_1661' title='bbox 1471 3464 1650 3502; x_wconf 86' lang='lat' dir='ltr'>Foedifragos</span> <span class='ocrx_word' id='word_1_1662' title='bbox 1671 3474 1703 3493; x_wconf 90' lang='lat' dir='ltr'>ac</span> <span class='ocrx_word' id='word_1_1663' title='bbox 1717 3463 1866 3495; x_wconf 85' lang='lat' dir='ltr'>Seditiosos</span> <span class='ocrx_word' id='word_1_1664' title='bbox 1879 3466 1947 3496; x_wconf 80' lang='lat' dir='ltr'>solet</span> <span class='ocrx_word' id='word_1_1665' title='bbox 1959 3467 2150 3498; x_wconf 81' lang='lat' dir='ltr'>animadverti.</span> 
     </span>
    </p>

    <p class='ocr_par' dir='ltr' id='par_1_14' title="bbox 1312 3501 2369 4080">
     <span class='ocr_line' id='line_1_191' title="bbox 1351 3501 2367 3542; baseline 0.003 -9"><span class='ocrx_word' id='word_1_1666' title='bbox 1351 3504 1387 3535; x_wconf 90' lang='lat' dir='ltr'>Et</span> <span class='ocrx_word' id='word_1_1667' title='bbox 1409 3513 1468 3542; x_wconf 91' lang='lat' dir='ltr'>quo</span> <span class='ocrx_word' id='word_1_1668' title='bbox 1488 3503 1630 3533; x_wconf 87' lang='lat' dir='ltr'>uberiores</span> <span class='ocrx_word' id='word_1_1669' title='bbox 1647 3501 1765 3532; x_wconf 65' lang='lat' dir='ltr'>Fructus</span> <span class='ocrx_word' id='word_1_1670' title='bbox 1779 3512 1813 3532; x_wconf 79' lang='lat' dir='ltr'>ex</span> <span class='ocrx_word' id='word_1_1671' title='bbox 1826 3503 1881 3533; x_wconf 79' lang='lat' dir='ltr'>ha:</span> <span class='ocrx_word' id='word_1_1672' title='bbox 1898 3503 2064 3535; x_wconf 86' lang='lat' dir='ltr'>Concordia</span> <span class='ocrx_word' id='word_1_1673' title='bbox 2077 3505 2203 3536; x_wconf 90' lang='lat' dir='ltr'>Subditis</span> <span class='ocrx_word' id='word_1_1674' title='bbox 2221 3505 2367 3536; x_wconf 88' lang='lat' dir='ltr'>Sereniss-</span> 
     </span>
     <span class='ocr_line' id='line_1_192' title="bbox 1314 3540 2365 3581; baseline 0 -8"><span class='ocrx_word' id='word_1_1675' title='bbox 1314 3552 1431 3573; x_wconf 88' lang='lat' dir='ltr'>morum</span> <span class='ocrx_word' id='word_1_1676' title='bbox 1447 3543 1524 3578; x_wconf 80' lang='lat' dir='ltr'>Regis</span> <span class='ocrx_word' id='word_1_1677' title='bbox 1543 3540 1657 3578; x_wconf 83' lang='lat' dir='ltr'>Angliae</span> <span class='ocrx_word' id='word_1_1678' title='bbox 1676 3542 1708 3572; x_wconf 87' lang='lat'>&amp;</span> <span class='ocrx_word' id='word_1_1679' title='bbox 1729 3540 1914 3572; x_wconf 67' lang='lat' dir='ltr'>Arrhidaeum</span> <span class='ocrx_word' id='word_1_1680' title='bbox 1932 3544 2080 3581; x_wconf 88' lang='lat' dir='ltr'>provenire</span> <span class='ocrx_word' id='word_1_1681' title='bbox 2099 3543 2218 3581; x_wconf 83' lang='lat' dir='ltr'>poffint,</span> <span class='ocrx_word' id='word_1_1682' title='bbox 2236 3553 2365 3574; x_wconf 90' lang='lat' dir='ltr'>conven-</span> 
     </span>
     <span class='ocr_line' id='line_1_193' title="bbox 1314 3578 2366 3618; baseline 0.002 -8"><span class='ocrx_word' id='word_1_1683' title='bbox 1314 3591 1376 3613; x_wconf 91' lang='lat' dir='ltr'>tum</span> <span class='ocrx_word' id='word_1_1684' title='bbox 1392 3581 1424 3610; x_wconf 88' lang='lat'>&amp;</span> <span class='ocrx_word' id='word_1_1685' title='bbox 1438 3579 1603 3610; x_wconf 90' lang='lat' dir='ltr'>conclusum</span> <span class='ocrx_word' id='word_1_1686' title='bbox 1621 3578 1673 3615; x_wconf 87' lang='lat' dir='ltr'>est,</span> <span class='ocrx_word' id='word_1_1687' title='bbox 1690 3579 1781 3609; x_wconf 60' lang='lat' dir='ltr'>dictos</span> <span class='ocrx_word' id='word_1_1688' title='bbox 1798 3580 1991 3611; x_wconf 82' lang='lat' dir='ltr'>Sereniffimos</span> <span class='ocrx_word' id='word_1_1689' title='bbox 2007 3583 2103 3618; x_wconf 79' lang='lat' dir='ltr'>Regem</span> <span class='ocrx_word' id='word_1_1690' title='bbox 2119 3580 2230 3617; x_wconf 84' lang='lat' dir='ltr'>Angliae</span> <span class='ocrx_word' id='word_1_1691' title='bbox 2249 3582 2283 3611; x_wconf 91' lang='lat'>&amp;</span> <span class='ocrx_word' id='word_1_1692' title='bbox 2302 3585 2366 3612; x_wconf 89' lang='lat' dir='ltr'>Ar-</span> 
     </span>
     <span class='ocr_line' id='line_1_194' title="bbox 1312 3617 2369 3656; baseline 0.001 -7"><span class='ocrx_word' id='word_1_1693' title='bbox 1312 3619 1429 3649; x_wconf 80' lang='lat' dir='ltr'>chiduces</span> <span class='ocrx_word' id='word_1_1694' title='bbox 1453 3618 1631 3655; x_wconf 68' lang='lat' dir='ltr'>conjuntstim</span> <span class='ocrx_word' id='word_1_1695' title='bbox 1656 3619 1689 3649; x_wconf 70' lang='lat' dir='ltr'>«St</span> <span class='ocrx_word' id='word_1_1696' title='bbox 1715 3617 1823 3648; x_wconf 85' lang='lat' dir='ltr'>divisim</span> <span class='ocrx_word' id='word_1_1697' title='bbox 1843 3619 1955 3649; x_wconf 88' lang='lat' dir='ltr'>daturos</span> <span class='ocrx_word' id='word_1_1698' title='bbox 1979 3628 2094 3656; x_wconf 86' lang='lat' dir='ltr'>operam</span> <span class='ocrx_word' id='word_1_1699' title='bbox 2118 3620 2156 3648; x_wconf 74' lang='lat' dir='ltr'>ne</span> <span class='ocrx_word' id='word_1_1700' title='bbox 2173 3619 2298 3650; x_wconf 87' lang='lat' dir='ltr'>Subditis</span> <span class='ocrx_word' id='word_1_1701' title='bbox 2316 3631 2369 3651; x_wconf 89' lang='lat' dir='ltr'>eo-</span> 
     </span>
     <span class='ocr_line' id='line_1_195' title="bbox 1312 3655 2368 3697; baseline 0.002 -10"><span class='ocrx_word' id='word_1_1702' title='bbox 1312 3668 1375 3688; x_wconf 91' lang='lat' dir='ltr'>rum</span> <span class='ocrx_word' id='word_1_1703' title='bbox 1392 3657 1426 3687; x_wconf 91' lang='lat' dir='ltr'>ad</span> <span class='ocrx_word' id='word_1_1704' title='bbox 1443 3665 1542 3686; x_wconf 88' lang='lat' dir='ltr'>omnes</span> <span class='ocrx_word' id='word_1_1705' title='bbox 1563 3655 1664 3686; x_wconf 87' lang='lat' dir='ltr'>Portus</span> <span class='ocrx_word' id='word_1_1706' title='bbox 1679 3655 1780 3694; x_wconf 84' lang='lat' dir='ltr'>Regna</span> <span class='ocrx_word' id='word_1_1707' title='bbox 1792 3658 1824 3686; x_wconf 72' lang='grc' dir='ltr'>δε</span> <span class='ocrx_word' id='word_1_1708' title='bbox 1838 3657 1978 3686; x_wconf 89' lang='lat' dir='ltr'>Dominia</span> <span class='ocrx_word' id='word_1_1709' title='bbox 1990 3666 2089 3686; x_wconf 88' lang='lat' dir='ltr'>eorum</span> <span class='ocrx_word' id='word_1_1710' title='bbox 2105 3658 2150 3686; x_wconf 87' lang='lat' dir='ltr'>via</span> <span class='ocrx_word' id='word_1_1711' title='bbox 2162 3657 2368 3697; x_wconf 79' lang='lat' dir='ltr'>praecludatur,</span> 
     </span>
     <span class='ocr_line' id='line_1_196' title="bbox 1312 3693 2366 3735; baseline 0 -9"><span class='ocrx_word' id='word_1_1712' title='bbox 1312 3697 1467 3734; x_wconf 84' lang='lat' dir='ltr'>quominus</span> <span class='ocrx_word' id='word_1_1713' title='bbox 1489 3694 1576 3723; x_wconf 76' lang='lat' dir='ltr'>libere</span> <span class='ocrx_word' id='word_1_1714' title='bbox 1596 3695 1628 3724; x_wconf 72' lang='grc' dir='ltr'>δί</span> <span class='ocrx_word' id='word_1_1715' title='bbox 1654 3695 1710 3724; x_wconf 89' lang='lat' dir='ltr'>fine</span> <span class='ocrx_word' id='word_1_1716' title='bbox 1729 3695 1937 3732; x_wconf 87' lang='lat' dir='ltr'>impedimento</span> <span class='ocrx_word' id='word_1_1717' title='bbox 1957 3704 2025 3725; x_wconf 88' lang='lat' dir='ltr'>cum</span> <span class='ocrx_word' id='word_1_1718' title='bbox 2040 3695 2092 3724; x_wconf 88' lang='lat' dir='ltr'>suis</span> <span class='ocrx_word' id='word_1_1719' title='bbox 2106 3693 2240 3735; x_wconf 74' lang='lat' dir='ltr'>Navigiis</span> <span class='ocrx_word' id='word_1_1720' title='bbox 2256 3695 2366 3728; x_wconf 85' lang='lat' dir='ltr'>Merci-</span> 
     </span>
     <span class='ocr_line' id='line_1_197' title="bbox 1313 3731 2367 3771; baseline 0.001 -6"><span class='ocrx_word' id='word_1_1721' title='bbox 1313 3736 1365 3765; x_wconf 90' lang='lat' dir='ltr'>bus</span> <span class='ocrx_word' id='word_1_1722' title='bbox 1380 3736 1413 3765; x_wconf 90' lang='lat'>&amp;</span> <span class='ocrx_word' id='word_1_1723' title='bbox 1430 3732 1557 3762; x_wconf 85' lang='lat' dir='ltr'>Plaustris</span> <span class='ocrx_word' id='word_1_1724' title='bbox 1567 3755 1576 3769; x_wconf 92' lang='lat'>,</span> <span class='ocrx_word' id='word_1_1725' title='bbox 1594 3732 1686 3763; x_wconf 91' lang='lat' dir='ltr'>solutis</span> <span class='ocrx_word' id='word_1_1726' title='bbox 1699 3733 1843 3762; x_wconf 83' lang='lat' dir='ltr'>ordinariis</span> <span class='ocrx_word' id='word_1_1727' title='bbox 1857 3733 1991 3762; x_wconf 84' lang='lat' dir='ltr'>Portoriis</span> <span class='ocrx_word' id='word_1_1728' title='bbox 2004 3734 2036 3762; x_wconf 90' lang='lat'>&amp;</span> <span class='ocrx_word' id='word_1_1729' title='bbox 2051 3731 2199 3771; x_wconf 85' lang='lat' dir='ltr'>Teloniis,</span> <span class='ocrx_word' id='word_1_1730' title='bbox 2213 3733 2246 3764; x_wconf 89' lang='lat' dir='ltr'>ad</span> <span class='ocrx_word' id='word_1_1731' title='bbox 2263 3745 2367 3766; x_wconf 87' lang='lat' dir='ltr'>omnes</span> 
     </span>
     <span class='ocr_line' id='line_1_198' title="bbox 1312 3769 2367 3812; baseline -0.001 -10"><span class='ocrx_word' id='word_1_1732' title='bbox 1312 3773 1405 3803; x_wconf 62' lang='lat' dir='ltr'>dicitos</span> <span class='ocrx_word' id='word_1_1733' title='bbox 1434 3771 1537 3800; x_wconf 89' lang='lat' dir='ltr'>Portus</span> <span class='ocrx_word' id='word_1_1734' title='bbox 1564 3771 1667 3809; x_wconf 82' lang='lat' dir='ltr'>Regna</span> <span class='ocrx_word' id='word_1_1735' title='bbox 1695 3772 1726 3801; x_wconf 71' lang='grc' dir='ltr'>δε</span> <span class='ocrx_word' id='word_1_1736' title='bbox 1748 3771 1885 3801; x_wconf 86' lang='lat' dir='ltr'>Dominia</span> <span class='ocrx_word' id='word_1_1737' title='bbox 1904 3769 2035 3800; x_wconf 86' lang='lat' dir='ltr'>accedere</span> <span class='ocrx_word' id='word_1_1738' title='bbox 2057 3769 2161 3808; x_wconf 79' lang='lat' dir='ltr'>possint</span> <span class='ocrx_word' id='word_1_1739' title='bbox 2176 3794 2185 3809; x_wconf 94' lang='lat'>,</span> <span class='ocrx_word' id='word_1_1740' title='bbox 2208 3773 2367 3812; x_wconf 83' lang='lat' dir='ltr'>eademque</span> 
     </span>
     <span class='ocr_line' id='line_1_199' title="bbox 1313 3807 2367 3850; baseline 0.001 -9"><span class='ocrx_word' id='word_1_1741' title='bbox 1313 3810 1427 3850; x_wconf 89' lang='lat' dir='ltr'>quando</span> <span class='ocrx_word' id='word_1_1742' title='bbox 1445 3809 1583 3839; x_wconf 79' lang='lat' dir='ltr'>videbitur</span> <span class='ocrx_word' id='word_1_1743' title='bbox 1604 3810 1731 3840; x_wconf 81' lang='lat' dir='ltr'>libertate</span> <span class='ocrx_word' id='word_1_1744' title='bbox 1751 3819 1820 3839; x_wconf 89' lang='lat' dir='ltr'>cum</span> <span class='ocrx_word' id='word_1_1745' title='bbox 1840 3809 1897 3838; x_wconf 92' lang='lat' dir='ltr'>aliis</span> <span class='ocrx_word' id='word_1_1746' title='bbox 1921 3807 2070 3838; x_wconf 76' lang='lat' dir='ltr'>Mercibus</span> <span class='ocrx_word' id='word_1_1747' title='bbox 2090 3809 2238 3849; x_wconf 72' lang='lat' dir='ltr'>recedere,</span> <span class='ocrx_word' id='word_1_1748' title='bbox 2274 3811 2367 3850; x_wconf 81' lang='lat' dir='ltr'>Quod</span> 
     </span>
     <span class='ocr_line' id='line_1_200' title="bbox 1312 3845 2367 3888; baseline -0.004 -8"><span class='ocrx_word' id='word_1_1749' title='bbox 1312 3851 1383 3880; x_wconf 79' lang='lat' dir='ltr'>vero</span> <span class='ocrx_word' id='word_1_1750' title='bbox 1398 3848 1494 3879; x_wconf 88' lang='lat' dir='ltr'>attinet</span> <span class='ocrx_word' id='word_1_1751' title='bbox 1511 3847 1543 3876; x_wconf 84' lang='lat' dir='ltr'>ad</span> <span class='ocrx_word' id='word_1_1752' title='bbox 1557 3849 1686 3885; x_wconf 80' lang='lat' dir='ltr'>antiquos</span> <span class='ocrx_word' id='word_1_1753' title='bbox 1700 3846 1874 3878; x_wconf 76' lang='lat' dir='ltr'>Intercurssis</span> <span class='ocrx_word' id='word_1_1754' title='bbox 1886 3848 1920 3879; x_wconf 73' lang='grc' dir='ltr'>δε</span> <span class='ocrx_word' id='word_1_1755' title='bbox 1935 3845 2116 3876; x_wconf 89' lang='lat' dir='ltr'>Commercii</span> <span class='ocrx_word' id='word_1_1756' title='bbox 2132 3847 2299 3886; x_wconf 67' lang='lat' dir='ltr'>Tractatus,</span> <span class='ocrx_word' id='word_1_1757' title='bbox 2315 3852 2367 3888; x_wconf 72' lang='lat' dir='ltr'>qui</span> 
     </span>
     <span class='ocr_line' id='line_1_201' title="bbox 1313 3883 2366 3928; baseline -0.006 -9"><span class='ocrx_word' id='word_1_1758' title='bbox 1313 3889 1384 3919; x_wconf 84' lang='lat' dir='ltr'>varia</span> <span class='ocrx_word' id='word_1_1759' title='bbox 1404 3894 1498 3917; x_wconf 80' lang='lat' dir='ltr'>extant</span> <span class='ocrx_word' id='word_1_1760' title='bbox 1514 3886 1583 3915; x_wconf 91' lang='lat' dir='ltr'>inter</span> <span class='ocrx_word' id='word_1_1761' title='bbox 1606 3886 1774 3924; x_wconf 82' lang='lat' dir='ltr'>Burgundiae</span> <span class='ocrx_word' id='word_1_1762' title='bbox 1789 3885 1887 3917; x_wconf 88' lang='lat' dir='ltr'>Duces</span> <span class='ocrx_word' id='word_1_1763' title='bbox 1901 3883 2099 3922; x_wconf 88' lang='lat' dir='ltr'>Principesque</span> <span class='ocrx_word' id='word_1_1764' title='bbox 2115 3884 2214 3925; x_wconf 81' lang='lat' dir='ltr'>Belgii,</span> <span class='ocrx_word' id='word_1_1765' title='bbox 2234 3889 2267 3918; x_wconf 74' lang='grc' dir='ltr'>δε</span> <span class='ocrx_word' id='word_1_1766' title='bbox 2284 3887 2366 3928; x_wconf 78' lang='lat' dir='ltr'>Reg-</span> 
     </span>
     <span class='ocr_line' id='line_1_202' title="bbox 1312 3922 2368 3963; baseline -0.002 -7"><span class='ocrx_word' id='word_1_1767' title='bbox 1312 3937 1346 3957; x_wconf 89' lang='lat' dir='ltr'>na</span> <span class='ocrx_word' id='word_1_1768' title='bbox 1368 3934 1432 3956; x_wconf 89' lang='lat' dir='ltr'>tum</span> <span class='ocrx_word' id='word_1_1769' title='bbox 1456 3923 1570 3962; x_wconf 68' lang='lat' dir='ltr'>Aiiglia:</span> <span class='ocrx_word' id='word_1_1770' title='bbox 1584 3923 1788 3963; x_wconf 84' lang='lat' dir='ltr'>Hiberniaeque</span> <span class='ocrx_word' id='word_1_1771' title='bbox 1808 3932 1872 3954; x_wconf 89' lang='lat' dir='ltr'>tum</span> <span class='ocrx_word' id='word_1_1772' title='bbox 1885 3922 1991 3952; x_wconf 86' lang='lat' dir='ltr'>Scotiae</span> <span class='ocrx_word' id='word_1_1773' title='bbox 2002 3945 2011 3960; x_wconf 88' lang='lat'>,</span> <span class='ocrx_word' id='word_1_1774' title='bbox 2038 3923 2143 3961; x_wconf 85' lang='lat' dir='ltr'>quique</span> <span class='ocrx_word' id='word_1_1775' title='bbox 2159 3926 2322 3957; x_wconf 83' lang='lat' dir='ltr'>durantibus</span> <span class='ocrx_word' id='word_1_1776' title='bbox 2336 3930 2368 3959; x_wconf 74' lang='lat' dir='ltr'>jis</span> 
     </span>
     <span class='ocr_line' id='line_1_203' title="bbox 1314 3960 2367 4006; baseline 0 -11"><span class='ocrx_word' id='word_1_1777' title='bbox 1314 3965 1447 3995; x_wconf 89' lang='lat' dir='ltr'>Motibus</span> <span class='ocrx_word' id='word_1_1778' title='bbox 1464 3963 1526 3992; x_wconf 87' lang='lat' dir='ltr'>sunt</span> <span class='ocrx_word' id='word_1_1779' title='bbox 1550 3962 1713 4001; x_wconf 69' lang='lat' dir='ltr'>intermissi,</span> <span class='ocrx_word' id='word_1_1780' title='bbox 1739 3960 1869 3999; x_wconf 78' lang='lat' dir='ltr'>varieque</span> <span class='ocrx_word' id='word_1_1781' title='bbox 1891 3960 2003 3991; x_wconf 85' lang='lat' dir='ltr'>fortasse</span> <span class='ocrx_word' id='word_1_1782' title='bbox 2023 3960 2096 3998; x_wconf 88' lang='lat' dir='ltr'>laefi,</span> <span class='ocrx_word' id='word_1_1783' title='bbox 2112 3972 2290 3995; x_wconf 86' lang='lat' dir='ltr'>conventum</span> <span class='ocrx_word' id='word_1_1784' title='bbox 2309 3965 2367 4006; x_wconf 79' lang='lat' dir='ltr'>est,</span> 
     </span>
     <span class='ocr_line' id='line_1_204' title="bbox 1312 3999 2366 4044; baseline 0.005 -13"><span class='ocrx_word' id='word_1_1785' title='bbox 1312 4003 1397 4040; x_wconf 81' lang='lat' dir='ltr'>idque</span> <span class='ocrx_word' id='word_1_1786' title='bbox 1417 4000 1651 4040; x_wconf 84' lang='lat' dir='ltr'>provifionaliter,</span> <span class='ocrx_word' id='word_1_1787' title='bbox 1668 4009 1700 4031; x_wconf 92' lang='lat' dir='ltr'>ut</span> <span class='ocrx_word' id='word_1_1788' title='bbox 1717 3999 1863 4038; x_wconf 83' lang='lat' dir='ltr'>pristinam</span> <span class='ocrx_word' id='word_1_1789' title='bbox 1877 4001 1938 4030; x_wconf 89' lang='lat' dir='ltr'>vim</span> <span class='ocrx_word' id='word_1_1790' title='bbox 1951 4001 1985 4031; x_wconf 87' lang='lat'>&amp;</span> <span class='ocrx_word' id='word_1_1791' title='bbox 1998 3999 2196 4032; x_wconf 86' lang='lat' dir='ltr'>authoritatem</span> <span class='ocrx_word' id='word_1_1792' title='bbox 2211 4004 2366 4044; x_wconf 84' lang='lat' dir='ltr'>retineant,</span> 
     </span>
     <span class='ocr_line' id='line_1_205' title="bbox 1313 4037 2365 4080; baseline -0.001 -8"><span class='ocrx_word' id='word_1_1793' title='bbox 1313 4040 1448 4080; x_wconf 83' lang='lat' dir='ltr'>idemque</span> <span class='ocrx_word' id='word_1_1794' title='bbox 1467 4038 1500 4071; x_wconf 91' lang='lat' dir='ltr'>sit</span> <span class='ocrx_word' id='word_1_1795' title='bbox 1524 4039 1655 4077; x_wconf 84' lang='lat' dir='ltr'>utrinque</span> <span class='ocrx_word' id='word_1_1796' title='bbox 1676 4048 1777 4070; x_wconf 86' lang='lat' dir='ltr'>eorum</span> <span class='ocrx_word' id='word_1_1797' title='bbox 1795 4037 1856 4069; x_wconf 90' lang='lat' dir='ltr'>usus</span> <span class='ocrx_word' id='word_1_1798' title='bbox 1876 4038 1925 4076; x_wconf 89' lang='lat' dir='ltr'>qui</span> <span class='ocrx_word' id='word_1_1799' title='bbox 1947 4037 2002 4069; x_wconf 85' lang='lat' dir='ltr'>fuit</span> <span class='ocrx_word' id='word_1_1800' title='bbox 2021 4046 2086 4071; x_wconf 88' lang='lat' dir='ltr'>ante</span> <span class='ocrx_word' id='word_1_1801' title='bbox 2102 4048 2218 4072; x_wconf 87' lang='lat' dir='ltr'>motum</span> <span class='ocrx_word' id='word_1_1802' title='bbox 2231 4040 2365 4080; x_wconf 73' lang='lat' dir='ltr'>Bellum,</span> 
     </span>
    </p>

    <p class='ocr_par' dir='ltr' id='par_1_15' title="bbox 2293 4080 2371 4117">
     <span class='ocr_line' id='line_1_206' title="bbox 2293 4080 2371 4117; baseline 0.051 -9"><span class='ocrx_word' id='word_1_1803' title='bbox 2293 4080 2371 4117; x_wconf 83' lang='lat' dir='ltr'>quod</span> 
     </span>
    </p>
   </div>
   <div class='ocr_carea' id='block_1_8' title="bbox 2384 232 2516 349">
    <p class='ocr_par' dir='ltr' id='par_1_16' title="bbox 2384 232 2516 349">
     <span class='ocr_line' id='line_1_207' title="bbox 2384 232 2516 265; baseline 0 0"><span class='ocrx_word' id='word_1_1804' title='bbox 2384 232 2451 265; x_wconf 81' lang='lat' dir='ltr'>Ann</span> <span class='ocrx_word' id='word_1_1805' title='bbox 2465 233 2516 265; x_wconf 84' lang='lat' dir='ltr'>.D.</span> 
     </span>
     <span class='ocr_line' id='line_1_208' title="bbox 2406 271 2490 308; baseline 0.012 -7"><span class='ocrx_word' id='word_1_1806' title='bbox 2406 271 2490 308; x_wconf 82' lang='lat'>1605.</span> 
     </span>
     <span class='ocr_line' id='line_1_209' title="bbox 2390 309 2514 349; baseline 0 -10"><span class='ocrx_word' id='word_1_1807' title='bbox 2390 320 2402 348; x_wconf 88' lang='lat'><em>3</em></span> <span class='ocrx_word' id='word_1_1808' title='bbox 2413 309 2479 349; x_wconf 84' lang='lat' dir='ltr'>Jac.</span> <span class='ocrx_word' id='word_1_1809' title='bbox 2487 321 2514 339; x_wconf 83' lang='lat' dir='ltr'>z.</span> 
     </span>
    </p>
   </div>
   <div class='ocr_carea' id='block_1_9' title="bbox 2386 1392 2499 1460">
    <p class='ocr_par' dir='ltr' id='par_1_17' title="bbox 2386 1392 2499 1460">
     <span class='ocr_line' id='line_1_210' title="bbox 2386 1392 2499 1426; baseline 0.009 -5"><span class='ocrx_word' id='word_1_1810' title='bbox 2386 1392 2499 1426; x_wconf 67' lang='lat' dir='ltr'>*XVL</span> 
     </span>
     <span class='ocr_line' id='line_1_211' title="bbox 2387 1433 2453 1460; baseline 0 0"><span class='ocrx_word' id='word_1_1811' title='bbox 2387 1433 2453 1460; x_wconf 80' lang='lat'>6²2.</span> 
     </span>
    </p>
   </div>
  </div>
 </body>
</html>
