2557 4279
797 165 911 205 ET
994 163 1265 206 ACTA
1349 158 1834 214 PUBLICA.

67 251 198 286 Ann.D-
261 254 300 286 Et
324 253 432 291 insuper
447 277 455 290 ,
475 260 507 283 ut
529 251 606 281 idem
628 251 701 280 Baro
725 251 757 279 de
782 249 915 289 Httrzsldevz
934 250 1033 281 melius
1051 252 1084 282 &
1102 247 1288 293 commodius

89 292 174 332 1587.
221 293 336 325 diffisum
353 291 498 322 Officium
524 292 557 321 &
581 290 689 326 singula
715 289 806 319 eidem
827 290 996 326 pertinentia
1013 291 1112 328 exequi
1131 291 1164 321 &
1181 297 1288 326 perim-

67 333 182 371 29221'22.
223 333 292 371 pleri
310 331 397 361 valeat
415 331 447 360 ὃς
467 328 552 367 possit
568 351 576 365 ,
602 328 620 347 '¹‘
642 327 774 358 volumus
793 351 801 364 ,
830 329 861 357 &t
889 338 937 365 per
965 327 1115 359 Praesentes
1131 327 1284 370 damus&

66 380 125 410 Reg.
224 369 409 402 concedimus
426 368 519 398 eidem
541 370 644 396 Baroni
662 366 694 395 de
708 366 838 404 Huusdcn
855 365 1030 410 Potestat-em
1047 368 1083 411 .&
1105 366 1288 411 Aueihorita-

67 411 180 439 *va
222 418 280 440 tem
296 407 463 438 nominandi
481 405 636 442 assignandi
656 405 777 435 sacienli
797 405 945 435 ordinandi
970 405 1151 436 iubstituendi
1177 405 1210 435 δε
1235 403 1286 433 de-

2382 192 2409 235 7

1328 257 1393 279 rum
1410 247 1577 294 Hominum
1594 254 1759 286 nostrorum
1772 257 1831 294 jam
1847 258 1873 288 in
1890 261 2011 298 partibus
2027 263 2392 302 praediffisprovinciarum
2414 261 2488 293 ΑΠΠ-
2504 263 2546 298 D·

1328 288 1526 324 praedictarum
1542 300 1735 332 retentorum,
1753 305 1798 325 aut
1814 298 1999 334 imposterum
2024 303 2060 333 de
2076 312 2207 342 tempore
2231 305 2259 334 in
2282 314 2394 344 tempus
2431 303 2515 340 ¹537-

1327 326 1611 361 transmittendorum
1627 332 1659 362 8(
1676 334 1909 372 retinendorum,
1927 338 2125 375 assignavimus
2138 342 2335 375 constituimus
2360 347 2392 377 &
2416 348 2448 374 30
2469 344 2538 372 eliz..

1327 364 1538 432 grdinwimus,
1555 378 1606 407 ac,
1626 379 1675 409 per
1692 371 1843 403 Praeientes
1854 396 1862 411 ,
1879 374 2046 413 affignamus
2064 380 2264 412 constituimus
2287 384 2320 414 δε
2342 395 2393 416 ομ
2409 382 2467 415 ¹³⁹2·

1351 413 1473 443 mamus,

69 459 116 489 13·

73 2461 153 2494 'Ann.
162 2458 208 2500 D,

93 2502 178 2541 1587.

67 2544 128 2568 Par.
143 2551 188 2575 29.

71 2578 139 2608 Eliz.
153 2587 178 2616 p.

74 2626 115 2652 ¹7·
130 2626 204 2654 ηις.

72 3276 90 3293 ⁸
99 3275 181 3304 XVI.

219 447 334 486 putandi
361 447 412 476 sub
431 445 456 475 se
479 446 510 475 in
529 445 608 475 dicto
629 443 743 474 Officio
770 445 840 473 duos
862 444 1019 480 Deputatos
1038 445 1095 476 five
1113 442 1286 474 Substitutos

220 487 283 517 suos
321 495 355 516 ac
373 493 459 514 etiarn
477 483 548 513 duos
567 484 635 512 alios
653 482 817 512 Officiarios
836 482 885 512 sub
904 483 930 513 se
948 491 1065 513 vocatos
1075 483 1209 513 Wrdenr
1224 484 1285 526 Ser-

214 509 327 564 geanis,
346 533 460 554 necnon
478 532 579 552 omnes
599 523 632 552 &
651 521 839 550 omnimodos
858 521 925 550 alios
947 521 1096 551 Ministros
1112 522 1145 552 &
1163 519 1287 550 Officia-

219 565 275 594 rios
291 562 342 593 sub
359 562 386 592 se
407 560 570 591 necessarios
591 561 623 590 δε
641 567 799 598 oportunos
818 559 956 597 praedicto
968 559 1082 590 Officio
1098 561 1142 589 vel
1161 570 1214 599 pro
1230 558 1287 588 Ex-

219 602 353 634 ecutione
371 600 513 639 ejusdem,
531 601 564 630 ὃς
579 598 613 629 ad
631 599 728 627 onmia
747 599 779 629 &
797 597 901 636 lingula
922 597 1065 628 Praemissa
1083 599 1148 629 vice
1164 599 1195 629 &
1216 597 1285 627 loco

219 640 270 671 suo
288 639 449 670 faciendum
468 640 500 669 δε
519 636 718 676 exequendum
734 660 742 672 ,
770 646 834 673 quae
858 646 909 675 pro
935 636 1123 667 custodiendo
1150 637 1206 666 sive
1224 645 1286 679 gar-

221 679 327 710 diando
345 677 541 708 Marchiarum
560 677 595 707 de
615 676 640 705 le
662 675 772 705 Middle
793 674 899 705 March
911 697 920 713 ,
937 675 1036 706 ordine
1055 676 1086 705 ὃς
1108 685 1189 705 more
1206 675 1286 718 solito

221 720 256 750 δε
276 717 409 747 consueto
429 717 463 747 de
482 725 612 754 tempore
632 715 659 743 in
678 722 787 750 tempus
807 714 865 743 fieri
884 713 1082 756 consueverint
1099 737 1108 751 ,
1129 723 1213 751 prout
1234 713 1284 743 libi

221 757 323 787 melius
342 755 482 788 videbitur
501 754 655 792 expedire,
683 761 772 783 ratum
789 762 898 791 gratum
918 753 950 782 δε
970 754 1084 783 firmum
1103 754 1238 783 habentes
1253 753 1286 782 &

220 794 358 827 habiturae
376 802 470 825 totum
490 794 522 824 &
542 791 680 831 quidquid
699 800 747 828 per
765 792 875 822 &dium
894 793 1028 821 Baronem
1047 792 1080 836 de
1100 791 1231 830 Hunsa'en
1252 791 1286 820 si-

220 844 257 864 ve
275 834 358 872 ipiius
376 833 534 870 Deputatos
553 832 609 861 live
628 830 815 866 SubstitutOS,
836 832 863 860 in
882 830 973 860 forma
990 830 1122 874 praediCta
1142 840 1191 867 per
1219 839 1286 872 eum

220 873 311 904 fastos
326 873 359 903 &
378 871 540 908 faciendos,
558 870 655 900 adium
674 870 784 899 fastum
803 870 858 900 sive
877 868 988 908 gestum
1006 868 1088 899 fuerit
1106 879 1135 899 in
1156 869 1287 899 Prazmis-

220 912 253 943 iis
270 912 316 942 seu
332 912 362 940 in
380 911 475 948 aliquo
494 908 729 945 Pi‘aemissbrum3
1227 946 1231 949 ι

258 948 434 980 Habendum
454 947 610 979 tenendum
634 947 846 976 excercendum
873 948 906 978 &
936 944 1115 984 gaudendum
1137 944 1285 990 ¹Officium

221 988 371 1020 Custodi-„e
386 987 444 1018 sive
458 985 645 1017 Gardianatus
661 985 864 1023 praedietorum
874 1009 883 1024 ‚
899 994 932 1015 ac
946 993 1046 1029 caetera
1061 993 1157 1014 omnia
1179 986 1211 1015 &
1234 987 1288 1029 iin-

221 1025 465 1067 gula‘Praemiffa,
484 1025 553 1056 cum
572 1035 674 1055 eorum
697 1024 873 1054 Pertiiientiis
895 1023 1084 1054 Libertatibus
1109 1022 1288 1054 Commodi-

222 1067 323 1097 tatibus
346 1065 380 1095 &
401 1064 578 1103 Appenditiis
595 1063 728 1093 univer-lis
745 1086 754 1101 ,
789 1063 903 1100 praefato
926 1065 1030 1092 Barom·
1049 1063 1081 1091 de
1101 1061 1232 1104 H‘fnsden
1254 1073 1288 1108 ac

221 1105 279 1143 ejus
295 1103 444 1142 Deputatis
458 1103 503 1134 vel
518 1102 695 1139 Substitutis‚
715 1103 744 1131 in
762 1110 819 1131 tam
844 1101 944 1144 amplis
961 1100 1056 1144 modo
1075 1102 1115 1145 &U
1130 1105 1238 1139 torma,
1258 1112 1287 1132 in

222 1143 357 1173 omnibus
372 1143 405 1173 &
419 1151 468 1179 per
481 1142 595 1178 omnia,
611 1148 696 1178 prout
713 1140 810 1177 aliquis
823 1140 888 1170 alius
904 1146 960 1182 sive
974 1141 1058 1177 aliqui
1074 1140 1116 1169 alii
1141 1149 1206 1171 ante
1221 1143 1283 1172 haec

221 1190 352 1219 tempora
365 1181 462 1210 habuit
480 1180 536 1210 live
553 1177 698 1218 percepit,
717 1179 876 1209 habuerunt
900 1182 956 1208 live
980 1187 1164 1216 perceperunt
1186 1190 1286 1218 quam-

222 1221 270 1252 diu
287 1220 370 1250 nobis
385 1218 536 1257 placuerit:
663 1256 668 1261 .
860 1259 865 1263 .

259 1258 298 1290 Et
312 1259 423 1288 ulterius
438 1257 623 1288 concedimus
645 1255 739 1286 eidem
761 1259 864 1285 Barom
885 1256 917 1284 de
941 1254 1161 1300 HunsdenQpro
1185 1267 1286 1287 execu-

222 1298 301 1329 tione
316 1295 416 1327 Officii
434 1296 578 1333 praedicti,
597 1295 733 1333 quamdiu
749 1295 777 1324 in
800 1294 913 1324 Officio
935 1295 984 1324 illo
1012 1295 1132 1331 steterit,
1156 1294 1286 1327 Feodum

221 1336 254 1367 &
272 1335 399 1366 Vadium
449 1338 637 1371 uingentarum
646 1337 807 1362 Marcarum
823 1343 874 1371 pro
889 1333 976 1369 seipso
991 1334 1024 1364 &
1038 1343 1092 1371 pro
1107 1334 1217 1365 duobus
1227 1335 1287 1366 De-

221 1375 320 1413 putatis
333 1374 390 1405 slve
404 1335 562 1405 Sgbstitutis
575 1372 625 1404 sub
641 1373 667 1402 se
684 1373 713 1402 in
728 1373 808 1402 diei-0
825 1371 955 1409 Officio,
974 1372 1122 1415 videlicet,
1138 1383 1191 1410 pro
1207 1383 1286 1404 utro-

220 1423 279 1450 que
293 1423 392 1443 eorum
408 1413 552 1443 annuatim
567 1414 664 1441 Decem
678 1410 796 1447 Libras,
815 1419 929 1441 necnon
943 1420 996 1448 pro
1009 1410 1093 1441 dietis
1107 1411 1219 1442 duobus
1227 1412 1286 1443 Oi-

221 1451 331 1482 ficiariis
342 1451 392 1482 sub
409 1450 435 1481 se
450 1451 557 1482 vocatis
570 1450 690 1479 Warden
701 1453 843 1486 Sergeants
856 1459 909 1488 pro
925 1458 1043 1487 utroque
1060 1453 1204 1481 annuatim
1220 1452 1246 1481 xl
1262 1462 1284 1481 s.

221 1490 339 1521 durante
362 1490 442 1520 dicto
462 1488 644 1527 Beneplacito
669 1486 769 1518 nostro
784 1512 794 1527 ‚
824 1488 992 1519 solvendum
1014 1488 1048 1518 ad
1075 1489 1155 1520 Festa
1176 1490 1286 1520 Natalis

221 1527 347 1560 Domini
362 1530 396 1560 δε
411 1527 574 1558 Nativitatis
589 1526 686 1557 Sandti
701 1526 838 1567 Johannis
857 1526 1004 1565 Baptistae,
1021 1529 1287 1571 peruaequalesPor-

222 1569 328 1605 tiones,
347 1567 381 1597 de
403 1566 552 1597 Thesauro
573 1565 689 1602 nostro,
708 1565 743 1595 ad
764 1565 925 1604 Receptam
947 1565 1087 1609 Scaccarii
1110 1566 1215 1606 nostri,
1236 1577 1285 1605 per

222 1605 330 1637 Manus
341 1604 516 1636 Thesaurarii
531 1606 565 1636 &
580 1604 813 1635 camerariorum
833 1605 997 1635 nostrorum
1012 1604 1119 1635 ibidem
1135 1616 1187 1643 pro
1210 1616 1286 1637 tem-

457 1653 502 1674 m.

222 1644 559 1719 poffiaetfgsatglnltsiuinffiper
572 1681 706 1712 omnibus
721 1681 754 1712 ὃς
770 1680 880 1720 singulis
896 1679 1036 1712 Ministris
1053 1681 1147 1727 Ligeis
1160 1683 1193 1713 &
1212 1683 1288 1713 Sub-

219 1721 284 1753 ditis
303 1722 408 1753 nostris
428 1721 654 1760 quibuscumque
675 1720 773 1758 qu'od,
792 1721 821 1749 in
846 1719 1020 1750 Executione
1033 1731 1169 1752 omnium
1185 1722 1218 1752 &
1234 1722 1288 1752 fin-

220 1761 358 1800 gulorum
373 1759 603 1796 Praemifforum,
623 1760 739 1797 praefato
752 1761 857 1788 Baroni
871 1759 903 1787 de
925 1759 1076 1798 Hunsden,
1095 1770 1209 1791 necnon
1226 1761 1288 1791 De-

221 1800 325 1844 putatis
345 1798 509 1830 Substitutis
531 1799 564 1830 &
587 1797 729 1828 Ministris
751 1798 801 1828 suis
823 1797 1050 1842 quibuscumque
1065 1823 1074 1835 ‚
1094 1799 1130 1830 de
1155 1808 1287 1838 tempore

222 1848 252 1868 in
276 1846 387 1877 tempus
410 1838 571 1869 auxiliantes
592 1837 626 1868 &
650 1837 817 1867 obedientes
837 1836 889 1867 sint
909 1846 938 1866 in
960 1838 1095 1868 omnibus
1127 1848 1214 1876 prout
1236 1839 1287 1870 de-

222 1884 269 1909 cet
280 1889 286 1895 “

258 1901 307 1947 1⁵30
325 1914 406 1954 quod
421 1914 546 1954 expressh
561 1916 687 1953 mentio,
705 1914 766 1946 &a

259 1991 294 2023 In
312 1993 390 2031 cujus
406 1993 461 2031 rei,
477 1993 537 2025 &c.

223 2068 349 2139 ATege
374 2068 488 2109 Regina
509 2066 583 2108 apud
610 2068 868 2109 Wstmonasterium
886 2090 896 2107 ‚
927 2069 1071 2101 tricesimo
1101 2071 1198 2109 primo
1232 2068 1291 2100 Die

255 2117 308 2146 ugu
336 2117 354 2137 t.

879 2187 933 2215 Per
947 2185 1030 2225 ipfizm
1045 2189 1184 2224 Reginam.

233 2261 288 2268 ..ω

226 2310 386 2355 Commiffio
399 2311 488 2356 fasta
505 2313 634 2346 Domino
655 2314 701 2346 W
698 2310 845 2361 illoughby
866 2315 1089 2348 Locnmtenenti
1106 2320 1197 2349 totius
1217 2320 1287 2351 Ex-

610 2365 735 2394 cera-itus
751 2365 781 2393 in
799 2363 910 2409 Belgio.

233 2449 380 2507 REgina
396 2452 534 2482 omnibus
549 2451 583 2481 ad
600 2461 688 2489 quos,
706 2452 765 2481 &c
785 2451 919 2481 Salutem.

330 2489 413 2520 Cum
428 2491 543 2520 antehac
555 2515 563 2526 ,
582 2492 615 2519 ad
635 2490 774 2519 humilem
794 2490 965 2521 Petitionem
979 2494 1105 2522 Statuam
1121 2494 1293 2525 Generalium

231 2528 376 2557 Unitarum
395 2531 600 2559 Provinciarum
619 2532 648 2557 in
666 2528 774 2566 Belgio,
792 2538 825 2558 ex
837 2530 1084 2561 commiseratione
1099 2534 1219 2563 universi
1236 2535 1293 2565 Po-

230 2565 288 2602 puli
306 2566 443 2596 dictarum
461 2565 677 2597 Provinciarum
695 2568 816 2606 graviter
834 2567 931 2597 afflic‘ti
951 2570 984 2600 &
1003 2570 1141 2608 oppressi,
1160 2573 1192 2602 &c
1209 2574 1293 2604 intui-

229 2611 258 2633 tu
284 2604 481 2642 complurium
499 2606 690 2635 Trarftatuum
716 2605 861 2636 Amicitiae
888 2607 919 2636 &
946 2607 1128 2639 Commercii
1154 2612 1291 2642 initorum

226 2642 297 2673 inter
318 2643 413 2680 Reges
432 2643 652 2674 Praedecessores
669 2644 781 2674 nostros
809 2646 842 2675 ὃς
869 2645 1015 2682 Principes
1041 2658 1074 2678 ac
1092 2648 1183 2681 Status
1200 2650 1288 2681 dieta-

225 2691 289 2711 rum
309 2681 529 2713 Provinciatum
545 2706 554 2720 ,
579 2692 640 2712 nori
667 2683 757 2713 solum
777 2682 884 2720 Copias
904 2685 1035 2721 quasdam
1052 2695 1168 2718 armatas
1187 2688 1292 2720 Subdi-

224 2727 321 2750 torum
339 2719 521 2759 nostrorum,
541 2730 597 2751 tam
617 2720 755 2758 Equitum
775 2723 861 2758 quam
881 2721 1014 2754 Peditum
1032 2747 1041 2762 ,
1059 2726 1290 2759 transmiserimus

224 2758 254 2788 in
278 2767 367 2796 partes
391 2759 451 2790 illas
474 2760 662 2790 transmarinas
687 2770 739 2798 pro
764 2760 877 2790 Auxilio
904 2761 1044 2792 dictarum
1069 2763 1288 2797 provinciarum

224 2806 324 2827 contra
342 2798 403 2828 vim
422 2798 576 2829 multorum
595 2797 735 2828 Hostium
754 2798 867 2829 suorum
885 2822 894 2837 ‚
918 2802 968 2837 qui
995 2802 1059 2839 ipsas
1078 2803 1196 2843 integras
1215 2805 1290 2836 Pro—

223 2836 332 2866 vincias
350 2835 485 2867 hostiliter
504 2838 646 2867 continuo
665 2836 861 2875 oppresserunt
875 2860 894 2882 ⁹.
907 2849 941 2869 ac
966 2849 1066 2870 contra
1086 2841 1236 2881 Privilegia
1256 2854 1289 2875 ac

223 2872 422 2905 immunitates
435 2899 445 2914 ,
462 2875 543 2906 dietis
561 2875 681 2907 Statibus
696 2878 729 2907 &
749 2876 908 2906 Provinciis
927 2879 962 2908 ab
977 2880 1095 2917 antiquo
1114 2881 1129 2910 *a
1147 2882 1290 2920 Supremis

223 2911 361 2944 Dominis
377 2913 509 2945 conceffit
524 2936 534 2953 ‚
562 2913 673 2944 easdem
701 2916 731 2944 in
750 2914 925 2946 Servitutem
943 2917 1070 2954 redigere
1085 2921 1261 2952 conabantur
1281 2945 1292 2961 ,

222 2960 257 2981 ac
274 2951 360 2982 etiam
376 2962 429 2990 pro
447 2953 556 2983 meliori
575 2952 794 2983 Gubernatione
810 2954 1013 2991 praedictorum
1033 2955 1220 2989 Subditorum
1235 2968 1290 2991 no-

224 2988 349 3021 strorum
362 3013 373 3027 ,
395 3000 428 3020 ac
456 2990 636 3022 Defensione
662 2992 827 3022 earumdem
852 2991 1068 3025 provinciarum
1089 2996 1127 3027 sic
1146 2999 1289 3036 oppressa-

224 3037 306 3065 rum,
321 3028 511 3059 chariffimum
529 3029 658 3060 nostrum
677 3029 821 3060 Robertum
839 3034 967 3061 Comitem
981 3033 1137 3073 Leycestriae
1152 3039 1289 3067 Baronem

224 3066 258 3095 de
274 3066 399 3104 Denbigh
418 3067 678 3104 praeclari-Ordinis
696 3068 820 3100 Garterii
837 3068 926 3100 nostri
943 3071 1077 3108 Equitem
1096 3076 1289 3105 Locumtenen-

224 3110 280 3133 tem
296 3107 448 3144 Ducemque
463 3105 621 3136 Generalem
635 3107 721 3137 totius
739 3107 886 3138 Exercitus
911 3118 945 3139 ac
968 3110 1126 3148 Copiarum
1150 3113 1289 3145 Subdito-

224 3152 290 3173 rum
309 3142 473 3174 nostrorum
486 3168 496 3182 ,
522 3145 553 3174 in
571 3145 693 3182 partibus
711 3145 851 3183 praedietis
867 3156 1042 3179 retentorum
1056 3173 1065 3188 ‚
1094 3159 1176 3189 atque
1195 3153 1289 3191 impo-

225 3180 333 3211 stertim
352 3182 627 3213 transmittendorum
646 3183 680 3214 &
698 3184 929 3224 retinendorum,
944 3187 1169 3225 assignaverimus
1179 3192 1288 3222 consti-

226 3221 362 3251 tuerimus
375 3220 408 3251 &
421 3221 660 3259 ordinaverimus,
671 3232 721 3262 per
735 3222 842 3253 Literas
854 3224 960 3255 nostras
977 3226 1121 3266 Parentes,
1139 3229 1189 3260 sub
1203 3229 1289 3270 Mag—

226 3268 267 3288 no
280 3257 379 3297 Sigillo
391 3259 521 3298 Angliae,
538 3270 609 3290 curn
626 3261 708 3298 plena
721 3260 864 3291 Potestate
882 3262 901 3282 *
922 3265 956 3294 &
969 3264 1150 3297 Authoritate
1169 3268 1202 3298 ad
1220 3278 1288 3300 om-

226 3297 274 3327 nia
288 3307 321 3328 ea
333 3297 530 3335 exequendum
546 3308 610 3336 quae
625 3299 660 3328 ad
675 3299 885 3330 Executionem
899 3302 958 3332 talis
974 3303 1077 3334 Officii
1092 3315 1170 3336 erant
1190 3317 1290 3338 neces-

227 3334 309 3373 saria,
324 3344 410 3373 prout
432 3345 465 3366 ex
484 3345 583 3367 tenore
601 3336 739 3368 dictarum
760 3338 919 3370 Litetarum
941 3341 1100 3374 nostrarum
1125 3344 1288 3377 Patentium

227 3374 337 3412 plenius
352 3383 481 3413 apparet3

265 3412 403 3450 Cumque
426 3423 521 3452 nunc,
540 3413 581 3443 ob
601 3422 698 3452 graves
722 3416 852 3453 quasdam
874 3427 907 3448 ac
929 3419 1091 3451 neceffitrias
1113 3420 1234 3461 Causas,
1254 3425 1288 3455 ὃ(

227 3452 374 3489 praecipue
398 3460 430 3483 ut
450 3452 527 3483 idem
550 3455 640 3481 Comes
661 3451 699 3487 ώ-
714 3455 928 3494 Consbnguineus
938 3457 1024 3496 noller
1039 3458 1156 3496 praesens
1171 3462 1290 3492 consilio

228 3490 263 3520 &
275 3489 362 3527 operit
375 3491 459 3521 nobis
472 3490 648 3528 personaliter
660 3493 689 3521 in
707 3492 764 3523 hoc
780 3494 887 3534 Regno
904 3495 1003 3526 nostro
1017 3507 1049 3527 ac
1062 3499 1092 3528 in
1108 3499 1180 3529 Aula
1194 3501 1289 3531 nostra

229 3528 376 3567 inserviat,
391 3531 468 3567 J'uXta
480 3528 655 3560 Fidelitatem
668 3529 821 3562 scientiam
835 3535 869 3565 &
887 3533 1155 3573 Magnanimi'tatem
1169 3548 1237 3576 quas
1260 3541 1289 3569 in

229 3576 267 3596 eo
276 3567 384 3604 jamdiu
400 3567 495 3597 sumus
510 3576 632 3605 expertae
643 3591 652 3606 ‚
670 3569 796 3600 eundern
809 3574 937 3601 Comitem
949 3575 1144 3606 revocandum
1170 3577 1185 3606 a
1206 3578 1288 3608 dietis

229 3606 355 3642 partibus
369 3605 552 3636 transmarinis
566 3607 790 3645 decreverimus,
808 3609 930 3649 ideoque
944 3612 1026 3642 nobis
1040 3615 1225 3645 necessarium
1246 3618 1287 3647 vi-

230 3643 326 3674 deatur
347 3643 432 3675 alium
457 3644 601 3683 quendam
625 3645 793 3676 Nobilitatis
816 3648 922 3679 nostrae
936 3649 1039 3680 Virum
1055 3653 1085 3682 in
1100 3653 1198 3684 locum
1217 3664 1288 3691 prae-

230 3682 402 3712 faciemus
413 3683 618 3721 surrogandum
633 3685 666 3715 &
680 3684 902 3718 substituendum
919 3688 991 3726 effe,
1008 3690 1041 3720 ad
1051 3691 1130 3721 idem
1145 3691 1288 3723 Officium

230 3721 450 3752 Locumtenentis
464 3723 497 3753 &
511 3725 593 3752 Ducis
606 3722 747 3753 Generalis
765 3723 852 3755 nostri
875 3728 1070 3759 exercendum
1091 3731 1125 3761 &
1146 3740 1289 3768 exequen-

233 3758 306 3788 dum
325 3768 378 3797 pro
398 3760 509 3791 meliori
531 3760 747 3792 Gubernatione
768 3762 934 3794 Excercitus
957 3765 1062 3805 nostri,
1077 3769 1110 3798 ὃς
1131 3768 1165 3798 ad
1183 3770 1289 3808 reliqua

232 3797 332 3865 &mnia
344 3798 393 3866 alii}
408 3799 602 3838 peragendum
617 3810 685 3838 quae
696 3800 731 3831 ad
746 3800 857 3832 dietum
872 3802 1014 3835 Officium
1031 3806 1155 3844 speetant
1169 3807 1215 3838 seu
1228 3809 1289 3848 spe-

265 3845 310 3865 are
326 3844 364 3873 po
390 3846 455 3874 unt,

272 3873 422 3912 Qioniam
445 3877 473 3905 in
493 3876 620 3914 praesenti
643 3877 753 3915 nullum
775 3878 912 3909 habemus
933 3880 963 3910 in
978 3881 1029 3912 illis
1043 3884 1166 3919 partibus
1179 3885 1292 3923 aequalis

235 3909 385 3949 Dignitatis
407 3914 439 3944 ὃς
461 3913 590 3945 Honoris
613 3925 681 3946 cum
706 3916 823 3955 praefato
843 3920 959 3955 comite,
974 3926 1068 3954 tamen
1089 3921 1126 3952 de
1144 3921 1293 3962 fidelitate,

235 3948 370 3981 industri-21
387 3952 420 3982 ὃς
440 3954 549 3990 generis
570 3953 721 3993 dignitate,
740 3955 892 3992 praedilecti
917 3957 1002 3988 nobis
1015 3980 1025 3996 ‚
1043 3961 1181 3998 Peregrini
1203 3965 1294 4000 Barty

238 3986 381 4022 Equestris
395 3989 510 4021 Ordinis
526 3990 628 4022 Militis
642 3996 752 4023 Domini
765 3992 803 4028 &⁰
817 3997 936 4024 Baronis
953 3995 985 4024 de
1004 3998 1047 4025 W
1047 3997 1177 4036 illoaghby
1198 4000 1236 4035 ό·
1250 4003 1293 4030 Ε-

237 4025 332 4063 νεςΙζγ,
348 4026 515 4059 sufficienter
531 4031 681 4069 persuaste,
699 4032 790 4069 ipsum
811 4035 946 4062 Baronem
971 4033 1295 4069 LocUMTENENTEM

238 4062 432 4103 DvcssMQm
453 4066 681 4101 GENERALEM
699 4069 829 4102 nostrum
852 4072 937 4103 totius
960 4071 1109 4106 Exercitus
1131 4077 1165 4108 δε
1187 4076 1296 4116 Copia-

1364 441 1473 473 Dantes
1488 445 1580 475 eidem
1598 448 1704 476 Barom·
1718 457 1766 486 per
1782 448 1935 480 Praesentes
1947 451 2058 488 plenam
2083 455 2256 489 Potestatem
2283 461 2316 491 ὃς
2332 461 2394 492 Au-
2427 476 2431 480 ·

1327 478 1529 522 &horitatem‚
1546 484 1619 520 iuxta
1634 485 1728 516 sanam
1747 486 1957 519 Discretionem
1975 490 2066 529 suam,
2084 494 2118 523 de
2131 505 2259 534 tempore
2274 500 2301 528 in
2318 509 2394 530 tem-

1326 528 1394 556 pus,
1413 530 1513 552 omnes
1527 523 1560 553 &
1576 523 1697 562 singulos
1714 524 1885 562 Capitaneos
1902 526 2069 559 Colonellos
2086 530 2112 560 V
2115 534 2319 573 ieecapitaneos
2333 539 2395 569 Lo-

1326 565 1524 591 cumtenentes
1537 563 1571 593 &
1585 563 1652 593 alios
1667 563 1849 602 Officiarios‚
1866 575 1936 596 cum
1952 565 2102 604 Equitibus
2117 570 2278 615 Peditibus,
2298 579 2395 607 omnia

1327 595 1434 634 busque
1457 599 1514 629 aliis
1539 601 1591 630 sub
1618 601 1768 640 Stipendio
1796 603 1895 634 nostro
1923 605 2104 636 militantibus
2123 630 2131 644 ,
2156 610 2188 639 ὃς
2218 613 2267 644 sub
2290 625 2392 647 eorum

1328 632 1535 668 Condufflone
1560 639 1744 678 durantibus,
1772 640 1825 672 hac
1851 642 1976 681 praesenti
2003 643 2217 678 Commiilione
2235 652 2329 685 nostra
2347 666 2392 685 re„

1327 680 1420 703 tentos
1438 676 1484 705 vel
1500 678 1680 717 retinendos,
1699 679 1731 710 &
1751 689 1853 710 omnes
1871 681 1934 712 alias
1953 681 2086 713 Personas
2104 687 2292 727 quascumque
2311 717 2320 731 ,
2341 705 2393 725 cu-

1322 711 1492 752 juscumque
1514 715 1617 753 gradus
1634 719 1682 749 vel
1701 717 1875 750 conditionis
1889 719 1941 750 sint
1958 743 1968 758 ‚
1995 720 2045 751 sub
2064 722 2212 761 Stipendio
2240 731 2337 761 nostro
2363 735 2394 763 in

1327 752 1450 787 partibus
1474 753 1526 784 illis
1553 756 1703 787 militantes
1730 766 1850 789 retentas
1873 758 1919 789 vel
1945 760 2102 791 retinendas
2119 785 2127 799 ,
2151 771 2330 800 convocandi
2360 774 2393 803 &

1328 794 1528 828 congregandi
1580 804 1613 825 ac
1631 796 1703 832 ipsos
1720 796 1754 826 &
1773 807 1876 828 eorum
1895 798 2052 836 quemlibet
2070 800 2108 829 de
2127 809 2258 840 tempore
2276 806 2303 835 in
2321 818 2395 840 tem-

1327 837 1394 866 puS,
1412 838 1471 860 tam
1489 832 1519 862 in
1539 816 1746 864 hefenfionem
1765 834 1985 867 Provinciarum
2006 838 2203 874 praeditstarum
2220 865 2229 879 ,
2255 845 2339 881 quani
2359 849 2393 880 ad

1327 865 1531 910 Expulsionem
1547 872 1581 902 &
1598 871 1834 911 profligationem
1852 874 2042 906 Inimicorum
2064 876 2189 915 Populos
2216 883 2249 911 ὅ(
2274 881 2396 916 Provin-

1328 914 1382 935 cias
1400 908 1545 942 praedietas
1563 910 1726 947 depraedare
1744 913 1906 944 volentium
1920 936 1929 951 ‚
1954 914 2079 946 ducendi
2104 918 2135 947 &
2161 918 2227 948 duci
2246 919 2368 953 faciendi
2384 947 2394 962 ,

1328 944 1362 987 ὃς
1381 953 1449 975 curn
1469 947 1552 977 dietis
1568 947 1694 981 Inimicis
1713 951 1939 991 quibuscumque
1958 954 2050 984 modis
2066 954 2219 987 dimicandi
2235 981 2245 996 ‚
2271 960 2303 989 δε
2330 972 2396 991 om-

1328 992 1373 1012 nia
1391 981 1511 1015 faciendi
1529 988 1563 1018 ὃς
1581 990 1738 1026 exequendi
1755 999 1808 1027 pro
1827 991 1938 1021 meliori
1955 991 2078 1023 Servito
2106 994 2206 1025 nostro
2224 997 2253 1026 iri
2273 998 2396 1039 eisdem,

1329 1030 1413 1090 ἕηέᾳῑ
1430 1023 1523 1055 eidem
1543 1027 1666 1065 Baroni,
1680 1029 1756 1066 juxta
1774 1030 1867 1060 sanam
1885 1029 2099 1063 Discretionem
2115 1033 2192 1064 suani
2206 1058 2214 1072 ‚
2234 1037 2334 1068 melius
2354 1042 2397 1070 vi-

1349 1070 1365 1090 e
1389 1070 1462 1099 nur,
1666 1076 1669 1078 ·

1367 1098 1481 1130 Damus
1500 1102 1585 1132 etiarn
1601 1103 1695 1134 eidem
1716 1107 1821 1137 Baroni
1839 1107 1951 1144 plenam
1975 1108 2150 1140 Potestatem
2175 1112 2210 1142 ὃς
2235 1112 2401 1147 Authorita-

1328 1146 1387 1167 tem
1407 1139 1599 1179 quascumque
1616 1142 1816 1175 Ordinationes
1836 1146 1929 1182 Leges
1947 1148 1980 1178 ὃς
2002 1147 2247 1181 Proclamationes
2266 1152 2301 1182 de
2325 1163 2400 1184 tem-

1328 1186 1401 1220 pore
1414 1179 1443 1221 in
1462 1187 1573 1216 tempus
1593 1181 1783 1213 constituendi
1802 1185 1836 1215 &
1853 1184 1997 1223 faciendi,
2024 1196 2077 1224 pro
2094 1187 2170 1218 bona
2190 1188 2402 1224 Conducstione

1327 1214 1481 1283 Regimine
1507 1220 1540 1249 ὃς
1567 1218 1787 1251 Gubernatione
1812 1222 1961 1254 Exercitus
1984 1226 2017 1255 &
2047 1224 2208 1264 Copiarum
2235 1228 2403 1262 Hominum

1328 1262 1368 1283 no
1396 1264 1491 1285 rorum
1520 1257 1722 1293 praedictorum
1749 1268 1924 1292 retentorum
1952 1263 1984 1293 &
2012 1265 2224 1296 retinendorum
2240 1292 2249 1304 ,
2275 1277 2335 1299 tam
2370 1272 2400 1301 in

1329 1291 1433 1323 Castris
1452 1295 1485 1325 ὃς
1504 1295 1608 1333 Opidis
1626 1307 1691 1334 quae
1711 1299 1791 1328 nobis
1809 1299 1839 1329 in
1856 1309 1954 1330 manus
1971 1301 2076 1332 nostras
2095 1303 2203 1336 sumere
2224 1306 2257 1337 &
2278 1307 2400 1347 suscipe-

1329 1341 1357 1360 re
1377 1332 1517 1363 videbitur
1535 1344 1711 1375 oportunum
1728 1359 1737 1374 ,
1763 1338 1852 1374 quarn
1871 1339 1901 1368 in
1920 1341 2056 1371 omnibus
2075 1342 2131 1372 aliis
2151 1343 2220 1373 locis
2236 1345 2308 1376 infra
2329 1347 2401 1378 Pro-

1328 1371 1436 1413 vincias
1454 1372 1627 1411 praedictas,
1651 1375 1765 1412 proviso
1788 1375 1897 1414 semper
1923 1379 2004 1416 quod
2024 1379 2088 1410 tales
2108 1381 2200 1421 Leges
2219 1384 2252 1415 &
2274 1384 2400 1417 Ordina-

1327 1416 1421 1439 tiones
1441 1418 1506 1447 quae
1524 1412 1641 1443 antehac
1659 1414 1675 1443 a
1693 1414 1811 1450 praefato
1830 1419 1932 1446 comite
1958 1417 2009 1448 lint
2036 1418 2164 1450 stabilitae
2191 1432 2249 1453 non
2277 1433 2398 1456 revoca·

1328 1448 1435 1478 buntur
1450 1457 1497 1479 aut
1517 1452 1717 1490 mutabuntur,
1736 1453 1786 1483 nisi
1801 1453 1891 1492 aliqua
1910 1464 2010 1494 urgens
2029 1459 2062 1488 ὃς
2082 1459 2232 1492 necessaria
2249 1460 2339 1494 Causa
2359 1473 2400 1495 ta⁴

1326 1484 1354 1516 le
1371 1486 1476 1525 aliquid
1496 1491 1637 1528 requiret3

1364 1524 1476 1557 Damus
1495 1529 1627 1565 praeterea
1646 1529 1765 1567 praefato
1782 1533 1888 1561 Raram*
1910 1530 2085 1563 Potestatem
2107 1535 2141 1565 &
2168 1535 2399 1573 Aucihoritatem

1327 1564 1519 1595 constituendi
1535 1577 1637 1598 omnes
1654 1569 1687 1599 &
1703 1569 1741 1599 sin
1764 1570 1824 1600 ulos
1839 1569 2009 1607 Capitaneos
2023 1572 2055 1602 ὃς
2066 1572 2231 1606 Officiarios
2247 1579 2401 1615 quoscum-

1328 1612 1384 1640 que
1399 1603 1545 1634 Exercitus
1562 1605 1722 1644 Copiarum
1773 1609 1908 1640 ominum
1925 1611 2143 1647 praedit‘iorum:

1367 1641 1413 1672 Ac
1438 1643 1545 1681 insuper
1566 1645 1754 1676 concedimus
1775 1646 1867 1678 eidem
1894 1651 2000 1678 Baroni
2024 1649 2138 1687 plenam
2160 1650 2337 1686 Potestatem
2364 1659 2398 1689 ὃς

1329 1678 1559 1720 Authoritatem,
1577 1693 1625 1720 per
1639 1683 1809 1724 Praesentes,
1825 1696 2040 1726 quemcumque
2059 1690 2093 1720 &
2109 1691 2307 1730 quoscumque
2323 1695 2399 1725 Sub-

1327 1718 1456 1750 ditorurn
1472 1720 1640 1752 nostrorum
1654 1723 1854 1760 praedietarum
1870 1724 2033 1764 Copiarum
2050 1726 2216 1759 Hominum
2232 1732 2400 1766 nostrorum

1329 1757 1379 1786 sibi
1398 1759 1615 1791 commissarum
1639 1761 1685 1792 vel
1710 1764 2004 1803 committendarum,
2017 1766 2094 1804 juxta
2116 1768 2207 1798 sanam
2231 1770 2261 1799 in
2275 1781 2307 1801 ea
2322 1783 2399 1810 parte

1330 1794 1546 1829 Discretionem
1561 1799 1652 1838 suam,
1669 1801 1849 1837 exigentibus
1864 1812 1965 1833 eorum
1983 1805 2106 1843 meritis,
2124 1816 2176 1844 pro
2184 1807 2265 1838 rebus
2279 1810 2308 1839 in
2319 1821 2400 1849 aper-

1328 1835 1363 1865 tis
1380 1834 1482 1875 Pugnis
1498 1847 1531 1867 ac
1549 1838 1577 1867 i'n
1598 1838 1671 1869 Acie
1685 1839 1801 1870 viriliter
1816 1842 1973 1872 cornmiffis
1994 1844 2025 1872 &
2045 1844 2147 1883 gestis,
2168 1846 2346 1887 honorandi,
2364 1862 2398 1883 ac

1330 1873 1441 1905 Ordine
1458 1875 1575 1906 Militari
1588 1877 1743 1908 decorandi
1759 1879 1918 1910 secundum
1935 1892 2035 1911 eorum
2054 1883 2210 1915 Facultates
2231 1886 2264 1916 ad
2285 1887 2397 1920 dietum

1329 1912 1472 1944 Ordinem
1488 1914 1645 1946 Militarem
1661 1916 1871 1956 sustinendum,
1891 1928 1975 1956 prout
1991 1921 2024 1951 ad
2042 1920 2187 1953 Officium
2203 1923 2352 1962 Capitanei
2366 1930 2399 1960 ὃς

1331 1950 1572 1984 Locumtenentis
1591 1954 1738 1986 Generalis
1755 1957 1873 1993 pertinet
1886 1967 1932 1988 aut
1948 1957 2006 1988 fieri
2024 1962 2188 2000 consuevit,

1369 1991 1499 2022 Necnon
1520 1993 1650 2024 audiendi
1675 1995 1852 2025 examinandi
1877 1996 1909 2026 &
1936 1998 2119 2037 terminandi,
2138 2010 2186 2037 per
2210 2001 2236 2031 se
2250 2026 2258 2039 ,
2277 2004 2322 2033 vel
2348 2014 2397 2041 per

1329 2029 1519 2061 sufficientem
1537 2030 1718 2070 Deputatum
1734 2033 1815 2064 suum
1832 2034 1889 2065 sive
1904 2034 2065 2073 Deputatos
2089 2038 2151 2069 suos
2175 2039 2342 2073 sufficientes
2368 2046 2397 2074 in

1330 2079 1361 2099 ea
1377 2077 1468 2107 parte,
1486 2079 1588 2101 omnes
1605 2070 1707 2101 Causas
1721 2070 1892 2104 Criminales
1907 2073 2154 2106 Murmui‘ationes
2171 2077 2398 2113 Disobedientias

1331 2109 1365 2140 &
1381 2107 1571 2139 Disceffiones
1585 2110 1599 2139 a
1616 2108 1776 2146 Capitaneis
1790 2112 1823 2142 &
1841 2111 2090 2145 Gubernatoribus
2104 2115 2254 2148 Exercitus
2277 2120 2309 2150 δε
2337 2120 2400 2151 Co-

1331 2147 1441 2186 piarum
1459 2147 1624 2178 Hominum
1640 2148 1807 2180 nostrorum
1822 2151 2045 2191 praedictorum,
2064 2155 2096 2183 &
2112 2157 2209 2185 omnia
2230 2157 2280 2187 alia
2304 2157 2399 2189 Male-

1332 2186 1405 2216 fadta
1431 2185 1636 2225 cujuscumque
1660 2197 1766 2218 naturae
1789 2190 1916 2219 nominis
1938 2190 1982 2220 vel
2005 2191 2104 2230 speciei
2122 2193 2195 2231 lint,
2214 2204 2263 2232 per
2278 2196 2401 2234 aliquam

1333 2224 1486 2255 Personam
1500 2225 1555 2256 sive
1572 2225 1704 2257 Personas
1720 2227 1748 2256 in
1766 2226 1869 2265 Copiis
1886 2228 2055 2260 Hominum
2070 2231 2103 2261 &
2125 2231 2324 2265 Excercituum
2346 2247 2401 2267 no-

1332 2263 1455 2294 strorum
1470 2264 1692 2302 praeditstorum,
1711 2275 1760 2303 per
1776 2266 1844 2296 Nos
1861 2267 1906 2297 vel
1920 2278 1968 2304 per
1983 2268 2093 2300 dietum
2110 2272 2246 2301 Baronem
2270 2274 2400 2305 nostrum

1332 2305 1592 2340 appunctuatorum
1609 2304 1667 2334 live
1682 2304 1874 2342 imposterum
1882 2308 2166 2345 appunt‘tuandorum
2175 2311 2210 2340 ad
2222 2311 2400 2344 serviendum

1333 2342 1416 2372 nobis
1436 2343 1463 2371 in
1486 2341 1615 2372 Partibus
1636 2342 1793 2381 praedictis,
1812 2344 1883 2374 faita
1906 2346 1939 2375 ὅ(
1957 2355 2124 2384 perpetrata,
2141 2357 2174 2378 ac
2191 2348 2398 2388 Delinquentes

1333 2381 1363 2410 in
1387 2379 1538 2410 Praemiffis
1560 2380 1711 2419 castigandi
1727 2405 1735 2419 ‚
1759 2382 1777 2401 ²*
1799 2382 1958 2422 Poenasque
1984 2384 2090 2415 Mortis
2116 2386 2149 2416 &
2173 2386 2399 2430 Membrorum,

1333 2419 1379 2449 vel
1408 2420 1470 2449 alias
1497 2419 1600 2449 Poenas
1624 2419 1784 2457 corporales
1799 2445 1808 2458 ,
1829 2422 1906 2459 juxta
1932 2432 2033 2453 eorum
2052 2423 2202 2455 Demerita
2219 2449 2229 2464 ‚
2253 2428 2398 2468 infligendi

1328 2459 1408 2496 juxta
1432 2458 1522 2496 Leges
1547 2460 1580 2489 ὃς
1610 2458 1839 2489 Consuetudines
1869 2460 2034 2499 Martiales,
2068 2464 2100 2494 ὃ(
2128 2463 2257 2495 audiendi
2281 2468 2314 2498 &
2343 2478 2399 2499 ter-

1334 2497 1460 2526 minandi
1483 2506 1584 2526 omnes
1604 2496 1764 2534 hujusmodi
1794 2497 1897 2529 Causas
1919 2499 2093 2536 Contractus
2117 2503 2150 2532 &
2175 2503 2311 2542 Qierelas
2333 2516 2399 2537 orn-

1333 2536 1417 2564 nium
1431 2537 1464 2566 &
1479 2535 1652 2572 singulorum
1665 2536 1700 2566 de
1721 2536 1853 2567 Exercitu
1877 2538 1910 2568 ὃς
1932 2537 2034 2576 Copiis
2057 2539 2225 2572 Hominum
2245 2544 2399 2580 praedieto-

1334 2581 1397 2604 tum
1416 2574 1442 2602 in
1462 2573 1591 2604 Partibus
1608 2575 1659 2604 illis
1673 2575 1903 2606 contrahentium
1915 2598 1924 2613 ‚
1940 2586 2099 2615 caeteraque
2123 2581 2221 2611 omnia
2241 2584 2274 2612 ὃς
2297 2583 2400 2622 singula

1333 2613 1454 2643 faciendi
1469 2612 1626 2651 exequendi
1641 2614 1673 2643 &
1690 2614 1878 2651 perimplendi
1893 2625 1957 2653 quae
1973 2616 2008 2647 ad
2025 2616 2167 2648 Officium
2184 2619 2400 2654 Locumtenen-

1333 2653 1366 2682 tis
1380 2651 1426 2681 vel
1441 2651 1585 2690 Capitanei
1603 2651 1751 2683 Generalis
1769 2654 1923 2691 pertinent:

1374 2689 1486 2720 Damus
1500 2692 1585 2720 etiam
1602 2690 1696 2720 eidem
1713 2694 1820 2721 Barom
1835 2692 1947 2729 plenam
1963 2692 2135 2725 Potestatem
2157 2697 2190 2728 &
2217 2697 2402 2731 Aud‘thori'ta·

1333 2736 1410 2765 tem,
1428 2728 1509 2767 quod
1525 2730 1580 2767 ipse
1596 2728 1672 2759 idern
1687 2733 1779 2768 Baro,
1796 2731 1933 2768 quamdiu
1950 2731 2096 2764 Officium
2113 2735 2348 2768 Locumtenentis
2367 2741 2400 2771 ὃς

1332 2767 1479 2806 Capitanei
1495 2767 1642 2798 Generalis
1655 2769 1684 2798 in
1700 2769 1830 2799 Partibus
1845 2770 2030 2801 ultramarinis
2046 2775 2219 2812 exercuerit,
2238 2775 2273 2805 de
2288 2785 2401 2814 tempo-

1333 2815 1363 2836 re
1385 2807 1415 2836 in
1439 2815 1497 2836 tem
1520 2817 1568 2845 us,
1587 2816 1637 2844 per
1660 2807 1769 2838 Literas
1790 2807 1866 2846 suaS‚
1884 2809 1941 2839 five
1965 2809 2064 2840 Billam
2081 2821 2166 2842 manu
2181 2812 2228 2843 sust
2244 2814 2400 2855 signatam,

1332 2845 1453 2875 causabit
1477 2845 1507 2875 so
1519 2846 1548 2876 vi
1571 2845 1603 2875 &
1625 2846 1745 2883 expendi
1767 2854 1810 2876 tot
1832 2846 2027 2879 Denariorum
2050 2848 2180 2880 Summas
2202 2851 2239 2882 de
2252 2852 2400 2886 Thesauro

1331 2882 1449 2921 nostro,
1468 2893 1522 2921 pro
1546 2884 1698 2914 Solutione
1718 2885 1752 2915 &
1774 2884 1986 2917 sustentatione
2013 2886 2160 2920 Exercitus
2182 2891 2215 2921 δε
2238 2890 2399 2929 Copiarurn

1331 2920 1499 2952 Hominum
1518 2922 1682 2952 nostrorum
1699 2923 1923 2962 praedidffirum,
1941 2934 2025 2962 prout
2046 2927 2139 2958 eidem
2161 2930 2283 2964 Baroui,
2302 2930 2399 2962 secun-

1330 2959 1402 2991 diim
1419 2970 1488 2991 ratas
1500 2960 1714 2998 Stipendiorum
1731 2962 1747 2991 a
1761 2963 1845 2993 nobis
1857 2964 2038 3002 approbatam,
2054 2975 2100 2996 aut
2115 2966 2192 2997 aliter
2207 2967 2223 2996 a
2245 2968 2327 2999 causa
2351 2981 2400 3000 ur-

1351 2999 1408 3029 enti
1431 3001 1464 3031 &
1486 2999 1567 3037 plane
1586 2999 1740 3030 necessaria
1756 3023 1766 3038 ‚
1792 3001 1893 3032 melius
1914 3001 2056 3034 videbitur
2079 3005 2211 3042 expedire
2226 3028 2236 3044 ‚
2261 3007 2397 3047 quodque

1330 3008 1492 3075 {ujusmodi
1507 3038 1612 3069 Literae
1627 3040 1660 3070 ὃς
1678 3038 1776 3076 BHlae,
1792 3049 1822 3071 ut
1835 3041 1913 3078 supra
1928 3041 1989 3071 sunt
2003 3041 2147 3081 limitatae,
2166 3043 2259 3075 Manu
2283 3046 2328 3077 sua
2345 3049 2401 3085 fig-

1330 3084 1422 3115 natae,
1441 3086 1505 3115 quae
1519 3077 1671 3116 dirigentur
1687 3077 1873 3109 Thesaurario
1886 3078 2037 3110 Exercitus
2049 3082 2083 3112 &
2108 3081 2267 3119 Copiarum
2291 3084 2400 3116 Homi-

1329 3125 1404 3145 num
1417 3115 1582 3146 nostrorum
1596 3116 1801 3154 praedictorum
1816 3118 1850 3148 &
1865 3117 1922 3148 aliis
1937 3117 2094 3149 Officiariis
2110 3121 2226 3159 nostris,
2244 3132 2323 3154 erunt
2342 3124 2400 3155 suf-

1330 3153 1417 3184 ficens
1439 3153 1626 3185 Warrantum
1647 3155 1750 3185 eisdem
1771 3155 1959 3186 Thesaurario
1986 3158 2018 3188 &
2039 3157 2193 3190 Officiariis
2213 3160 2314 3191 nostris
2343 3173 2397 3200 pro

1330 3192 1497 3223 executione
1515 3193 1683 3224 earumdem
1700 3193 1856 3224 secundum
1878 3194 2049 3227 Mandatum
2069 3197 2102 3227 &
2123 3197 2345 3237 Affignationem
2366 3203 2397 3232 in

1329 3241 1360 3261 ca
1380 3240 1457 3299 partg
1474 3241 1524 3270 per
1545 3232 1713 3270 praedieium
1734 3234 1871 3263 Baronem
1896 3234 1934 3264 fic
1950 3256 1961 3272 ‚
1986 3244 2017 3266 ut
2043 3235 2122 3274 supra
2147 3236 2249 3268 dicitur
2265 3261 2274 3275 ,
2299 3239 2397 3270 datum

1404 3280 1436 3299 an
1461 3280 1525 3300 um:

1330 3270 1481 3345 §elgar-nus
1499 3308 1633 3347 praeterea
1652 3309 1681 3338 in
1701 3308 1842 3340 Mandatis
1858 3309 2100 3349 Viceadmirallis,
2120 3312 2282 3350 Capitaneis
2296 3313 2399 3346 nostris

1330 3346 1461 3377 Navium
1482 3348 1514 3378 &
1535 3346 1655 3384 Nautis,
1676 3346 1818 3378 Militibus
1837 3348 1871 3378 ὃς
1890 3350 2014 3380 Subditis
2033 3350 2136 3381 nostris
2153 3352 2398 3393 quibuscumque,

1330 3387 1410 3423 supra
1430 3384 1515 3416 Mare
1535 3395 1587 3423 pro
1605 3394 1739 3423 tempore
1756 3385 1951 3426 existentibus,
1968 3389 2015 3426 qui
2035 3389 2120 3419 futuri
2139 3390 2199 3419 sunt
2211 3391 2240 3419 in
2257 3391 2398 3429 aliquibus

1333 3424 1460 3455 Partibus
1480 3425 1627 3455 maritimis
1646 3433 1738 3462 prope
1765 3424 1948 3455 Hollandiam
1975 3426 2138 3457 Zelandmm
2164 3430 2208 3458 vel
2237 3429 2397 3461 Flandriam

1329 3473 1383 3501 pro
1401 3462 1526 3493 Servitio
1545 3462 1646 3493 nostro
1657 3486 1666 3502 ,
1684 3462 1783 3501 quod,
1799 3464 2042 3503 quandocumque
2059 3465 2151 3496 dietus
2169 3469 2248 3506 Baro,
2265 3467 2396 3508 Locum-

1331 3511 1427 3532 tenens
1444 3501 1539 3532 noster
1556 3503 1586 3531 in
1603 3501 1654 3531 illis
1673 3501 1802 3532 Partibus
1819 3503 1930 3533 necesse
1943 3503 2052 3534 duxerit
2065 3513 2118 3541 pro
2136 3504 2260 3535 Servitio
2275 3508 2396 3547 nostro,

1330 3539 1364 3570 ad
1383 3540 1586 3578 requirendum
1605 3539 1757 3570 Servitium
1779 3540 1912 3572 Navium
1927 3541 2085 3572 nostrarum
2111 3542 2145 3573 ad
2172 3547 2398 3582 propugnandos
2424 3568 2427 3571 -

1330 3578 1470 3609 Inimicos
1485 3600 1495 3616 ‚
1520 3587 1589 3608 tunc
1616 3579 1644 3607 in
1663 3588 1699 3608 eo
1718 3579 1781 3609 casu
1798 3579 1931 3609 volumus
1950 3579 2029 3617 quod
2049 3580 2209 3612 auxiliantes
2227 3583 2281 3614 fint
2299 3586 2331 3615 ὃ(
2352 3587 2396 3616 in-

1330 3617 1494 3654 tendentes,
1512 3616 1547 3647 ad
1564 3615 1793 3653 Requiiitionem
1811 3618 1881 3648 dieti
1895 3621 2013 3647 Baronis
2034 3617 2274 3651 Locumtenentis
2292 3622 2399 3661 nostri,

1329 3656 1365 3686 ad
1384 3656 1568 3694 pugnandum
1589 3655 1636 3684 ubi
1655 3665 1727 3691 opus
1745 3656 1829 3687 fuerit
1847 3665 1914 3686 cum
1934 3655 2018 3687 dietis
2035 3656 2162 3689 inimicis
2180 3659 2284 3690 nostris
2302 3662 2330 3691 in
2351 3662 2397 3692 di-

1330 3695 1383 3724 <Stis
1402 3693 1531 3724 Partibus
1548 3693 1627 3730 supra
1647 3692 1729 3724 Marc
1744 3718 1753 3730 ,
1779 3695 1851 3731 juxta
1878 3694 1989 3724 Littora
2014 3696 2059 3726 vel
2077 3697 2178 3728 Portus
2196 3698 2395 3735 praediffitaruni

1332 3735 1539 3762 Provinciarum
1554 3730 1710 3761 Hollana'iae
1734 3732 1889 3762 Zellandiae
1910 3732 1955 3772 vel
1976 3733 2134 3773 Flandriae,
2151 3744 2283 3773 quatenus
2302 3737 2332 3768 id
2352 3740 2396 3770 vi-

1330 3771 1441 3801 debitur
1460 3770 1622 3801 commode
1639 3769 1699 3800 fieri
1716 3771 1796 3808 posse
1813 3781 1866 3808 pro
1885 3771 1994 3801 meliori
2011 3772 2132 3804 Servitio
2150 3773 2264 3804 nostro:

1370 3811 1414 3839 Ac
1438 3809 1548 3846 insuper
1574 3809 1673 3839 damus
1698 3809 1831 3839 universis
1856 3810 1889 3840 δε
1915 3809 2025 3848 singulis
2050 3810 2212 3849 Capitaneis
2237 3812 2397 3845 Colonellis

1332 3848 1556 3886 Vicecapitaneis
1576 3847 1852 3877 Locumtenentibus
1873 3846 2037 3879 Comitibus
2063 3850 2202 3882 Dominis
2220 3850 2375 3883 Batonibus
2387 3878 2397 3891 ,

1334 3886 1494 3923 Militibus,
1515 3885 1692 3915 Hominibus
1710 3886 1744 3914 ad
1765 3885 1873 3924 Arma,
1892 3885 2039 3925 Equitibus
2054 3910 2064 3925 ,
2082 3889 2226 3918 Peditibus
2243 3890 2399 3922 Officiariis

1335 3924 1476 3956 Ministris
1488 3946 1497 3961 ‚
1516 3925 1549 3954 &
1569 3922 1695 3954 Subditis
1715 3922 1815 3953 nostris
1833 3925 2060 3963 quibuscumque
2078 3927 2108 3957 in
2127 3926 2260 3958 Exercitu
2280 3930 2313 3960 δε
2335 3929 2400 3960 Co-

1334 3964 1386 4001 piis
1402 3962 1567 3992 Hominum
1587 3961 1791 3999 praedi&orum
1811 3963 1925 3993 retentis
1943 3964 1976 3994 ὃς
1994 3965 2142 3995 retinendis
2158 3989 2168 4004 ‚
2197 3974 2297 3997 tenore
2323 3968 2399 3998 1³1·ae-

1336 4001 1455 4032 sentium
1469 4023 1478 4038 ‚
1501 4000 1552 4031 sub
1570 3999 1639 4029 Fide
1655 4000 1689 4030 &
1708 3998 1853 4038 Ligeantia
1870 4025 1879 4038 ,
1895 4002 1996 4038 quibus
2014 4004 2097 4033 nobis
2114 4012 2265 4043 tenentur,
2282 4004 2399 4035 firmiter

1336 4041 1366 4069 in
1383 4039 1519 4070 mandatis
1530 4061 1539 4076 ‚
1557 4036 1635 4077 quod
1652 4037 1747 4068 eidem
1760 4041 1883 4077 Buram,
1900 4040 1929 4069 in
1944 4040 2089 4079 praemiffis
2107 4042 2240 4073 faciendis
2259 4052 2400 4081 exequen-

1336 4078 1379 4108 dis
1400 4079 1432 4108 &
1451 4077 1563 4115 agendis
1579 4099 1590 4115 ,
1614 4076 1763 4108 intendant
1789 4077 1927 4110 obediant
1941 4078 2063 4111 affistant
2082 4081 2115 4112 ὅς
2134 4081 2299 4112 auxilientur
2317 4089 2401 4149 prcXt

1346 4115 1438 4146 decet:
2386 4128 2403 4149 c

2415 2384 2525 2414 *²va
