2557 4279
52 451 112 477 Pat.
133 458 159 476 2.

54 485 120 524 Jac.
143 496 166 514 1.

53 531 79 562 p.
101 525 146 552 28.

54 571 91 591 m.
116 571 138 590 Ι.

70 1991 191 2021 *xvh

74 2031 146 2069 5332

99 3054 178 3084 Am.
186 3050 228 3082 D.
246 3044 301 3099 R

251 312 310 342 Pro
334 305 478 354 Johanne
503 304 676 352 Wffgango
703 305 843 338 Rumlero
866 300 1065 349 Apothecario
1090 298 1219 332 Henrici

653 356 811 400 Principt's.

210 441 327 499 REX
345 439 500 478 omnibus,
519 438 553 471 ad
569 448 658 478 quos,
675 439 736 470 ὅτε.
754 437 890 469 Salutem.
993 473 998 478 ι

325 479 423 510 Sciatis
437 478 520 516 quod
538 477 621 514 Nos,
639 478 674 508 de
692 477 793 508 Gratia
806 475 902 506 nostra
926 472 1054 514 speciali,
1072 479 1106 500 ac
1130 475 1164 498 ex
1188 472 1265 496 certa

208 516 331 548 Scientia
347 519 379 549 ὃς
398 527 480 547 mero
499 515 590 547 Motu
608 515 726 553 nostris,
745 515 874 546 dedimus
888 515 921 546 &
938 509 1263 549 conceffimus,·ac‚pet

207 554 374 594 Praelenre3‚
392 565 443 595 pro
467 555 568 586 Nobis
591 554 763 585 Haeredibus
785 555 817 584 &c
832 550 1053 582 *successoribus
1076 545 1199 579 nostru,
1217 542 1267 571 da-

205 604 270 626 mus
285 597 319 627 &
334 594 537 631 concedimus,
556 593 663 624 dileeto
677 592 817 623 Servienti
832 590 948 626 nostro,
974 586 1104 629 Johampj
1123 580 1268 624 le‘gqn-

201 644 235 671 go
251 633 376 664 Rumlero
394 632 540 663 Officium
555 634 588 662 &
614 631 728 663 Locum
755 629 942 668 Apothecarii
966 626 1121 666 ordinarii,¹
1136 619 1265 664 p12edile-

205 674 261 703 ctae
277 672 385 703 Uxoris
399 671 501 702 nostra:
523 670 660 701 Dominae
674 673 768 700 Annae
784 671 892 705 Reginae
908 689 918 704 ,
935 666 969 696 δε
985 659 1199 707 praechariffimi
1219 657 1268 686 Fi-

203 710 235 740 lii
249 712 280 742 &
294 710 425 741 Haeredis
440 710 529 740 nostri
544 712 658 739 Henrici
671 710 820 745 Principis,
837 715 870 736 ac
893 704 1008 734 aliorum
1029 701 1190 731 Ltberorum
1211 705 1266 726 no·

206 749 350 787 strorum,
368 759 402 780 ac
419 749 532 780 dictum
545 747 708 786 Johannem
724 744 914 784 ll'olfigangum
935 739 1092 771 Rumlerum
1104 761 1114 776 ,
1135 735 1265 774 Apothe-

206 790 316 819 carium
331 789 503 819 ordinarium
518 787 639 825 praefatae
659 788 766 823 Reginae
806 785 954 822 Principis,
978 779 1190 822 Liberorurpque
1212 782 1266 803 no-

207 827 350 896 strorsum,
370 827 496 862 :facimus
517 826 678 856 ordinamus
705 833 764 854 con
786 831 908 851 rmamus
930 820 964 851 ὃς
993 816 1194 849 constituimus
1218 821 1267 851 per

208 867 273 899 Prae
285 876 369 897 entes.

248 905 287 936 Et
301 906 408 943 insuper
423 903 595 937 dedimusl&
612 899 818 937 concessimus,
833 908 866 929 ac
881 907 929 936 per
942 895 1112 932 Praesentes,
1129 902 1182 930 pro
1197 889 1268 935 No-

209 945 254 976 bis
272 944 444 974 l-laeredibus
465 944 497 973 &
518 940 731 972 Successoribus
754 937 874 974 nostris,
893 937 992 966 damus
1020 936 1054 966 ὃ(
1082 931 1268 976 concedimus

207 983 326 1022 praefato
343 981 472 1021 Johanm'
488 979 648 1017 Wolfigango
671 976 795 1007 Rumlero
813 999 822 1014 ,
846 974 987 1014 quandam
1010 973 1197 1003 Annuitatem
1215 966 1270 998 five

207 1023 357 1053 annualem
375 1020 533 1051 Redditum
547 1019 749 1058 Qaeaa'ragmta
764 1015 913 1045 Librarum
934 1012 1026 1052 legalis
1049 1010 1184 1042 Monetae
1209 1007 1270 1036 An-

228 1063 271 1092 liae

206 1071 226 1102 g
248 1085 422 1131 H'abendum
446 1094 627 1135 gaudendum
657 1095 689 1125 &
710 1091 901 1123 exercendum
925 1088 1071 1119 Officium
1095 1088 1129 1119 ὃ(
1154 1084 1271 1115 Locum

209 1139 383 1177 procacium
405 1134 591 1172 Aporhecarii
616 1132 770 1169 ordinarii,
803 1129 921 1168 praefato
947 1127 1079 1167 Johanni
1106 1122 1269 1168 Wolfgango

210 1176 345 1212 Rumlem,
365 1176 379 1203 a
394 1174 449 1204 Die
466 1173 549 1202 Datne
565 1172 665 1201 harum
683 1170 845 1201 Literarum
858 1167 1018 1198 nostrarum
1036 1162 1270 1205 Patentium,du-

211 1225 290 1247 rante
306 1213 370 1243 Vita
386 1212 432 1241 sua
448 1210 581 1248 naturali,
600 1210 657 1240 unii
674 1218 743 1239 curn
758 1207 894 1238 omnibus
909 1207 942 1238 δε
956 1205 1068 1242 lingulis·
1090 1199 1271 1245 Commod1-

210 1256 313 1286 tatibus
330 1251 508 1288 Advantagiis
524 1248 733 1278 Emolumentis
749 1245 887 1277 Proficuis
903 1245 936 1275 &
954 1243 1106 1281 privilegiis
1120 1241 1198 1270 dieto
1213 1238 1271 1282 Of·

211 1294 278 1324 ficio
294 1290 492 1329 pertinentibus
516 1288 571 1317 five
593 1287 782 1324 spectantibus
798 1307 808 1322 ,
832 1284 865 1314 &
887 1284 937 1314 sibi
959 1282 1026 1319 soli,
1047 1290 1115 1312 cum
1137 1277 1275 1322 omnibus

210 1330 353 1362 ordinariis
372 1327 597 1357 Allocatioru'ous
612 1326 642 1354 in
656 1324 791 1361 Hospitio
809 1322 928 1360 nostro,
946 1321 975 1350 in
990 1330 1048 1351 tam
1064 1318 1167 1360 amplis.
1183 1315 1273 1359 niodo

211 1372 246 1402 δε
262 1369 353 1398 forma
364 1389 373 1403 ,
392 1374 477 1403 prout
494 1364 701 1402 Aporhecarius
716 1362 810 1392 noster
824 1360 1006 1396 Ordinarius,
1024 1367 1070 1400 aut
1085 1358 1182 1394 aliquis
1205 1355 1274 1384 alius

213 1409 271 1440 sive
288 1407 370 1444 aliqui
387 1405 431 1434 alii
448 1404 559 1434 dictum
574 1402 721 1432 Officium
743 1401 860 1431 antehac
883 1406 1029 1435 occupans
1050 1401 1105 1426 live
1129 1401 1275 1430 occupan-

213 1456 271 1483 tes,
292 1444 389 1475 hibuit
407 1451 552 1479 percepit,
570 1439 774 1471 habuerunt&
789 1445 996 1477 perceperunt,
1013 1436 1041 1464 in
1056 1435 1088 1465 ὃ(
1111 1442 1164 1471 pro
1187 1430 1276 1461 Exer-

214 1487 287 1517 citio
303 1482 404 1513 Offici·
422 1480 546 1520 predicti
560 1502 570 1516 .,
982 1513 986 1516 .
1179 1508 1184 1513 Π

252 1525 296 1554 Ac
311 1522 470 1551 habendam
489 1516 696 1556 percipiendam
713 1517 747 1547 &
760 1513 936 1554 gaudendam
958 1510 1070 1554 dietam
1081 1508 1277 1557 *Annuit-atem.

215 1563 272 1593 five
293 1559 442 1589 annualem
471 1557 628 1587 Redditum
649 1555 850 1595 Quadraginta
873 1552 1022 1582 Librarum
1043 1548 1122 1578 dicto
1146 1546 1277 1585 Johanm

216 1599 379 1640 Wlfganga
399 1596 489 1626 Rumlc
507 1607 537 1632 ο,
555 1596 589 1624 de
613 1594 761 1624 Thelauro
779 1592 877 1622 nostro
890 1588 1049 1620 Haeredum
1071 1588 1104 1617 &
1126 1585 1279 1615 Succeflo—

215 1650 279 1671 rum
295 1646 470 1672 nostrorum,
487 1637 519 1664 ai
538 1634 698 1671 Receptam
713 1630 850 1661 scaccarii
868 1627 957 1659 nostri
975 1625 1105 1670 Westm.
1120 1623 1279 1671 iiaei‘edum

217 1680 251 1710 &
268 1678 471 1708 Succeiiorsm
490 1672 666 1703 nostrorum,
686 1679 731 1706 per
750 1668 854 1699 Manus
868 1666 1044 1698 Thesauraru
1057 1663 1281 1706 &Camerino-

220 1727 285 1747 περὶ
320 1713 483 1743 nostrorum
509 1712 615 1740 ibidem
637 1710 672 1737 ‹ie
693 1717 821 1745 ternpore
846 1708 875 1736 in
897 1714 1007 1744 tempus
1029 1702 1207 1733 existentium
1227 1723 1236 1739 ,
1267 1700 1284 1730 ἐι

221 1755 307 1786 Festo
336 1750 498 1781 Nmiviiatis
523 1748 620 1778 &uncti
642 1746 778 1783 johannis
809 1743 940 1785 Baptistae
961 1742 1066 1772 ultimo
1088 1748 1153 1771 ante
1176 1739 1284 1770 Datam

221 1792 407 1825 Prte'entiim
432 1788 588 1826 praeterito,
608 1786 726 1816 durante
742 1784 807 1815 Vita
822 1783 938 1814 naturali
951 1781 1022 1812 dieti
1036 1778 1180 1822 Johannix
1196 1776 1286 1817 Wff-

217 1836 299 1870 gangi
320 1827 402 1860 Ruml
416 1831 455 1866 ri,
472 1828 506 1856 ast.
531 1834 647 1862 quatuor
671 1823 750 1854 Anni
775 1823 930 1853 Terminos
944 1819 1067 1856 usuales3
1082 1818 1231 1854 videlicet,
1250 1816 1284 1847 ad

222 1872 320 1907 Festa,
343 1868 438 1897 Smdt't'
460 1863 605 1894 Ai'ichaelzs
630 1861 822 1899 Archangeli,
840 1859 958 1890 Natalis
972 1861 1102 1895 Domini,
1119 1858 1286 1886 Annuncia-

221 1913 303 1941 tionis
322 1907 407 1935 beata:
430 1907 531 1933 Mariae
554 1904 581 1932 V
582 1905 673 1938 irginis
684 1924 694 1938 ,
713 1900 745 1930 &
761 1895 1197 1935 NativitamSanHiJohannis
1211 1896 1286 1933 Bap-

223 1948 292 1989 tistae
306 1956 352 1985 per
368 1945 487 1981 aequales
496 1942 647 1973 Portiones
658 1939 839 1970 solvendam:

264 1987 282 2006 *
306 1985 350 2015 Eo
365 1982 444 2021 quod
464 1979 588 2018 express'a
603 1979 731 2017 mentio,
748 1979 811 2010 &c.

262 2024 297 2056 In
317 2024 394 2061 cujus
413 2022 469 2059 rei,
488 2022 551 2052 &c.

262 2098 351 2133 Teste
368 2098 451 2138 Rege
465 2096 539 2137 apud
555 2093 816 2137 westmonasterium
825 2116 835 2132 ,
851 2091 993 2125 vicesimo
1006 2098 1109 2130 quarto
1122 2088 1182 2120 Die
1195 2087 1274 2128 Julii.

674 2174 728 2203 Per
741 2174 836 2202 Breve
849 2170 881 2200 de
896 2172 1017 2200 Privato
1029 2167 1130 2206 Sigillo.

809 2248 843 2287 J.
877 2247 1127 2278 Rumina
1163 2245 1218 2278 W.

804 2286 1064 2325 Jo.R1ca.

806 2326 922 2364 Jur..
960 2323 1165 2354 CAESAR.

269 2423 375 2450 Vacant
391 2418 434 2448 hae
448 2421 552 2448 Literae
567 2419 718 2452 patentes,
737 2413 794 2444 unci
810 2425 867 2443 cum
883 2412 1100 2445 IrrotuIamemo
1124 2408 1293 2447 earumdem,

226 2466 275 2496 pro
288 2469 316 2487 eo
328 2458 400 2496 quod
413 2456 490 2497 infra
505 2460 660 2486 nominatur
671 2454 816 2492 johannes
830 2453 1021 2492 Wolfgangus
1036 2451 1157 2481 Rumler
1166 2473 1176 2488 ,
1193 2455 1294 2488 quarto

232 2500 286 2526 Die
300 2495 424 2533 Aprilis,
443 2500 531 2525 Anno
546 2497 628 2530 Regni
646 2493 736 2527 Regis
750 2491 847 2520 Caroli
856 2489 968 2529 septimo
986 2512 995 2527 ,
1015 2499 1104 2518 coram
1124 2489 1213 2517 eodem
1233 2490 1294 2516 Do—

232 2538 305 2564 mino
319 2537 388 2569 Rege
404 2537 432 2562 in
445 2531 615 2562 cancellaria
623 2530 677 2569 fita
688 2527 868 2567 persbnaliter
891 2527 1066 2566 constitutus,
1092 2529 1207 2554 Literas
1224 2524 1291 2563 suas

234 2575 368 2602 Pate-ntes
386 2571 532 2609 predinffas
547 2594 556 2606 ,
583 2581 615 2598 ac
635 2570 724 2597 omnia
748 2566 786 2601 &
803 2566 912 2605 fingula
933 2570 962 2595 in
982 2564 1079 2602 eisa'em
1099 2570 1247 2599 contenta,
1265 2565 1296 2590 in

236 2614 343 2640 Manus
359 2609 423 2638 dieii
439 2611 550 2639 Domini
565 2610 641 2644 Regis
657 2603 765 2645 ficrfiaem
786 2604 907 2633 reddidit
924 2627 933 2641 ,
949 2614 981 2632 ac
1003 2612 1047 2631 eas
1064 2601 1176 2639 proprii
1203 2604 1296 2629 Manu

233 2649 285 2686 fiza'
301 2647 467 2677 cancellavit
478 2671 486 2686 ,
504 2658 536 2676 ac
553 2645 691 2674 humiliter
703 2646 784 2681 petiit
800 2642 872 2682 quod
891 2641 1136 2672 Irrotulamentum
1151 2638 1296 2669 earundem

235 2686 398 2718 cancellatur
405 2685 441 2720 &-
450 2691 617 2722 vacaretur,
633 2683 690 2712 ideo
700 2682 740 2711 ad
751 2680 913 2720 instantiam
923 2678 1184 2720 praefatiJohannis
1195 2678 1235 2707 W
1238 2676 1296 2707 Olf-

236 2735 342 2765 gangus
366 2724 486 2755 Rumler
506 2723 749 2754 1rrotulamentum
769 2719 912 2750 earundem
938 2718 1105 2750 cancellatur
1124 2715 1163 2752 ὠ·
1186 2715 1294 2746 omnim>

237 2765 411 2804 dampnatur.

242 2911 290 2942 De
309 2904 506 2949 Commtffione
518 2904 640 2950 speciali
661 2901 705 2936 ad
711 2899 970 2950 fhpervidendum
991 2910 1010 2934 ι
1017 2909 1033 2931 ε
1059 2898 1221 2931 DEBATA
1228 2908 1245 2929 Β
1253 2907 1272 2929 L
1280 2906 1297 2929 ε

679 2953 707 2985 L
718 2964 740 2985 A
751 2963 814 2985 NJ)
825 2963 850 2984 s.

300 3040 359 3071 EX
375 3038 497 3069 Ductus
513 3038 544 3068 δε
560 3037 702 3068 Fidelibus
715 3035 834 3074 nostris,

357 3076 497 3114 Radulpho
517 3079 593 3115 Gray
614 3075 720 3113 Militi,

284 3115 399 3149 Roberto
418 3113 551 3145 Dalavile
570 3114 677 3150 Militi,

288 3158 329 3187 W
330 3153 438 3184 illielmo
457 3152 556 3181 Fenick
581 3151 689 3189 Militi,

287 3193 402 3225 Ricardo
417 3190 553 3221 Lowther
572 3190 682 3228 Militi,

287 3232 416 3274 Johanni
435 3228 552 3268 Dalston
561 3252 571 3267 ,

289 3269 435 3302 Ednmndo
453 3267 544 3297 Dudle
568 3290 578 3305 ,

289 3308 439 3340 Lanceloto
454 3306 533 3336 Sas'ke
546 3305 581 3344 d,

291 3348 400 3378 Thomae
416 3344 544 3383 Salkeld,

293 3388 335 3416 W
337 3385 443 3415 illielmo
461 3386 591 3421 Hunon,

296 3423 442 3461 Reginaldo
461 3426 572 3458 Heme,

292 3462 397 3491 Thomae
414 3458 590 3499 Bradforth,

294 3499 433 3537 Radulpha
447 3497 597 3535 Dalavih,

293 3536 399 3567 Thomae
417 3541 553 3567 Swinowe
562 3559 572 3575 ,

297 3574 427 3614 Johanm'
447 3575 591 3613 Johnsbn,

299 3613 468 3650 Armigeris,

300 3650 431 3688 Johanni
448 3649 576 3688 Burrell,

297 3689 355 3726 Et,

303 3726 433 3765 Johanni
451 3724 605 3763 Goodwyn,

302 3763 471 3799 Generofis,

303 3803 439 3832 Salutem.

302 3839 387 3871 Cum
403 3839 480 3876 super
496 3836 634 3868 Marchiis
649 3836 818 3874 Regnorum
834 3833 997 3863 nostrorum
1011 3831 1123 3871 Angliae
1136 3831 1170 3862 &
1191 3830 1318 3869 Scotiae,

267 3878 321 3910 sint
336 3877 450 3908 diversae
462 3875 582 3913 Terrae,
603 3883 714 3905 vocatae
737 3873 970 3903 DEBATEA'BLE
990 3871 1108 3901 Lanos
1125 3892 1135 3907 ,
1152 3869 1272 3899 antehac
1290 3870 1318 3898 in

265 3915 456 3948 controversia
469 3915 540 3943 inter
557 3922 708 3950 utrumque
723 3911 892 3949 Regnorum
904 3910 1065 3939 nostrorum
1077 3908 1187 3947 Angliae
1200 3909 1233 3939 δε
1246 3907 1317 3937 Sco-

264 3958 340 4024 3²51}
348 3951 626 4028 ἒῖἒὲέἵῖῃῗ-Ἔέ
641 3952 772 4027 ξξῖἑῗωρ
775 3949 899 4018 “⁹1⁶2ssss
910 3947 1064 4023 Ξῗέόῗὲἳὲ
1066 3948 1186 4015 ῗὲῗεῗὲ
1207 3946 1318 4014 81)ξεῖῗῖ

265 4039 397 4063 TEABLE
420 4012 551 4065 Lasin's,
574 4027 619 4059 vel
642 4035 911 4064 quantumcumque
932 4033 968 4055 ex
985 4023 1095 4055 eisdem
1114 4023 1233 4061 Terris,
1257 4031 1321 4062 quae

680 124 1491 176 CONVENrroNES,

1551 123 1585 163 L
1616 121 1704 165 I'T
1731 123 1766 163 E
1795 121 1922 164 R.AE
1958 154 1972 174 ,

1295 210 1331 241 ad
1348 209 1489 247 Regnum
1503 209 1634 241 nostrum
1650 209 1763 249 Angliae
1784 210 1820 241 de
1833 208 1903 248 Jure
1924 207 2053 246 speciant
2074 207 2108 239 &
2131 206 2294 249 pertinent,
2310 205 2365 238 sci-

1303 257 1418 280 tuantur
1442 250 1533 292 jacent
1553 250 1588 280 δε
1608 249 1730 293 esistunt
1751 250 1781 279 in
1802 247 1998 278 comitatibus
2025 246 2128 278 nostris
2156 245 2307 278 Cumbriae
2328 245 2363 277 &z

1305 287 1544 323 Northumbriae,
1564 286 1610 333 vel
1627 297 1657 316 in
1669 295 1772 331 eorum
1787 286 1893 324 alter03
2313 322 2321 330 ,
2344 322 2352 329 0

1306 324 1608 405 cimmeria&
1617 323 2044 401 {Zffissssieffigitsgiffeeiffiss
2053 324 2093 394 ’Ξῖ
2109 323 2369 401 ἷεῗῖἷιῖἐῗεὲωἲὲἲί

1305 411 1390 432 tuatae
1400 409 1527 439 jacentes
1542 403 1576 433 &
1589 401 1737 446 existentes
1751 401 1781 445 in
1797 400 1958 444 Riddql'dale
1971 397 2150 446 &uTinda-le
2161 424 2171 440 ,
2197 401 2242 433 vel
2266 386 2296 432 ir’i
2317 410 2370 432 eo-

1305 438 2202 517 {tTvssl‘ffii133322'1251‘3332?&irnissa‘ssifflss&⁰353ss
2217 439 2372 511 &3335ss

1304 516 1339 546 N
1342 516 1534 561 orthumbriae
1542 541 1553 557 ‚
1571 527 1604 548 ac
1619 519 1703 561 etiam
1719 518 1748 546 in
1763 514 1916 560 Bewcqflle
1926 516 1960 547 &
1972 515 2123 559 Bewcqstle
2135 516 2210 546 Dale
2220 539 2231 554 ,
2244 519 2318 549 Eske
2333 519 2370 550 «Sc

1306 558 1425 594 Leven,
1444 556 1489 585 vel
1502 565 1534 586 m
1548 566 1649 586 eorum
1664 556 1778 594 aliquo,
1795 564 1829 584 ac
1847 564 1876 584 in
1890 553 2002 584 diversis
2017 554 2077 584 aliis
2097 555 2185 585 Locis
2207 554 2289 588 Villis
2314 557 2373 588 Pa-

1306 594 1411 662 rcqchiig
1423 595 1456 637 {Sc
1472 593 1660 633 Hamelettis‚
1676 596 1723 626 vel
1736 595 1765 624 in
1791 601 1892 624 eorum
1912 592 2027 631 aliquo,
2053 593 2082 623 in
2102 592 2254 625 Comitatu
2273 596 2374 627 nostro

1340 642 1389 662 um
1412 642 1477 672 riae,

1345 670 1432 708 Nos,

1345 708 1482 741 Volentes
1496 709 1532 741 de
1549 710 1728 742 Certitudine
1742 710 1776 741 &
1793 709 1961 748 Qantitate
1974 705 2190 738 Praemifforum
2206 708 2317 747 plenius
2329 709 2373 741 iri·-

1308 748 1446 792 formari,
1465 758 1498 779 ac
1514 749 1551 780 de
1566 749 1757 785 Fidelitatibus
1777 747 1923 779 Industriis
1938 749 1971 779 ὃ(
1984 746 2109 786 providis
2120 744 2374 786 ,Circumspefflot-

1307 787 1390 817 nibus
1407 787 1521 826 vestris,
1538 789 1567 818 in
1582 788 1717 827 Negotiis
1733 786 1834 817 nostris
1848 786 1978 826 agendis,
2003 785 2157 823 plurimum
2179 785 2375 826 confidentes,

1345 825 1556 865 Affignavimus
1564 835 1661 864 vos‚ac
1675 826 1759 858 vobis
1792 834 1893 856 uatuor
1901 825 1944 855 vel
1953 824 2081 862 pluribus
2090 821 2219 855 vestrum
2235 825 2375 863 (quorum

1308 873 1360 894 vos
1372 866 1502 902 praefatos
1515 864 1678 903 Johannem
1692 835 1824 904 JothZm
1841 866 1875 896 &
1889 863 2051 902 Johannem
2071 862 2176 892 Goodw
2172 874 2213 902 yn
2227 864 2300 894 duos
2318 859 2376 896 este

1307 903 1456 946 volumus)
1471 903 1585 943 plenam
1600 904 1774 935 Potestatem
1784 903 1818 934 ὃ(
1827 902 2056 934 Auethoritatem
2071 902 2170 931 damus
2185 902 2219 933 ὅ(
2234 903 2376 934 εοῐηωὶιςὁ

1308 949 1407 980 ῑιῐηυε,
1421 943 1455 973 ad
1470 942 1706 980 supervidendum
1724 941 1907 979 separandum
1928 939 2106 972 limitandum
2126 939 2323 973 definiendum
2341 941 2376 973 ὃς

1308 982 1505 1018 abuttandum,
1517 990 1565 1019 per
1580 982 1613 1012 &
1628 991 1697 1012 cum
1711 980 1846 1012 consensu
1883 979 2042 1010 uorundam
2053 978 2378 1010 Commiffionariorum

1311 1018 1409 1057 Regni
1424 1019 1514 1049 nostri
1528 1019 1645 1059 Scotiae‘,
1662 1025 1711 1058 per
1728 1019 1797 1049 Nos
1811 1019 1871 1048 fimi
1883 1019 1934 1049 iter
1956 1017 2182 1048 constitutorum
2197 1027 2244 1049 aut
2267 1020 2376 1050 consti-

1311 1057 1487 1088 tuendorum
1500 1059 1529 1087 in
1542 1067 1574 1088 ea
1588 1065 1666 1096 parte
1683 1058 1715 1096 (fi
1727 1057 1891 1095 hujusmodi
1901 1055 2151 1087 Commiffionarii
2160 1055 2254 1095 Regni
2268 1057 2376 1088 Scotiae

1311 1097 1472 1127 executioni
1492 1096 1677 1126 Praesentium
1695 1095 1822 1126 intereffe
1838 1096 1871 1127 δε
1887 1095 2032 1125 intendere
2048 1094 2208 1130 voluerint)
2223 1105 2326 1127 omnes
2342 1096 2377 1128 &

1312 1134 1432 1172 singulas
1444 1134 1591 1172 praedictas
1605 1135 1710 1165 Terras
1722 1135 1849 1174 ambigui
1859 1134 1939 1173 juris,
1953 1141 2068 1163 vocatas
2082 1132 2253 1163 Debateable
2264 1135 2379 1174 Lands,

1312 1175 1494 1214 pertinentes,
1502 1174 1534 1203 &
1544 1173 1681 1204 Parcellas
1693 1172 1840 1204 existentes
1849 1173 1883 1202 ad
1892 1171 2028 1211 Regnum
2036 1170 2166 1201 nostrum
2176 1172 2301 1212 Angli-ae,
2310 1179 2380 1204 cum

1314 1221 1420 1242 mutuo
1434 1212 1540 1242 aliensu
1557 1212 1590 1242 &
1605 1212 1807 1250 approbatione
1823 1209 1950 1241 vestrum
1967 1209 2168 1248 praedictorum
2189 1209 2381 1242 Commissio-

1316 1252 1460 1281 nariorum
1477 1249 1639 1280 nostrorum
1655 1260 1707 1287 pro
1718 1248 1827 1286 Regno
1841 1247 1942 1280 nostro
1955 1247 2081 1287 Angliae‚
2092 1258 2125 1278 ac
2139 1247 2303 1285 hujusmodi
2313 1250 2382 1281 alio-

1316 1299 1379 1318 rum
1394 1298 1446 1325 pro
1461 1288 1568 1327 Regno
1583 1288 1683 1318 nostro
1699 1287 1817 1324 Scotiae,
1831 1297 1905 1325 quos
1919 1286 1991 1318 Nos
2005 1288 2033 1315 in
2050 1296 2081 1316 ea
2096 1295 2175 1326 parte
2196 1287 2383 1320 nominamus

1316 1326 1527 1364 constituimus,
1535 1335 1581 1357 aut
1596 1326 1785 1366 imposterfim
1802 1331 1816 1343 ⁸⁵
1832 1325 2078 1356 nominaverimus
2092 1333 2139 1355 aut
2150 1324 2383 1357 constituerimus

1317 1365 1351 1407 (fi
1368 1365 1529 1403 hujusmodi
1543 1364 1790 1395 Commiffionarii
1799 1363 1896 1403 Regni
1909 1363 1997 1394 nostri
2011 1363 2119 1393 Scotiae
2133 1365 2295 1394 executioni
2309 1364 2387 1396 Prae-

1315 1405 1436 1433 lentium
1451 1404 1580 1434 interelie
1594 1405 1627 1434 &
1642 1403 1787 1434 intendere
1811 1403 1969 1438 voluerint)
1987 1401 2022 1432 ad
2043 1400 2277 1439 constituendum
2301 1403 2383 1435 adhi-

1317 1443 1446 1473 bendum
1466 1443 1498 1472 &
1516 1442 1694 1472 statuendum
1705 1441 1799 1473 Metas
1807 1442 1890 1472 Fines
1903 1441 1936 1472 ὅ(
1946 1441 2079 1479 Limites,
2092 1441 2166 1472 inter
2199 1441 2312 1473 raedifta
2324 1443 2385 1474 duo

1318 1481 1435 1518 Regna,
1457 1481 1701 1519 quemadmodum
1724 1490 1803 1511 verus
1824 1480 1918 1511 Status
1940 1479 2112 1510 eorumdem
2137 1489 2153 1509 e
2178 1490 2194 1510 e
2216 1482 2384 1518 reperietur:

1319 1529 1436 1562 necnon
1451 1519 1484 1549 ad
1500 1519 1716 1551 conficiendum
1730 1520 1841 1558 plenam
1856 1519 1890 1550 &
1906 1517 2060 1556 perfectam
2074 1517 2313 1557 Supervifionem‚
2326 1528 2387 1550 tam

1318 1567 1453 1588 omnium
1466 1558 1499 1588 δε
1515 1557 1693 1596 singulorum
1705 1557 1875 1595 Terrarum,
1890 1565 2058 1588 vocatarum
2078 1556 2251 1586 Debateable
2269 1559 2386 1596 Lands,

1318 1597 1460 1634 praedictis
1484 1595 1571 1626 Meris
1592 1597 1709 1627 Finibus
1729 1598 1762 1628 ὃ(
1780 1596 1935 1627 Limitibus
1949 1594 2226 1634 circumscriptarum
2237 1618 2247 1634 ,
2262 1597 2296 1626 ad
2311 1607 2385 1635 prae-

1322 1635 1435 1665 dicium
1452 1634 1592 1671 Regnum
1609 1634 1739 1665 nostrum
1758 1635 1890 1674 Angliae,
1907 1642 1937 1664 ut
1955 1634 2101 1673 praefertur
2113 1656 2123 1672 ,
2148 1634 2334 1673 spec‘iantium
2356 1637 2391 1668 δι

1322 1674 1526 1710 pertinentium
1536 1695 1546 1711 ,
1564 1675 1654 1711 quam
1667 1674 1702 1703 ad
1717 1673 1950 1712 Supervifionem
1966 1672 2162 1711 praedictarum
2186 1672 2332 1704 Vastarum
2351 1676 2387 1706 &

1322 1712 1480 1742 Terrarum
1497 1711 1728 1742 Dominicalium
1743 1712 1771 1741 in
1785 1710 1959 1780 Riddaſslale,
1973 1711 2104 1755 Tyndale,
2122 1711 2283 1750 Bewcastle,
2299 1715 2386 1742 Bew-

1324 1750 1405 1790 castle
1418 1749 1512 1787 Dale,
1529 1751 1618 1788 Eske,
1635 1753 1735 1780 Leven
1751 1750 1784 1780 &
1809 1753 1860 1780 Sar
1880 1761 1894 1779 e
1905 1773 1914 1788 ,
1929 1751 1963 1781 &
1986 1757 2062 1781 inter
2081 1750 2140 1779 Esk
2162 1751 2196 1781 &
2217 1750 2324 1788 Sarke,
2341 1751 2390 1783 vel

1325 1792 1355 1820 in
1368 1798 1465 1820 earum
1481 1789 1572 1827 aliqua
1589 1789 1634 1820 vel
1650 1789 1800 1827 aliquibus,
1813 1789 1844 1819 in
1860 1788 2059 1819 Comitatibus
2069 1787 2172 1818 nostris
2188 1786 2341 1820 Cumbriae
2355 1791 2391 1822 ὃς

1325 1828 1550 1859 Northumbriae
1564 1828 1611 1858 vel
1626 1828 1656 1857 in
1671 1835 1774 1857 eorum
1787 1827 1892 1865 altero,
1912 1827 1946 1856 ad
1963 1825 2113 1856 Coronam
2129 1825 2258 1857 nostram
2275 1828 2390 1867 Angliae

1325 1866 1527 1905 spectantium,
1543 1873 1590 1896 aut
1604 1867 1633 1896 in
1646 1866 1710 1904 jure
1725 1864 1855 1896 Coronae
1869 1864 1974 1895 nostrae
1991 1864 2114 1903 Angliae,
2133 1864 2190 1896 five
2203 1865 2232 1895 in
2247 1865 2307 1904 jure
2324 1868 2391 1899 Du-

1325 1904 1406 1938 catus
1416 1903 1505 1936 nostri
1515 1903 1696 1942 Lancastriae,
1702 1903 1916 1943 quoquomodo
1922 1903 2112 1942 spectantium
2119 1903 2153 1934 &
2168 1904 2389 1942 pertinentium:

1362 1944 1495 1975 Necnon
1515 1943 1714 1983 affignavimus
1736 1952 1788 1973 vos
1802 1965 1812 1981 ,
1826 1950 1948 1981 quatuor
1971 1942 2016 1972 vel
2061 1942 2132 1972 lures
2155 1941 2283 1981 vestrfitn
2298 1946 2392 1982 (quo-

1327 1992 1392 2014 rum
1410 1992 1463 2014 vos
1477 1982 1610 2021 praefatos
1623 1981 1786 2021 Johannem
1802 1980 1931 2021 Johnson
1946 1981 1978 2012 δι
1989 1980 2031 2020 Jo
2054 1990 2151 2010 aunem
2165 1981 2307 2022 Goodwyn
2320 1984 2394 2014 duos

1327 2021 1384 2052 esse
1397 2021 1552 2058 volumus)
1578 2029 1611 2051 ac
1626 2021 1710 2051 vobis
1723 2043 1734 2059 ,
1758 2029 1880 2059 quatuor
1904 2020 1948 2050 vel
1970 2021 2096 2057 pluribus
2115 2019 2262 2058 vestrum,
2279 2020 2396 2059 plenam

1329 2060 1507 2092 Potestatem
1521 2061 1556 2092 &
1573 2059 1783 2090 Auctoritatem
1797 2056 1924 2089 fimiliter
1942 2057 2041 2090 damus
2062 2060 2095 2090 &
2116 2060 2330 2091 committimus
2348 2070 2398 2099 per

1329 2100 1503 2136 Praesentes,
1517 2098 1551 2129 ad
1566 2098 1713 2136 praedictas
1727 2097 1855 2137 separales
1876 2096 2014 2128 Parcellas
2035 2097 2194 2127 Terrarum
2215 2096 2396 2135 personaliter

1328 2138 1500 2176 accedendi,
1518 2138 1552 2169 δ(
1566 2145 1626 2168 tam
1642 2147 1692 2176 per
1705 2136 1897 2174 Cognitiones
1914 2135 2017 2166 vestras
2029 2136 2169 2174 proprias,
2186 2138 2273 2174 quam
2287 2146 2336 2176 per
2346 2138 2396 2169 Sa-

1329 2184 1509 2209 cramentum
1525 2177 1686 2215 proborum
1701 2176 1734 2208 δε
1749 2175 1879 2214 legalium
1894 2174 2058 2205 Hominum
2074 2174 2156 2205 Loca
2177 2184 2210 2205 ea
2225 2175 2338 2206 circiter
2349 2177 2394 2207 in-

1329 2217 1518 2248 habitantium
1534 2215 1580 2246 vel
1593 2215 1731 2253 contigue
1751 2213 1924 2253 adjacentia,
1939 2222 1972 2244 ac
1995 2213 2098 2251 etiam,
2121 2222 2172 2252 per
2195 2213 2244 2244 De
2285 2214 2399 2246 sitiones

1328 2262 1585 2294 quorumcumque
1597 2251 1730 2285 Testium
1745 2253 1801 2283 sive
1814 2251 2056 2291 Fidedignorum,
2081 2259 2183 2282 coram
2208 2262 2247 2283 vo
2270 2253 2307 2291 is,
2327 2263 2395 2291 qua-

1329 2302 1395 2325 tuor
1410 2294 1454 2325 vel
1470 2293 1596 2331 pluribus
1610 2291 1738 2322 vestrum
1759 2292 1895 2330 (quorum
1910 2300 1964 2322 vos
1978 2291 2109 2328 praefatos
2121 2289 2283 2329 Johannem
2298 2291 2393 2330 John-

1322 2331 1378 2372 an
1396 2334 1429 2364 &
1447 2332 1607 2371 Johannem
1620 2330 1751 2361 Goodwin
1763 2330 1834 2361 duos
1845 2329 1904 2360 effi.¹
1928 2328 2082 2366 volumus)
2111 2330 2343 2369 evocandorum,
2362 2341 2397 2363 ac

1331 2372 1412 2410 super
1427 2371 1518 2401 saneta
1534 2370 1591 2400 Dei
1605 2369 1758 2408 Evangelia
1770 2367 2046 2405 examinandorurn‚
2071 2376 2188 2398 necnon
2207 2369 2343 2400 omnibus
2365 2380 2395 2402 a-

1331 2411 1372 2441 liis
1386 2409 1485 2441 Modis
1499 2410 1531 2440 ὅ(
1547 2408 1654 2438 Mediis
1664 2409 1764 2447 quibus
1779 2407 1877 2438 melius
1891 2407 2024 2437 sciveritis
2038 2414 2086 2437 aut
2101 2407 2229 2443 poteritis
2244 2407 2312 2446 (aut
2327 2418 2397 2447 qua-

1331 2458 1396 2480 tuor
1412 2449 1459 2480 vel
1473 2449 1564 2485 plures
1576 2445 1714 2485 vestrum,
1731 2455 1762 2477 ut
1776 2446 1939 2484 praefertur)
1960 2445 2091 2476 sciverint
2107 2453 2154 2476 aut
2173 2447 2318 2486 poterint,
2334 2446 2398 2478 dili·

1330 2496 1430 2527 genter
1447 2485 1605 2524 inquirendi
1621 2486 1656 2516 de
1670 2495 1737 2515 vera
1753 2485 1933 2523 Quantitate-
1945 2484 1979 2515 δε
2003 2483 2141 2514 Numero
2161 2485 2303 2515 Acratum
2324 2495 2399 2522 prae-

1331 2526 1474 2555 <iustarum
1490 2524 1678 2555 Parcellarum
1692 2523 1851 2553 Terrarum
1869 2521 2081 2561 quoquomodo
2098 2524 2210 2560 jacent,
2237 2522 2271 2553 &
2292 2523 2396 2561 quous-

1331 2574 1385 2601 que
1402 2564 1429 2593 se
1441 2572 1474 2592 ex
1489 2563 1572 2592 omni
1588 2570 1665 2599 parte
1678 2561 1852 2599 extendunt,
1870 2570 1902 2590 ac
1916 2561 1951 2591 de
1965 2568 2063 2590 natura
2078 2561 2111 2590 &
2128 2560 2253 2590 bonitate
2266 2559 2344 2598 Soli,
2358 2570 2393 2593 ac

1331 2605 1369 2632 de
1379 2602 1516 2631 omnibus
1530 2602 1564 2631 &
1580 2599 1761 2630 omnimodis
1776 2600 1895 2635 Quarris
1911 2598 2056 2636 Lapidum
2069 2598 2103 2629 &
2126 2596 2258 2628 Mineriis
2279 2597 2395 2630 Carbo-

1334 2649 1422 2677 num,
1440 2639 1574 2676 Plumbi,
1594 2638 1690 2675 Ferri,
1707 2639 1740 2669 &
1756 2638 1875 2667 aliorum
1892 2636 2081 2667 Mineralium
2089 2635 2243 2674 Regalium
2259 2647 2399 2676 quorum.

1333 2687 1461 2715 cumque
1474 2676 1582 2707 ibidem
1599 2675 1798 2713 existentium3
1816 2676 1850 2705 &
1863 2674 1898 2704 ad
1913 2675 2012 2705 eadem
2028 2674 2128 2704 omnia
2149 2675 2183 2706 &
2196 2674 2299 2714 singula
2318 2677 2395 2708 Ter-

1335 2727 1375 2747 ras
1391 2715 1495 2746 Boscos
1511 2713 1677 2745 Subboscos
1690 2715 1800 2752 Qiarra
1814 2713 1847 2744 ὅ(
1861 2712 1998 2743 Minerias
2013 2721 2204 2751 quaecumque
2223 2714 2297 2744 bene
2312 2715 2346 2746 &
2361 2715 2396 2746 fi-

1336 2756 1435 2786 deliter
1448 2752 1626 2784 limitandum
1639 2753 1806 2782 butrandum
1821 2752 1854 2782 &
1871 2751 2069 2789 dividendum,
2084 2760 2133 2790 per
2146 2751 2318 2784 sufficientes
2327 2753 2396 2787 Me-

1336 2803 1376 2825 tas
1393 2794 1515 2823 Limites
1527 2793 1559 2823 &
1573 2790 1682 2821 Bundas
1691 2812 1701 2828 ,
1719 2791 1755 2821 ab
1767 2790 1826 2820 aliis
1839 2789 1937 2820 Terris
1949 2789 2058 2820 ibidem
2085 2791 2221 2830 contigue
2241 2792 2394 2832 adjacenti-

1338 2834 1389 2862 bus
1400 2854 1410 2869 ,
1428 2831 1460 2861 ὅ(
1475 2837 1548 2869 quot
1560 2831 1594 2861 &
1609 2830 1658 2868 qui
1672 2829 1733 2859 sunt
1751 2828 1844 2859 modo
1858 2836 1985 2859 tenentes
2005 2828 2040 2859 &
2061 2827 2262 2867 Occupatores
2281 2841 2400 2863 eorum-

1335 2871 1404 2902 dem
1417 2868 1653 2906 Praemissorum,
1669 2877 1702 2897 ac
1720 2867 1820 2898 eadem
1834 2868 1933 2897 omnia
1946 2868 1979 2898 &
2002 2867 2106 2906 singula
2126 2866 2278 2899 Praemissa
2296 2870 2398 2902 secun·

1337 2909 1410 2940 dum
1425 2917 1529 2938 eorum
1543 2914 1654 2937 naturas
1669 2907 1853 2944 &qualitates
1868 2905 2068 2944 particulariter
2081 2906 2114 2936 &
2128 2905 2272 2943 separatim
2287 2910 2401 2940 valuan-

1337 2949 1426 2985 dum,
1444 2948 1477 2978 &
1493 2945 1680 2976 arentandum
1696 2944 1893 2975 rationabilem
1909 2943 2146 2984 proportionem,
2159 2947 2235 2983 juxta
2248 2945 2322 2978 sanas
2330 2947 2399 2979 Dis-

1337 2987 1479 3018 cretiones
1494 2983 1617 3022 vestras,
1633 2992 1681 3014 aut
1702 2992 1822 3022 quatuor
1845 2983 1892 3012 vel
1917 2983 2008 3021 plures
2033 2982 2162 3013 vestrum
2186 2985 2329 3023 (quorum
2346 2997 2401 3018 vos

1339 3022 1639 3066 praefatostJohannem
1653 3021 1782 3062 Johnsc'm
1797 3023 1830 3053 δε
1840 3020 2000 3060 Johannem
2017 3023 2158 3062 Goodwyn
2171 3033 2260 3054 unum
2276 3025 2333 3055 effe
2346 3035 2400 3056 vo-

1341 3065 1452 3096 lumus)
1471 3063 1509 3092 ita
1525 3062 1605 3099 quod
1624 3060 1694 3090 Nos
1716 3062 1816 3091 eadem
1834 3060 1983 3091 Praemiffa
1996 3069 2042 3091 aut
2055 3061 2091 3091 ali
2113 3071 2176 3091 uam
2200 3061 2267 3094 inde
2287 3063 2401 3095 Parcel-

1341 3102 1416 3139 lam,
1433 3100 1485 3131 sub
1499 3108 1578 3130 certo
1593 3098 1702 3130 Reditu
1718 3098 1752 3129 ad
1767 3097 1896 3128 Firmum
1911 3097 2054 3130 dimittere
2067 3110 2100 3130 va
2112 3109 2209 3130 eamus
2230 3101 2265 3131 ad
2287 3100 2403 3133 Volun-

1341 3148 1430 3171 tatem
1446 3138 1590 3175 nostram,
1605 3147 1639 3168 ac
1661 3137 1697 3167 de
1710 3138 1846 3168 omnibus
1857 3136 1915 3167 aliis
1930 3137 2064 3167 Articulis
2086 3138 2120 3168 δε
2148 3137 2379 3172 Circumstantiis
2391 3163 2404 3180 ,

1343 3176 1488 3209 Praemiffa
1508 3177 1750 3215 qualitercumque
1768 3177 2028 3213 concernentibus,
2047 3176 2156 3214 plenius
2170 3179 2331 3210 veritatem:

1383 3215 1422 3246 Et
1437 3215 1503 3245 ideo
1517 3215 1599 3246 vobis
1613 3212 1777 3244 mandamus
1787 3236 1796 3251 ‚
1812 3213 1892 3251 qubd
1909 3213 1943 3244 ad
1958 3224 2051 3245 certos
2065 3214 2157 3245 Diem
2177 3216 2211 3246 &
2235 3216 2350 3248 Locum
2370 3217 2405 3249 fi-

1345 3264 1382 3285 ve
1398 3253 1469 3283 Dies
1481 3255 1513 3283 &
1530 3252 1628 3290 Loca,
1647 3261 1718 3289 quos
1730 3261 1782 3282 vos
1795 3260 1916 3289 quatuor
1928 3253 1974 3284 vel
1990 3253 2082 3290 plures
2095 3253 2220 3285 vestrum
2235 3257 2277 3290 (ut
2291 3256 2406 3293 praefer-

1346 3292 1412 3328 tur)
1433 3292 1466 3322 ad
1480 3291 1538 3321 hoc
1552 3289 1749 3329 provideritis,
1766 3291 1843 3320 circa
1865 3290 2010 3322 Praemiffii
2032 3292 2181 3331 diligenter
2201 3295 2354 3326 intendatis
2369 3296 2404 3328 &

1347 3330 1478 3362 accurate
1491 3330 1596 3360 faciatis
1609 3328 1642 3359 &
1664 3337 1697 3358 ex
1736 3329 1858 3366 uamini,
1884 3338 1932 3360 aut
1953 3337 2075 3368 quatuor
2097 3330 2141 3362 vel
2162 3331 2255 3370 plures
2276 3332 2405 3364 vestri'iu'i

1348 3370 1399 3407 (ut
1416 3368 1578 3406 praefertur)
1599 3366 1703 3397 faciant
1764 3375 1933 3406 exequantur
1948 3369 1978 3399 in
1993 3369 2086 3400 forma
2099 3369 2250 3408 praedicta·
2268 3372 2305 3402 ita
2322 3370 2404 3410 quod

1346 3407 1580 3446 lnquifitionem,
1594 3405 1614 3434 fi
1629 3415 1715 3444 quam
1730 3407 1758 3434 in
1773 3415 1804 3436 ea
1827 3413 1906 3444 parte
1931 3408 2078 3446 ceperitis,
2100 3417 2218 3439 necnon
2240 3395 2406 3447 bepofitio·

1349 3455 1399 3476 nes
1416 3444 1641 3483 Supervifiones‚
1655 3454 1689 3474 ac
1704 3452 1798 3474 totum
1822 3444 1962 3476 residuum
1985 3445 2104 3476 Factum
2126 3446 2257 3481 vestrum
2274 3447 2407 3478 in'Praer·

1348 3483 1437 3515 miffis
1449 3483 1586 3521 habeatis,
1602 3491 1650 3512 aut
1665 3490 1786 3520 quatuor
1799 3483 1844 3513 vel
1858 3482 1948 3521 plures
1964 3483 2091 3515 vestrum
2112 3484 2161 3520 (ut
2176 3481 2340 3522 praefertur)
2356 3484 2408 3516 ha-

1348 3523 1452 3567 beant,
1470 3530 1573 3565 coram,
1584 3520 1743 3566 baronibus
1758 3521 1794 3552 de
1809 3521 1960 3554 Scaccario
1971 3522 2071 3554 nostro
2087 3523 2161 3561 apud
2178 3522 2406 3554 Westmonaste-

1349 3570 1427 3591 num
1439 3568 1608 3597 quamcltius
1620 3564 1763 3598 poteritis,

1387 3599 1487 3629 Sciatis
1503 3605 1598 3628 tamen
1612 3597 1692 3635 quod
1710 3597 1778 3628 Nos
1794 3598 1942 3636 volumus,
1958 3597 2038 3636 quod
2054 3607 2108 3629 vos
2128 3597 2235 3636 praefati
2259 3597 2409 3631 Commis-

1350 3637 1461 3668 fionarii
1474 3635 1591 3679 nostri,
1605 3645 1650 3666 aut
1672 3644 1792 3674 quatuor
1813 3635 1940 3671 vestrfim
1957 3635 1992 3666 ad
2010 3638 2120 3674 minus,
2146 3633 2407 3671 Praemonitionem

1352 3676 1422 3706 datis
1436 3675 1593 3713 buJulmodi
1610 3675 1741 3705 Personae
1757 3675 1812 3706 five
1837 3674 1984 3712 Personis,
2006 3684 2073 3713 quas
2094 3673 2187 3704 modo
2206 3678 2411 3714 appunciuavi-

1353 3724 1433 3752 mus,
1451 3713 1509 3743 sive
1525 3713 1712 3751 imposterum
1728 3713 2032 3751 apponetuaverimus,
2055 3712 2117 3742 fore
2138 3711 2410 3748 Commiffionarios

1352 3752 1463 3783 nostros
1476 3760 1528 3789 pro
1541 3751 1703 3789 hujusmodi
1719 3751 1834 3789 Terris,
1852 3752 1959 3781 vocatis
1975 3748 2144 3780 Debateable
2160 3751 2274 3790 Lands,
2290 3754 2325 3784 ad
2346 3754 2407 3787 Re-

1353 3798 1443 3830 gnum
1457 3788 1587 3831 nostrum
1605 3790 1711 3820 Scotiae
1723 3790 1913 3828 speciantibus
1933 3790 1966 3820 δε
1988 3789 2207 3827 pertinentibus,
2226 3790 2297 3821 crim
2311 3793 2343 3824 &
2360 3804 2411 3832 per

1353 3839 1476 3869 quorum
1495 3829 1658 3858 conlensum
1678 3829 1760 3859 vobis
1782 3826 1999 3867 fignificavimus
2024 3825 2169 3858 Praemissa
2191 3829 2324 3865 praedicta
2348 3832 2412 3863 fore

1354 3866 1535 3906 exequenda,
1553 3876 1601 3903 per
1616 3866 1731 3904 spatium
1752 3867 1823 3897 0610
1838 3865 1962 3896 Dierum
1977 3873 2043 3895 ante
2066 3866 2265 3898 executionem
2287 3867 2413 3902 Praesen-

1355 3908 1446 3943 tium,
1460 3914 1510 3943 per
1524 3914 1575 3934 vos
1589 3914 1635 3934 aut
1656 3915 1775 3942 quatuor
1793 3903 1938 3941 vestrum,
1955 3902 2028 3942 apud
2044 3902 2166 3942 castrum
2188 3905 2219 3934 de
2243 3905 2345 3937 Carltle
2361 3919 2415 3946 pro

1356 3946 1382 3975 le
1400 3943 1487 3976 West
1508 3941 1660 3981 Marches,
1678 3945 1710 3974 &
1738 3943 1874 3974 Domum
1899 3942 2104 3972 manfionalem
2129 3941 2255 3974 Manerii
2278 3945 2310 3974 de
2336 3948 2418 3977 Hex-

1357 3984 1423 4013 ham
1441 3981 1534 4019 prole
1553 3981 1617 4011 East
1634 3982 1667 4011 &
1695 3981 1809 4011 Middle
1833 3979 1987 4018 Marches‚
2012 3980 2040 4009 in
2064 3978 2182 4019 Scriptis
2203 3983 2254 4012 sub
2279 3981 2418 4015 Manibus

1358 4021 1475 4059 vestris,
1491 4028 1538 4051 aut
1553 4019 1622 4050 oe'to
1640 4020 1746 4057 septem
1761 4019 1808 4050 sex
1826 4019 1951 4057 quinque
1975 4017 2033 4051 five
2060 4027 2184 4056 quatuor
2210 4019 2355 4061 vestrum,
2375 4031 2420 4051 re-

2369 4058 2421 4089 lin-

2390 207 2512 244 Ann.D.

2407 247 2501 290 16⁶4„

2386 293 2401 315 2
2411 287 2476 327 Jac.
2484 294 2513 320 r.

2403 1332 2513 1363 0xvr

2405 1372 2460 1409 584
2474 1394 2486 1406 .
