2557 4279
742 218 852 260 ET
935 213 1207 257 ACTA
1291 215 1779 264 PUBLICA.
2267 229 2317 267 81

38 304 113 340 Ann.
129 305 170 337 D.
183 305 249 337 tend
266 303 376 344 agaynst
391 303 471 335 them
485 303 533 335 the
547 303 653 335 Power
666 303 702 334 of
709 314 763 335 our
779 303 958 348 Indignation
973 304 1027 346 and
1047 303 1098 334 the
1122 302 1235 341 Rigoui·
1274 311 1326 330 eux
1342 301 1490 341 lepouvoir
1504 304 1536 332 de
1552 312 1631 350 (tratre
1644 306 1817 342 indignation
1833 307 1871 343 &
1884 291 1913 339 ia
1927 313 2035 346 rigueur
2050 309 2083 339 de
2100 318 2148 340 nos
2156 312 2242 348 Loix,
2249 314 2323 350 quoi-
2341 308 2418 340 Ann.
2428 309 2471 342 D„

57 345 144 384 1603.
184 345 221 375 of
227 354 278 375 our
294 343 408 379 Lawes‚
428 343 538 382 though
553 342 613 372 We
630 342 698 386 shall
715 344 751 374 be
768 344 853 372 sorrie
869 352 899 373 to
915 343 1004 382 fynde
1020 351 1073 380 any
1094 341 1160 371 such
1182 351 1235 371 oc-
1258 350 1321 378 ,que
1339 351 1405 369 nous
1423 339 1522 380 sbi-ons
1540 343 1651 386 fache‘s·
1663 344 1695 372 de
1712 349 1774 373 vair
1794 357 1844 384 que
1862 346 1995 386 l'occasion
2015 358 2080 378 nous
2100 359 2133 377 en
2146 346 2198 387 fu't
2220 350 2323 379 donne?
2361 349 2450 387 1603.

38 393 49 410 1
58 384 123 420 Jac.
141 393 166 410 ι.
182 383 274 413 casion
286 389 378 419 geven
395 381 431 419 by
449 390 501 419 any
514 381 550 411 of
561 390 613 411 our
623 380 755 420 SubJeclcs
767 380 870 412 whom
888 381 946 412 We
961 381 1000 412 do
1018 380 1089 411 hold
1105 378 1152 410 soe
1167 379 1232 411 dea-
1268 387 1322 416 par
1338 378 1484 419 quelqu’un
1497 380 1531 409 de
1542 391 1590 410 nos
1604 384 1693 419 Su7ets
1708 385 1753 423 qui
1766 393 1830 413 nous
1838 384 1935 425 sontja
1949 386 2031 417 chers.
2342 387 2426 424 xJnc.
2447 395 2473 422 ¹³

85 436 88 439 v
174 431 213 451 re.

57 679 139 719 1603.

28 722 86 747 Par.
103 727 125 745 i.

301 544 463 588 Commiffio
476 556 532 592 pro
550 544 675 578 Clameis
691 542 737 577 ad
749 546 970 577 Cor-ouationem
996 546 1096 590 Regis«.

34 639 159 674 AmffiD,
176 619 315 686 REX,
331 631 394 661 &a
413 629 591 674 Chariffimo·
602 628 822 673 Consanguineo
836 627 912 675 suo,
923 626 1045 672 Gilberto
1061 631 1160 658 comiti
1175 631 1228 673 Saff

198 703 217 733 h
253 667 343 706 “pm'’
362 669 418 737 &1²2
437 667 1227 745 maffia?¹⁵12d32⁷5250122233525532²22d5152232

28 756 60 794 J·
73 761 126 792 hp·
134 764 161 791 5,
175 707 206 773 ἷι
218 714 483 786 Ἠιῗηῗηιΐῖιυηῖῗ,
499 719 671 780 Doiledtisqu’e
687 744 720 772 &
743 742 766 771 F
769 742 883 772 idelibus
904 742 957 771 suis
971 758 980 779 ,
1004 741 1135 780 Johanni
1160 746 1225 781 Pop-

28 803 125 860 22²⁴·

177 781 242 812 ham
259 783 349 813 Militi
364 783 484 821 Capitali
494 782 653 820 Justiciario
668 780 717 810 suo
732 780 765 810 ad
783 780 891 809 Placita
905 789 1004 809 coram
1019 781 1104 810 nobis
1125 789 1225 812 tenen-³

177 821 212 851 da
226 821 375 860 assignato,
394 824 427 854 &
441 820 584 851 Edwardo
601 819 748 859 Anderson
761 818 851 848 Militi
866 816 985 856 Capitali
997 817 1159 856 Justiciario
1173 819 1224 850 suo

177 859 214 889 de
229 859 344 898 Banco,
360 860 493 891 Salutem.

211 898 291 928 Cum
306 899 417 937 quidam
433 897 556 928 Domini
573 895 722 935 Magnates
739 894 847 925 Milites
862 903 894 924 ac
907 894 950 924 alli
968 894 1103 925 Proceres
1117 895 1150 926 ὃ(
1172 895 1220 926 Li-

170 938 217 974 gei
233 936 317 967 nostri
332 936 430 973 Regni
443 934 531 966 nostri
546 935 671 972 Anghae,
691 934 798 964 ratione
812 933 844 963 &
860 941 993 969 praetextu
1010 933 1138 964 Tenurae
1148 933 1220 964 Haes

171 974 319 1006 reditatum
337 975 463 1011 suarum,
481 973 527 1003 vel
543 974 636 1012 aliter,
660 972 765 1002 diversa
791 971 915 1010 specialia
934 971 1054 1002 Servitia
1078 971 1156 1003 Obse
1179 973 1222 1004 uia

174 1015 207 1045 &
223 1012 381 1043 Ministeria
398 1012 472 1042 circa
489 1010 642 1041 Personam
657 1011 781 1041 nostram
800 1012 834 1042 δε
849 1009 970 1048 Reginae
987 1010 1091 1041 nostrae
1106 1011 1136 1040 in
1158 981 1219 1042 (Die

170 1051 321 1088 solempnis
337 1049 543 1081 Coronationis
555 1049 736 1087 nostrorum,
753 1048 855 1078 adtunc
870 1049 902 1078 &
919 1048 1027 1078 ibidem
1049 1057 1131 1086 agere
1144 1049 1220 1080 face-

169 1099 199 1121 re
211 1087 337 1125 praestare
353 1088 442 1119 solent
459 1090 491 1120 &
506 1096 650 1118 teneantur
660 1111 668 1125 ,
686 1089 719 1119 &
734 1086 879 1125 superinde
896 1086 940 1116 sua
956 1086 1050 1117 Feoda
1071 1087 1172 1117 habere
1186 1088 1219 1117 δε

167 1126 304 1171 consequi
320 1127 458 1171 debeant,
485 1128 518 1158 &
541 1126 694 1165 quiaDies
715 1125 868 1163 solempnis
890 1124 1094 1156 Coronationis
1114 1124 1220 1156 nostrae

164 1174 220 1203 jam
235 1173 457 1204 appropinquat,

205 1203 274 1234 Nos
290 1203 418 1242 idcirco,
440 1203 591 1241 unicuique
608 1203 764 1241 Ligeorum
778 1198 941 1232 nostrorum
953 1201 1074 1240 Justitiae'
1088 1200 1219 1238 comple*

165 1251 298 1273 mentum
313 1241 389 1281 fieri,
409 1244 441 1274 &
460 1242 556 1272 Nobis
570 1242 605 1273 de
620 1240 782 1278 hujusmodi
797 1240 920 1271 Servitiis
940 1250 1023 1278 prout
1045 1240 1128 1271 decet
1150 1240 1220 1270 fide-

166 1281 225 1311 liter
247 1281 405 1319 responderi
427 1280 572 1318 volentes,
596 1279 632 1310 de
653 1279 842 1310 Fidelitatibus
862 1278 1005 1309 Industriis
1034 1280 1068 1310 &
1095 1279 1220 1315 providis

167 1318 478 1360 Circumspeffionibus
510 1319 606 1350 vestris
626 1317 735 1356 plenius
756 1317 948 1355 confidentes,
970 1316 1167 1355 affignavimus
1185 1318 1218 1347 &

166 1358 368 1390 constituimus
383 1368 453 1395 vos,
471 1359 595 1395 quinque
611 1365 730 1394 quatuor
744 1357 789 1388 vel
807 1364 859 1386 tres
876 1351 1003 1387 vestrum
1022 1356 1032 1391 (
1044 1365 1166 1394 quorum
1180 1354 1219 1385 al-

165 1403 259 1427 terum
274 1397 399 1428 vestrfim
418 1397 565 1433 praefatum
579 1394 740 1434 Johannem
762 1394 878 1432 Popham
901 1396 934 1426 &
958 1394 1131 1423 Edmundum
1154 1396 1221 1423 An-

167 1435 262 1503 degne
277 1445 367 1466 unum
382 1435 438 1465 effe
453 1435 601 1469 volumus)
617 1432 885 1463 Commiffionarios
900 1431 1010 1462 nostros
1025 1433 1055 1462 in
1075 1442 1107 1464 ea
1129 1441 1220 1471 parte²

235 1483 311 1504 antes
325 1476 359 1506 ὃς
372 1473 561 1504 concedentes
578 1472 659 1502 vobis
676 1473 704 1501 in
718 1471 811 1502 forma
825 1470 954 1510 praeditsta
971 1471 1102 1508 plenam,
1121 1479 1219 1501 tenore

165 1511 349 1542 Praesentiurn
360 1534 369 1549 ‚
389 1511 560 1542 Potestatem
574 1511 608 1541 δε
620 1510 850 1547 Αυᾶοτίῑαῑεῐτι,
867 1508 901 1538 ad
925 1518 1027 1539 omnes
1046 1510 1079 1539 &
1101 1508 1222 1547 singulos

167 1550 326 1588 hujusmodi
342 1551 487 1580 Tenentes
504 1548 633 1586 nostros,
647 1557 680 1578 ac
699 1548 768 1578 alios
790 1547 975 1585 quoscunque
997 1556 1098 1577 coram
1119 1548 1221 1585 vobis,

165 1589 201 1618 ad
216 1596 329 1619 certum
349 1589 465 1619 Locum
481 1588 513 1617 &
530 1587 601 1617 Dies
616 1595 688 1624 quos
702 1586 736 1616 ad
751 1587 810 1616 hoc
829 1584 1021 1624 provideritis,
1036 1584 1220 1615 evocandum

165 1626 199 1657 &
216 1628 310 1657 venire
325 1626 505 1663 faciendum,
520 1634 554 1655 ac
568 1624 640 1662 ipsos
653 1626 686 1656 &
701 1633 800 1655 eorum
823 1623 995 1660 quemlibet,
1015 1623 1221 1662 Petitionesque

166 1665 200 1695 &
216 1665 334 1694 Clamea
356 1663 483 1702 ipsorum
499 1686 509 1701 ,
534 1662 688 1694 secundum
713 1663 802 1701 Leges
825 1662 857 1692 &
879 1660 1108 1692 Consuetudines
1125 1661 1222 1700 Regni

166 1702 255 1734 nostri
270 1702 399 1742 Angliae,
417 1700 588 1733 audiendum
600 1701 811 1731 terminandum
832 1698 1050 1735 adjudicandum
1073 1700 1106 1730 ὅ(
1121 1699 1221 1729 finien-

166 1741 235 1772 dum
245 1764 254 1779 ,
270 1750 428 1779 caeteraque
441 1740 538 1771 omnia
552 1741 586 1771 &
600 1739 721 1778 singula,
738 1748 803 1777 quae
821 1737 855 1768 de
867 1736 936 1776 Jure
950 1738 983 1768 &
1005 1736 1221 1768 Consuetudine

163 1780 197 1849 dn
220 1780 275 1810 hac
294 1787 372 1820 parte
392 1779 571 1819 requiruntur
585 1800 596 1817 ‚
622 1777 785 1808 faciendum
805 1775 995 1806 exercendum
1016 1777 1049 1807 &
1070 1776 1221 1815 expedien-

187 1827 249 1848 um·-

202 1842 322 1888 Et’ideo
336 1852 420 1887 vobis
435 1854 600 1886 mandamus
614 1851 694 1894 quod
709 1854 785 1884 circa
797 1851 943 1884 Piaemiffa
958 1852 1105 1891 diligenter
1120 1854 1148 1884 in
1162 1853 1223 1884 for-

169 1904 216 1925 ma
234 1895 367 1932 praedicta
389 1894 536 1925 intendatis
550 1917 559 1931 .,
582 1904 615 1923 ac
640 1903 670 1924 ea
693 1892 802 1922 faciatis
825 1892 858 1922 &
881 1893 1060 1929 exequamini
1077 1893 1106 1921 in
1130 1892 1224 1922 forma

167 1933 311 1973 praedffila,
328 1933 484 1963 secundum
500 1932 588 1971 Leges
598 1932 631 1962 ὃς
647 1929 869 1961 Consuetudines
880 1929 975 1968 Regni
991 1929 1080 1960 nostri
1096 1930 1143 1960 An
1165 1930 1222 1961 liae:

206 1970 377 2002 Mandantes
391 1973 467 2001 enim
484 1978 582 2002 tenore
600 1969 782 2000 Praesentium
801 1968 933 1998 Ducibus
951 1966 1115 1999 Comitibus
1160 1979 1224 1999 aro·

167 2009 251 2040 nibus
261 2009 441 2048 justiciariis,
460 2009 493 2039 &
508 2009 644 2039 omnibus
655 2007 714 2037 aliis
725 2005 878 2038 Officiariis
903 2005 1041 2036 Ministris
1069 2006 1223 2038 Servienti-

167 2048 221 2077 bus
237 2049 269 2079 ὃ(
286 2048 378 2085 Ligeis
393 2047 495 2078 nostris
510 2047 742 2084 quibuscunque,
758 2045 835 2082 quod
858 2045 941 2074 vobis
959 2046 1093 2076 omnibus
1116 2046 1150 2077 &
1170 2046 1223 2076 sm-

168 2086 258 2125 gulis,
277 2087 304 2115 in
320 2087 488 2117 executione
505 2084 731 2123 Praernissorum,
749 2083 926 2116 intendentes
940 2082 992 2115 sint
1011 2083 1044 2116 &
1062 2085 1223 2116 auxiliantes

170 2127 204 2155 in
218 2125 353 2155 omnibus
370 2133 454 2160 prout
470 2123 564 2155 decet.

204 2160 241 2192 In
255 2163 333 2201 cujus
351 2164 407 2200 rei,
425 2162 486 2193 &c.

202 2236 295 2270 Teste
308 2236 391 2279 Rege
409 2234 484 2277 apud
499 2233 756 2280 Wstmonasterium
770 2233 889 2278 septimo
905 2239 963 2272 Die
977 2239 1056 2280 Julii.

213 2364 262 2398 De
280 2361 449 2407 Conceffione
461 2373 516 2409 pro
533 2361 675 2407 Johanne
690 2363 827 2409 Episcopo
848 2361 994 2405 Bristolliae
1015 2390 1025 2407 ,
1050 2376 1080 2398 eo
1099 2363 1181 2412 quod

461 2410 651 2458 Epiftopatus
672 2409 709 2455 est
735 2421 801 2443 tam
825 2412 925 2445 exilis.

145 2533 152 2540 ·
174 2496 311 2556 REX,
329 2496 391 2527 &c.
406 2495 581 2527 Reverendo
593 2496 621 2529 in
635 2495 754 2540 Christo
767 2495 843 2540 Patri
858 2495 991 2540 Domino
998 2496 1226 2542 JohqnniThor-

253 2535 386 2573 nebrough
401 2535 494 2565 Sacrae
507 2534 678 2573 Theologiae
694 2534 844 2564 Profeffon
866 2534 1010 2573 Episcopo
1028 2535 1174 2566 Bristolliae
1193 2546 1224 2566 e-

118 2573 124 2579 ’
172 2574 248 2605 lecito
262 2597 271 2610 ,
297 2583 411 2604 necnon
434 2573 557 2603 Decano
578 2572 715 2603 Ecclefiae
739 2572 915 2603 Cathedralis
945 2573 978 2604 ὃς
1000 2573 1227 2611 Metropoliticae

107 2609 125 2657 ·.
173 2613 269 2644 Sane‘ci
290 2611 367 2642 Petri
389 2611 519 2641 Eborum
544 2610 615 2641 infra
638 2610 792 2641 Civitatem
820 2612 853 2642 &
882 2610 983 2641 Dioec.
1007 2611 1168 2642 Eboracen.
1193 2621 1226 2642 ac

173 2650 371 2682 Praebendario
388 2649 423 2681 de
438 2649 624 2689 Tokrington
643 2649 672 2680 in
694 2649 794 2680 eadem
817 2648 941 2680 Ecclefia
961 2649 1086 2681 Salutem
1106 2651 1138 2681 in
1158 2649 1223 2681 Do-

106 2723 114 2730 ,
167 2691 257 2721 mino.

207 2728 290 2759 Cum
303 2727 487 2766 Episcopatus
502 2724 623 2756 Bristoll.
640 2725 675 2756 ad
693 2735 780 2764 quem
798 2726 850 2756 rite
870 2725 903 2756 δε
924 2727 1066 2759 canonice
1082 2727 1148 2766 jam
1172 2727 1227 2758 ele-

168 2766 230 2797 Etus
241 2776 285 2804 es,
301 2767 386 2804 usque
400 2765 471 2796 adeo
486 2765 517 2794 sit
529 2765 619 2795 tenuis
634 2765 666 2795 ὅ(
681 2765 756 2794 exilis
770 2774 803 2795 ac
817 2765 846 2794 in
859 2764 912 2794 suis
928 2765 1078 2796 Fructibus
1097 2765 1226 2797 Proven-

168 2805 294 2835 tionibus
308 2803 540 2835 obventionibus
562 2804 595 2834 ὅ(
618 2802 834 2834 Emolumentis
853 2803 926 2833 adeo
948 2803 982 2834 sit
1004 2804 1176 2842 diminutus,
1195 2812 1226 2835 ut

168 2851 284 2880 propter
300 2843 449 2873 exilitatem
465 2841 618 2871 Fructuum
637 2841 796 2877 huiusmodi
808 2841 912 2871 statum
933 2849 1014 2871 tuum
1034 2842 1112 2880 juxta
1128 2843 1225 2880 ponti-

169 2880 278 2911 ficalem
290 2880 468 2919 Dignitatem
484 2879 615 2910 decenter
633 2879 782 2917 sustinere,
798 2889 830 2911 ac
845 2880 894 2910 alia
909 2889 997 2912 onera
1009 2880 1083 2912 Tibi
1099 2880 1225 2913 necessa-

172 2919 216 2950 rio
234 2919 429 2949 incumbentia
444 2917 602 2955 supportare
617 2927 676 2947 non
691 2918 796 2955 valeas,

207 2956 226 2975 ²*
246 2956 332 2994 Nos,
348 2956 419 2987 serio
441 2956 477 2986 de
491 2964 636 2994 oportuno
652 2956 768 2994 alicujus
778 2956 968 2987 subventionis
982 2957 1113 2988 remedio
1136 2957 1224 2988 Auxi-

171 2995 211 3025 lio
224 2996 257 3027 &
275 2994 403 3025 Subfidio
418 2994 468 3024 tibi
481 2994 624 3025 consulere
637 2996 814 3031 cogitantes,
832 2996 865 3025 &
881 2996 918 3025 ne
943 3005 1060 3034 propter
1080 2997 1120 3026 rei
1141 2996 1227 3027 fami*

170 3033 242 3063 liaris
259 3033 384 3070 inopiam
402 3031 573 3068 Episcopalis
590 3031 740 3069 Dignitatis
755 3032 917 3063 Auctoritas
929 3034 1025 3072 aliquo
1050 3035 1142 3064 modo
1168 3035 1227 3064 ob-

171 3070 312 3102 nubiletur
335 3071 481 3110 providere
503 3069 680 3107 affectantes,
702 3078 736 3100 ex
755 3070 866 3108 speciali
896 3071 995 3102 Gratia
1025 3072 1120 3104 nostra
1147 3081 1225 3102 certa

219 3194 242 3217 *
266 3192 466 3228 Proclamatio
487 3202 543 3240 pro
567 3190 728 3226 Concordia
753 3192 924 3241 Anglorum
947 3195 985 3233 ό·
1010 3196 1178 3230 Scotorum.

174 3325 278 3388 WE
293 3327 382 3365 have,
400 3326 474 3358 since
487 3336 540 3358 our
554 3325 644 3369 Entry
660 3329 722 3360 into
737 3327 794 3359 this
814 3327 935 3359 Realme
950 3328 988 3360 of
1004 3324 1154 3369 England,
1171 3328 1229 3361 had

271 3367 377 3404 speciali
393 3365 468 3396 Care
483 3373 513 3395 to
529 3366 612 3396 make
627 3367 660 3396 all
675 3377 726 3396 our
741 3366 870 3403 Subiests
884 3368 991 3398 knowe
1012 3369 1084 3399 with
1105 3369 1176 3400 how
1200 3380 1225 3400 e-

176 3405 249 3444 quall
266 3405 412 3436 Affeffion
427 3404 486 3433 We
500 3404 623 3437 resolved⁴
635 3413 666 3435 to
680 3406 817 3442 proceede
826 3407 853 3434 in
865 3407 898 3435 all
912 3407 1008 3444 things
1015 3407 1114 3437 which
1128 3407 1229 3437 should

125 3471 132 3478 ,
177 3453 321 3474 concerne
334 3444 382 3474 the
396 3442 490 3482 Safety
503 3451 536 3472 or
551 3441 659 3472 Honor
674 3443 711 3473 of
720 3453 773 3474 our
789 3442 981 3483 Kingdomes,
988 3445 1033 3475 for
1048 3446 1121 3476 both
1128 3446 1229 3476 which

177 3482 238 3513 We
253 3483 358 3512 knowe
372 3481 432 3511 We
447 3490 491 3511 are
505 3488 536 3510 to
559 3480 642 3509 make
662 3490 718 3511 one
739 3481 792 3511 and
813 3482 863 3512 the
885 3482 938 3513 self
956 3486 1030 3514 same
1045 3493 1181 3522 accompt
1199 3493 1230 3515 to

117 3545 125 3553 .
178 3520 325 3560 Almighty
346 3518 417 3551 God
434 3538 443 3555 ‚
474 3517 561 3549 under
582 3519 688 3549 whom
707 3518 767 3549 We
793 3519 863 3550 hold
882 3521 918 3550 all
938 3521 1043 3562 earthly
1065 3523 1175 3561 things,
1200 3523 1229 3553 in

177 3559 277 3590 which
291 3558 398 3596 respect
411 3557 472 3588 We
485 3566 562 3587 were
578 3566 645 3597 very
661 3558 772 3587 curious
786 3564 817 3587 to
842 3568 975 3597 prevent,
992 3568 1019 3590 at
1034 3571 1087 3590 our
1104 3560 1160 3590 first
1178 3571 1230 3591 co-

177 3598 273 3635 ming,
292 3597 327 3628 all
342 3605 459 3626 manner
470 3596 507 3626 of
522 3593 658 3638 Offences
673 3604 707 3624 or
722 3594 848 3638 Affrants
863 3597 962 3627 which
979 3598 1112 3639 naturally
1125 3599 1164 3629 do
1178 3601 1229 3629 ari-

174 3636 200 3666 se
217 3637 348 3666 betwene
363 3633 474 3665 several}
489 3633 615 3676 Natiofis
626 3641 652 3663 at
675 3633 747 3663 their
767 3633 823 3662 first
841 3635 964 3683 joyning
986 3637 1015 3665 in
1038 3637 1153 3675 Society
1174 3638 1228 3668 and

176 3673 383 3704 Conversation
394 3695 403 3710 ,
421 3681 508 3703 never
525 3674 635 3709 cealing
650 3680 681 3702 to
697 3671 738 3710 lay
755 3670 846 3702 severe
862 3674 1126 3706 Lommandement
1150 3686 1228 3713 upon

176 3718 228 3754 our
244 3711 361 3750 greatest
374 3711 521 3749 SubJ'eetQ
539 3710 600 3741 that
624 3719 705 3753 came
727 3710 756 3739 in
775 3710 849 3740 with
870 3711 935 3747 Us,
961 3720 992 3742 to
1011 3712 1153 3751 suppreffe
1174 3723 1229 3755 any

177 3749 557 3818 Ξὲὲέἓὲιῖὃεῗξῖἒὶἕὲἒέ
568 3748 1230 3820 1ηξὴὲἰὶιιῗεὲἒὲῗᾶιῗοῖἑέἒὲἒζῗῗιξοῖἶβῐέςῆὼε

539 3810 556 3822 c,
1037 3799 1052 3819 e
1097 3801 1101 3819 l
1143 3801 1158 3820 e
1211 3801 1230 3820 o

178 3824 227 3855 the
241 3825 341 3857 lowest
356 3798 417 3855 We
433 3826 506 3856 have
520 3821 656 3855 observed
675 3810 721 3855 soe
739 3833 816 3861 great
840 3825 924 3855 Love
945 3825 998 3855 and
1020 3799 1131 3864 generffil
1148 3800 1229 3859 Obte-

178 3862 278 3892 dience
290 3873 321 3893 to
333 3862 382 3894 Us
393 3864 446 3894 and
459 3873 513 3894 our
528 3862 825 3900 Commandements,
843 3863 896 3892 and
914 3863 1097 3897 whensoever
1117 3868 1139 3897 it
1158 3868 1228 3897 hath

179 3909 266 3929 come
276 3909 307 3931 to
321 3910 371 3930 our
388 3901 472 3932 Eares
486 3901 544 3932 that
559 3911 612 3940 any
628 3897 753 3932 Offence
774 3900 840 3930 hath
865 3903 952 3932 beene
974 3903 1050 3933 done
1066 3905 1104 3945 by
1123 3915 1175 3943 any
1195 3906 1234 3934 of

179 3937 277 4006 fflem,
295 3938 354 3968 We
367 3939 440 3969 have
453 3940 537 3970 made
551 3941 631 3970 them
646 3940 752 3971 knowe
768 3940 837 3970 how
852 3940 940 3970 much
954 3941 976 3971 it
993 3940 1060 3972 hath
1084 3942 1230 3980 displeased

217 3986 229 4004 S

218 3997 485 4053 N'otwithstanding
499 4039 509 4054 ,
529 4017 645 4048 because
665 4014 727 4047 We
751 4016 808 4046 doe
824 4015 890 4046 here
901 4015 938 4046 of
954 4025 1041 4057 many
1063 4016 1231 4049 Insolencies

179 4051 314 4094 reported
325 4059 356 4081 to
368 4052 406 4081 be
417 4055 587 4099 committed
603 4058 645 4100 by
654 4065 706 4086 our
714 4054 827 4085 Nation
843 4054 879 4084 of
888 4054 1025 4086 Scotland
1041 4065 1073 4100 to
1086 4067 1138 4087 our
1146 4057 1230 4094 Eng-

180 4087 375 4161 Μίὲοξὲὼῗῧ
383 4090 478 4161 ,12:132
490 4091 547 4163 {lits
560 4094 707 4134 addition,
723 4093 829 4126 further
844 4094 904 4126 that
918 4093 967 4126 the
982 4093 1231 4172 Magistrum-{ni}

216 4164 219 4165 γ
281 4149 288 4159 ⁸
372 4150 379 4166 ξ
471 4150 479 4167 9
527 4164 535 4171 ⁴
1191 4144 1206 4164 u
1219 4149 1234 4156 .-

1261 3828 1391 3867 jusqu'au
1406 3827 1466 3874 plus
1475 3834 1544 3864 petit
1560 3825 1690 3862 beaucoup
1706 3822 1826 3851 d’amour

1237 524 1240 525 ⁷
1266 539 1390 570 Scientia
1402 540 1436 571 &
1455 549 1535 571 mero
1557 540 1647 571 Motu
1665 540 1784 579 nostris,
1799 543 1871 581 tibi,
1896 554 1949 582 pro
1978 544 2078 577 Nobis
2096 547 2267 580 Haeredibug
2285 551 2321 581 gg

1266 578 1479 620 Succefforibus
1494 579 1610 616 nostris,
1629 579 1728 609 damus
1746 581 1779 610 δε
1798 584 1999 620 concedimus,
2025 594 2109 622 atque
2136 597 2170 616 ex
2196 589 2320 625 plenitu-

1267 616 1331 660 dine
1352 617 1501 648 Potestatis
1521 620 1553 649 &
1571 618 1699 656 suprema
1716 619 1880 650 aut‘toritate
1896 620 1990 650 nostra
2012 621 2126 661 Regia,⁴
2139 634 2235 655 tecum
2256 636 2320 665 gra-

1266 657 1336 686 tiose
1359 657 1460 694 vigore
1487 655 1671 687 Praesentium
1691 655 1878 693 dispensamus
1897 667 1949 695 ut,
1976 662 2032 688 una
2057 671 2124 691 cum
2149 663 2321 701 Episcopatu

1265 693 1411 738 Bristplliae
1431 695 1593 733 praedictae,
1610 695 1694 724 etiam
1714 693 1777 732 post
1797 696 2047 726 confirmationem
2073 707 2149 729 tuam
2169 703 2198 730 in
2216 703 2321 733 eodem

1265 731 1455 770 Epiicopatu,
1471 743 1503 763 ac
1521 733 1586 770 post
1602 732 1705 764 realem
1732 731 1951 763 Installationem
1979 743 2056 764 tuam
2083 739 2112 767 in
2133 740 2233 770 eadem
2260 741 2318 770 ele-

1267 770 1380 809 ctione,
1399 772 1434 801 de
1451 771 1571 802 Persona
1590 779 1635 802 tua
1659 770 1695 801 ad
1720 771 1843 801 eundem
1868 771 2069 809 Episcopatum
2089 777 2145 812 jam
2165 778 2256 818 facta,
2280 788 2315 810 ac

1264 810 1351 839 etiam
1374 807 1592 840 confirmatione
1621 808 1799 839 transsatione
1823 810 1856 842 &
1880 811 2051 848 poffeffione
2079 814 2107 841 in
2130 814 2320 852 supradictum

1264 846 1467 886 Episcopatum
1487 857 1543 877 tam
1564 849 1592 877 in
1613 848 1806 884 spiritualibus
1832 849 1918 887 quam
1947 849 2166 886 Temporalibus
2185 864 2243 883 non
2263 856 2318 884 ob-

1263 884 1350 923 stan',
1369 896 1428 915 non
1443 886 1533 916 solum
1551 886 1732 916 Decanatum
1751 885 1873 917 Eborac'
1889 888 2058 924 praedietum
2076 890 2110 920 ὃ(
2130 889 2319 924 Praebendam

1261 923 1444 962 praeditstam,
1463 933 1526 962 quae
1545 924 1687 954 canonice
1706 924 1852 961 quondam
1878 926 1992 963 adeptus
2017 926 2092 956 fuisti
2119 928 2152 958 &
2176 930 2268 967 quiete
2283 940 2318 961 ac

1260 961 1379 998 pacifice
1395 963 1492 999 vigore
1514 962 1669 992 Literarum
1690 962 1852 993 Patentium
1872 963 1921 993 sub
1947 963 2060 1003 Magno
2087 965 2184 1004 Sigillo
2205 967 2318 1005 Angliae

1259 1008 1388 1039 gerentes
1406 999 1515 1030 Datam
1534 1000 1668 1029 vicesimo
1688 1000 1806 1039 septimo
1825 1001 1883 1031 Die
1901 1001 1999 1032 Martii
2019 1003 2107 1032 Anno
2136 1003 2233 1041 Regni
2251 1008 2318 1036 Do·-

1259 1039 1347 1069 minae
1367 1037 1544 1068 Elizabethae
1557 1047 1643 1075 nuper
1655 1041 1765 1075 Reginae
1784 1040 1897 1076 Angliae
1917 1042 2057 1071 tricennio
2074 1041 2162 1080 sexto,
2180 1043 2235 1072 una
2250 1052 2320 1074 curn

1259 1075 1430 1114 Episcopatu
1447 1076 1710 1118 Limiricenlistper
1729 1079 1864 1108 nonnulla
1892 1086 2022 1116 tempora
2047 1080 2075 1108 in
2101 1079 2319 1112 Commendam

1256 1115 1418 1157 possedisti,
1438 1123 1522 1152 prout
1540 1116 1568 1157 in
1584 1116 1709 1152 praeienti
1725 1115 1860 1155 poffides,
1880 1117 1998 1148 durante
2023 1117 2087 1148 Vita
2111 1118 2160 1149 tua
2182 1121 2319 1157 naturali,

1260 1162 1289 1182 in
1305 1152 1523 1183 Commendam
1542 1156 1598 1182 {ine
1620 1154 1713 1191 aliquo
1736 1155 1832 1184 medio
1855 1165 2031 1193 quocunque
2051 1157 2088 1186 de
2108 1158 2171 1195 jure
2193 1160 2319 1188 maxime

1259 1190 1372 1222 efficaci
1386 1192 1502 1222 retinere
1515 1192 1631 1230 perinde
1645 1192 1699 1221 acii
1712 1193 1810 1222 eadem
1826 1194 1853 1222 in
1868 1194 1981 1224 titulum
1996 1195 2155 1233 obtineres,
2173 1196 2216 1225 sed
2233 1198 2320 1226 etiam

1258 1239 1360 1260 omnes
1373 1230 1406 1260 ὃς
1422 1229 1547 1263 singulos
1564 1229 1586 1259 F
1589 1230 1684 1259 rudius
1699 1229 1837 1260 Redditus
1853 1231 2012 1267 Proventus
2032 1234 2066 1264 &
2088 1233 2320 1265 Commoditates

1260 1268 1437 1304 quotidianas
1454 1267 1676 1298 Distributiones
1693 1267 1828 1299 Dividen’
1853 1269 2019 1300 Excrescen'
2041 1272 2214 1303 Perditiones
2230 1273 2320 1303 Refe-

1261 1306 1416 1337 ctiones&
1431 1314 1533 1336 caetera
1558 1305 1761 1347 Emolumenta
1785 1309 1818 1338 δε
1839 1307 1969 1339 Proficua
1990 1319 2188 1349 quaecunque,
2203 1321 2266 1349 quae
2283 1313 2320 1343 &

1259 1344 1360 1375 divinis
1374 1344 1535 1375 interessen'
1556 1345 1589 1374 &
1609 1344 1826 1381 holpitalitatem
1841 1356 1873 1376 ac
1890 1347 1976 1376 larem
1992 1347 2097 1379 ibidem
2112 1349 2208 1378 foven’
2226 1351 2260 1380 de
2270 1350 2319 1388 ju-

1257 1391 1287 1412 re
1303 1392 1348 1413 aut
1365 1383 1569 1413 consuetudine
1583 1382 1705 1421 specstan’
1723 1384 1754 1414 ὅ(
1776 1385 1927 1422 pertinen',
1947 1386 2063 1422 perinde
2083 1397 2116 1417 ac
2132 1387 2150 1417 si
2170 1389 2197 1417 in
2217 1389 2316 1418 eadem

1260 1420 1387 1452 Ecclesia
1403 1423 1545 1451 continuo
1562 1421 1742 1458 personaliter
1758 1423 1903 1461 resideres,
1928 1423 1960 1453 ὃς
1981 1424 2193 1462 hospitalitatem
2220 1428 2251 1457 ὃς
2276 1425 2317 1457 la-

1260 1468 1323 1489 rem
1341 1459 1448 1490 ibidem
1465 1460 1593 1497 foveres,
1612 1460 1644 1489 &
1659 1460 1760 1489 divinis
1773 1461 1902 1498 quotidie
1917 1462 2070 1499 intere-fles,
2090 1464 2124 1493 ad
2138 1464 2218 1494 usum
2233 1473 2317 1495 tuum

1258 1499 1405 1535 proprium
1420 1499 1543 1534 recipere
1559 1499 1591 1528 ὃς
1609 1507 1773 1528 convertere
1793 1499 1926 1536 quamdiu
1945 1501 2043 1529 vixeris
2067 1501 2154 1531 libere
2181 1504 2213 1534 &
2240 1503 2319 1533 licite

1259 1536 1341 1574 poffis
1359 1537 1392 1567 ὃς
1408 1537 1515 1573 valeas,
1533 1545 1633 1566 caetera
1652 1537 1751 1566 omnia
1770 1536 1860 1567 facere
1879 1538 1912 1566 &
1930 1539 2096 1575 perimplere
2116 1550 2180 1577 quae
2197 1540 2231 1570 ad
2255 1541 2320 1571 De-

1259 1574 1375 1605 canatsis
1395 1575 1525 1612 praediciti
1551 1574 1728 1612 Dignitatem
1756 1574 1865 1605 Munus
1898 1574 2041 1605 Officium
2073 1577 2105 1605 &
2128 1577 2179 1615 Jus
2212 1581 2318 1609 ratione

1263 1612 1416 1651 Dignitatis
1432 1621 1488 1643 tuae
1501 1614 1529 1642 in
1548 1613 1647 1643 eadem
1666 1612 1791 1643 Ecclesia
1805 1615 1839 1645 ὃς
1857 1613 1995 1644 Decanat’
2014 1614 2135 1652 ejusdem
2154 1616 2210 1645 ullo
2227 1618 2320 1648 modo

1259 1652 1398 1688 pertinent
1413 1651 1457 1681 seu
1474 1651 1610 1689 pertinere
1629 1652 1769 1688 poterint,

1298 1688 1479 1719 Volentes&
1505 1688 1629 1725 suprema
1653 1689 1748 1720 nostra
1774 1688 1830 1726 qua
1850 1689 1992 1728 fungimur
2010 1691 2179 1723 auetoritate
2204 1691 2321 1723 firmiter

1260 1727 1425 1766 injungend'
1443 1729 1636 1766 praecipientes
1653 1729 1790 1757 omnibus
1803 1730 1835 1756 ὃς
1852 1728 1963 1767 lingulis
1976 1730 2120 1768 Personis,
2137 1731 2215 1768 quod
2234 1732 2270 1760 illi
2285 1733 2320 1762 &

1259 1775 1360 1796 eorum
1376 1765 1493 1804 quilibet
1509 1766 1665 1804 respective
1680 1767 1845 1803 permittant
1860 1766 1892 1795 δε
1914 1769 2056 1804 permittat
2076 1777 2119 1806 te,
2146 1776 2201 1798 live
2225 1770 2322 1800 absens

1262 1803 1318 1833 five
1334 1804 1453 1842 praesens
1466 1804 1568 1841 fueris,
1594 1805 1737 1842 percipere
1763 1807 1887 1840 recipere
1907 1806 2025 1844 gaudere
2045 1816 2139 1837 tenere
2163 1809 2195 1838 &c
2219 1808 2321 1839 habere

1261 1843 1378 1872 durante
1394 1841 1462 1873 Vita
1477 1841 1525 1872 tua
1539 1842 1673 1881 praedicta
1691 1852 1792 1872 omnes
1806 1844 1926 1880 singulos
1945 1846 1977 1874 δε
1994 1845 2177 1875 omnimodos
2200 1846 2322 1876 Fructus

1261 1879 1404 1912 Redditus
1418 1880 1556 1911 Dividen'
1571 1879 1802 1911 Commoditates
1817 1884 1849 1911 ὅς
1866 1881 2024 1912 Proventus
2050 1884 2200 1921 Dignitatis
2221 1885 2321 1914 Deca-

1261 1918 1343 1950 natsis
1353 1921 1386 1950 ὃς
1403 1918 1570 1950 Praebendae
1583 1919 1744 1957 praedictae,
1762 1920 1794 1949 &
1810 1929 1912 1950 omnes
1928 1930 1960 1950 ac
1975 1921 2100 1957 singulos
2113 1922 2231 1952 Fructus
2248 1923 2322 1952 Pro-

1262 1965 1362 1994 ventus
1376 1958 1551 1997 quotidianas
1564 1956 1789 1988 Distributiones
1803 1957 1940 1989 Dividen'
1966 1958 2131 1990 Excrescen'
2158 1961 2192 1990 &
2219 1970 2321 1992 caetera

1263 1995 1467 2028 Emolumenta
1482 2004 1660 2034 quaecunque
1675 1996 1707 2026 ad
1725 1996 1836 2027 reliden’
1856 1997 1990 2034 pertinen’
2002 2020 2011 2035 ,
2029 1998 2138 2028 inlimul
2157 2008 2225 2029 cum
2249 1999 2321 2036 Epi-

1263 2038 1383 2073 scopatu
1398 2034 1543 2065 Bristolliae
1561 2035 1699 2072 praediclo
1715 2036 1730 2064 a
1745 2043 1875 2071 tempore
1889 2036 2089 2072 acceptationis
2104 2038 2228 2075 praedicti
2247 2037 2320 2074 Epi-

1262 2073 1408 2111 scopatfis,
1428 2074 1456 2102 in
1475 2081 1533 2103 tarn
1548 2073 1649 2110 amplis
1663 2073 1754 2104 modo
1770 2074 1801 2104 ὃ(
1818 2073 1927 2110 forma,
1947 2074 2058 2110 perinde
2077 2076 2130 2105 acsi
2145 2076 2178 2105 ad
2201 2075 2321 2112 Episco-

1259 2120 1359 2154 patum
1374 2111 1519 2142 Bristolliae
1534 2111 1705 2150 praedictum
1728 2122 1874 2150 nunquam
1896 2112 1987 2143 fuiiles
2011 2122 2158 2150 promotus
2178 2114 2320 2145 transsatus

1261 2161 1308 2184 aut
1322 2150 1475 2188 admissus,
1493 2150 1538 2181 vel
1555 2159 1585 2182 ut
1603 2159 1670 2181 ante
1686 2160 1763 2182 tuam
1787 2150 1821 2180 ad
1843 2150 1952 2180 dietum
1971 2150 2175 2190 Episcopatum
2201 2151 2320 2182 Bristob

1260 2191 1305 2222 liae
1321 2190 1542 2221 promotionem
1561 2191 1707 2228 percipere
1725 2189 1828 2220 habere
1844 2191 1876 2220 &
1893 2198 1987 2219 tenere
2003 2190 2134 2227 potuisti,

1298 2229 1527 2267 Quibuscunque
1543 2227 1637 2267 Regni
1653 2228 1741 2257 nostri
1758 2227 1870 2267 Angliae
1885 2228 1999 2258 Statutis
2016 2227 2140 2266 Legibus
2157 2237 2204 2258 aut
2219 2228 2319 2260 Cano-

1261 2270 1345 2300 nibus
1358 2268 1402 2298 vel
1418 2267 1534 2298 statutis
1546 2267 1579 2297 ὃς
1595 2266 1857 2297 consuetudinibus
1878 2266 2055 2302 generalibus
2080 2276 2125 2296 aut
2146 2268 2320 2304 particulari-

1262 2308 1315 2338 bus
1331 2307 1377 2338 seu
1397 2305 1535 2337 localibus
1555 2305 1688 2335 Ecclesiae
1712 2304 1815 2335 nostrae
1836 2303 2009 2334 Cathedralis
2037 2305 2070 2335 &
2093 2304 2318 2342 Metropoliticae

1262 2345 1406 2384 praedietae
1422 2353 1587 2382 quacunque
1601 2342 1731 2373 firmitate
1748 2343 1907 2379 roboratis,
1925 2342 2025 2380 quibus
2042 2343 2126 2373 etiam
2146 2353 2198 2373 nos
2222 2344 2319 2381 quoad

1260 2383 1406 2415 Praemissa
1419 2382 1547 2420 expresse
1560 2381 1747 2420 derogamus,
1765 2380 1860 2410 iisdem
1877 2381 1932 2411 aliis
1944 2381 1973 2410 in
1988 2380 2037 2411 suo
2059 2381 2164 2412 robore
2182 2391 2316 2420 perman-

1262 2423 1344 2460 suris,
1362 2423 1394 2454 ἃ
1412 2422 1522 2451 caeteris
1538 2421 1685 2450 contrariis
1699 2429 1758 2449 non
1773 2419 1949 2449 obstantibus
1963 2419 2183 2457 quibuscunque⁴

1297 2459 1494 2491 concedimus
1508 2459 1616 2496 insuper
1634 2458 1686 2489 tibi
1703 2467 1735 2488 ac
1750 2466 1798 2494 per
1816 2457 1967 2487 Praesentes
1979 2459 2036 2494 pari
2053 2457 2154 2488 Gratia⁴
2169 2459 2268 2489 damus
2282 2461 2318 2490 &

1262 2499 1463 2531 confirmamus
1478 2505 1529 2533 ut,
1545 2497 1613 2527 licet
1634 2497 1794 2527 Decanatui
1817 2495 1956 2533 praedieto
1970 2497 2003 2527 &
2028 2495 2143 2527 Officio
2166 2506 2216 2527 tuo
2235 2499 2322 2527 inter-

1261 2538 1318 2570 effe
1336 2538 1431 2574 ibique
1447 2535 1564 2565 residere
1580 2544 1641 2565 non
1659 2534 1777 2572 poteris,
1797 2534 1979 2564 nihilominus
1994 2534 2045 2563 tibi
2065 2534 2146 2565 liceat
2165 2535 2198 2565 ὃ(
2222 2535 2321 2566 licebit

1263 2577 1298 2606 ad
1314 2575 1501 2611 Compotum
1515 2582 1649 2603 revocare
1664 2574 1697 2604 &
1711 2572 1745 2603 ad
1761 2572 1822 2602 usus
1843 2581 1907 2601 tuos
1930 2572 2073 2610 percipere
2095 2574 2127 2604 &
2149 2582 2319 2604 convertere

1268 2623 1371 2645 omnes
1393 2610 1561 2649 &singulas
1584 2611 1760 2650 quotidianas
1783 2609 1990 2641 distributiones
2015 2611 2047 2641 &
2075 2610 2198 2642 dividen'
2216 2612 2321 2642 divinis

1265 2650 1425 2682 intereffen'
1444 2659 1624 2688 quaecunque
1638 2659 1690 2686 pro
1708 2657 1786 2687 parte
1811 2657 1857 2679 tua
1879 2647 2036 2679 excrescen'
2051 2648 2084 2678 &
2100 2649 2158 2679 ullo
2176 2650 2267 2680 modo
2284 2650 2321 2681 ad

1265 2691 1419 2722 Decanum
1436 2687 1552 2718 reliden'
1570 2687 1691 2727 spestan'
1709 2688 1741 2718 &
1759 2686 1895 2718 allocand’
1919 2687 1948 2716 in
1971 2693 2028 2717 tam
2052 2688 2153 2724 amplis
2174 2688 2266 2718 modo
2284 2691 2320 2720 δε

1262 2730 1356 2760 forma
1371 2726 1488 2766 perinde
1509 2725 1563 2756 acsi
1585 2728 1615 2755 in
1639 2726 1713 2755 diCta
1736 2725 1860 2756 Ecclelia
1881 2724 1974 2754 nostra
1997 2724 2160 2756 Cathedrali
2183 2726 2318 2757 Eborum

1263 2768 1406 2799 continuo
1422 2764 1603 2804 personaliter
1618 2764 1762 2800 resideres,
1779 2766 1811 2795 δε
1827 2765 1856 2792 in
1872 2771 1929 2792 tam
1942 2763 2042 2801 amplis
2063 2764 2152 2794 modo
2172 2766 2205 2796 &
2224 2765 2318 2796 forma

1263 2815 1295 2838 ut
1310 2806 1380 2837 ullus
1395 2804 1461 2834 alius
1481 2804 1508 2832 in
1531 2803 1629 2832 eadem
1650 2801 1775 2832 Ecclesia
1798 2801 2014 2832 Residentiarius
2037 2801 2082 2831 vel
2106 2801 2241 2833 Decanus
2262 2809 2318 2842 pro

1262 2853 1339 2885 parre
1351 2843 1396 2874 sua
1411 2841 1496 2872 divisa
1513 2840 1546 2871 &
1560 2840 1610 2870 sibi
1624 2840 1741 2870 allocata
1754 2840 1852 2872 habuit
1865 2840 1990 2879 percepit
2004 2840 2037 2871 &
2058 2840 2167 2877 gavisus
2187 2841 2247 2880 est,

1301 2882 1348 2913 Eo
1360 2880 1440 2920 quod
1456 2877 1578 2917 expreffa
1592 2879 1702 2909 mentio
1712 2901 1721 2917 ,
1740 2879 1801 2910 &e.

1301 2921 1337 2952 ln
1354 2921 1436 2959 cujus
1452 2920 1507 2956 rei,
1524 2918 1584 2949 &c.

1300 2994 1392 3028 Teste
1406 2994 1491 3035 Rege
1506 2992 1579 3033 apud
1596 2989 1851 3034 Westmonasterium
1862 3015 1872 3031 ,
1888 2991 1993 3024 oetavo
2009 2991 2054 3023 die
2065 2986 2146 3031 JuliL

1690 3072 1745 3101 Per
1767 3073 1857 3101 Breve
1874 3070 1906 3099 de
1924 3072 2043 3099 Privato
2062 3066 2163 3106 Sigillai

1265 3196 1496 3232 Proclamatiori
1517 3206 1600 3243 pour
1619 3192 1781 3230 entretenir
1796 3194 1823 3228 la
1839 3194 1940 3228 bonne
1962 3191 2159 3239 intelligence
2176 3201 2259 3226 entre
2277 3190 2321 3226 les

1571 3244 1709 3291 Anglois
1732 3246 1764 3277 &
1790 3243 1831 3277 les
1855 3241 2010 3278 Ecoffois.

1336 3333 1394 3361 Ous
1407 3341 1498 3361 avons
1510 3340 1542 3360 eu
1558 3329 1647 3367 depuis
1660 3336 1738 3359 notre
1752 3340 1842 3359 venue
1856 3328 1925 3358 dans
1939 3338 1966 3356 ce
1985 3329 2025 3356 Ro
2021 3337 2120 3366 yaume
2140 3324 2321 3368 dssAngletefl

1347 3379 1376 3398 re
1391 3381 1428 3399 un
1437 3369 1500 3408 soin
1507 3368 1638 3409 fingulier
1652 3369 1684 3397 de
1691 3368 1771 3407 faire
1788 3370 1924 3397 connoitre
1938 3365 1956 3395 ax
1978 3373 2038 3395 tous
2058 3375 2104 3395 nos
2120 3367 2210 3402 Suyetx
2220 3387 2228 3402 ‚
2244 3371 2315 3394 avec*

1267 3405 1354 3447 quelle
1372 3406 1498 3445 afflHion
1511 3407 1584 3444 e‘gale
1598 3417 1662 3437 nous
1677 3417 1767 3436 avons
1779 3404 1864 3444 re'solu
1877 3405 1898 3434 d
1901 3406 1940 3434 ‘en
1952 3406 2011 3440 agir
2026 3414 2059 3433 en
2074 3410 2162 3432 toutex
2175 3401 2213 3431 les
2229 3402 2319 3442 chofis

1267 3449 1314 3484 qui
1327 3446 1474 3482 regardent
1488 3445 1517 3474 la
1524 3444 1623 3484 ficretl
1630 3442 1667 3479 ό
1682 3444 1826 3474 l’honneur
1837 3444 1869 3472 de
1884 3453 1933 3473 nos
1948 3444 2108 3481 Royaumes,
2121 3450 2190 3487 pour
2204 3439 2319 3482 leffiuels

1268 3493 1335 3513 nour
1343 3484 1450 3523 fizvons
1461 3495 1510 3524 que
1524 3495 1589 3513 nous
1604 3493 1702 3512 auronr
1716 3482 1739 3511 le
1756 3481 1838 3511 meme
1852 3488 1950 3519 compte
1970 3482 1987 3508 ἀ
2006 3479 2101 3508 rendre
2122 3490 2140 3506 a
2162 3481 2243 3515 Dieu,
2251 3477 2319 3518 sous

1267 3525 1312 3562 qui
1329 3532 1393 3551 nous
1403 3523 1539 3562 poſjedons
1555 3528 1641 3550 toutes
1656 3520 1692 3550 [ες
1708 3519 1794 3559 chosbs
1810 3522 1965 3549 terriennes.
1989 3521 2022 3545 A
2044 3524 2084 3546 cet
2105 3517 2191 3553 e‘gard
2206 3526 2273 3546 nour
2284 3527 2318 3547 a-·

1269 3570 1341 3590 voni·
1357 3561 1404 3590 {tf
1414 3561 1471 3590 tros
1484 3561 1579 3588 exaesis
1591 3559 1609 3587 ἂ
1620 3561 1750 3597 ρνὲυρκίν
1764 3557 1880 3586 d’abord
1888 3556 1912 3585 'a
1929 3561 2005 3585 notre
2019 3556 2131 3583 arrivcse
2152 3561 2226 3584 toute
2240 3555 2320 3594 sorte

1268 3597 1409 3638 &offensae
1422 3599 1460 3634 ό
1475 3598 1619 3634 d'v'njures,
1638 3600 1683 3636 qui
1698 3595 1815 3633 naiffent
1836 3592 2044 3623 natur-ellement
2065 3601 2143 3622 entre
2162 3593 2318 3632 diffe'rentes

1269 3638 1395 3667 Nations
1408 3637 1453 3666 de‘s
1467 3634 1565 3676 quelles
1573 3634 1640 3672 fimt
1657 3639 1731 3663 unies
1745 3645 1777 3662 en
1792 3634 1893 3662 Socie‘tf
1903 3631 1940 3665 ὅ)
1957 3641 1991 3659 en
2005 3641 2151 3669 commerce,
2167 3642 2201 3661 ne
2214 3631 2319 3670 cessiznt

1261 3679 1366 3714 Jamais
1382 3676 1414 3704 de
1439 3676 1539 3705 donner
1564 3675 1608 3701 des
1623 3673 1711 3701 ora'oes
1725 3669 1835 3708 sever&
1848 3670 1866 3699 ci
1881 3679 1927 3698 nor
1943 3668 2004 3705 plus
2021 3670 2124 3705 grands
2144 3670 2231 3708 Sujets
2239 3693 2255 3713 ³.
2271 3673 2319 3709 qui

1262 3713 1333 3753 fhnt
1352 3724 1439 3742 venus
1458 3723 1527 3741 avec
1551 3721 1618 3740 nous
1635 3732 1644 3747 ,
1667 3711 1699 3739 de
1713 3709 1862 3747 Jiaepprimer
1883 3707 1919 3736 les
1940 3707 2092 3736 de‘marches
2112 3710 2267 3746 injurieuses
2284 3709 2319 3737 de

1268 3751 1339 3781 leurs
1354 3755 1507 3780 Serviteurs
1521 3748 1559 3783 ὠ·
1573 3748 1605 3777 de
1616 3747 1673 3777 leur
1685 3751 1775 3782 Suste,
1789 3753 1881 3776 contre
1895 3745 1919 3774 le
1932 3745 2051 3774 moindre
2058 3746 2134 3783 Sujet
2147 3748 2178 3775 de
2194 3745 2319 3785 nai-[fane

1269 3801 1296 3820 ce
1309 3789 1456 3827 Angloisb,
1472 3798 1560 3826 parmi
1571 3786 1679 3826 lesquels
1693 3795 1757 3813 nous
1771 3795 1859 3813 avons
1872 3784 2016 3823 remarque'
2025 3784 2055 3812 de
2073 3787 2113 3813 uis
2125 3783 2149 3813 le
2157 3785 2218 3823 plur
2222 3783 2323 3821 grand

1842 3820 1878 3855 ὅθ
1895 3832 1944 3851 une
1957 3792 2101 3859 loumiston
2113 3824 2237 3860 generale
2247 3829 2317 3862 pour·

1269 3877 1334 3896 nous
1344 3865 1380 3900 ό
1397 3877 1414 3893 a
1431 3876 1477 3894 nor
1490 3861 1642 3899 ordre53&
1659 3869 1745 3891 toules
1758 3861 1794 3889 les
1800 3859 1860 3900 fois
1873 3871 1922 3900 que
1937 3870 2002 3889 nous
2017 3871 2107 3891 avons
2119 3864 2237 3891 entendu
2251 3859 2321 3902 qu’il

1267 3904 1327 3943 s’est
1342 3907 1445 3933 commis
1459 3902 1570 3943 quelque
1576 3899 1662 3939 faute
1671 3908 1724 3938 par
1738 3910 1825 3928 aucun
1838 3898 1930 3936 d⁷eux,
1939 3908 2003 3928 nous
2015 3898 2073 3930 leur
2089 3910 2177 3930 avons
2186 3898 2242 3937 fait
2257 3910 2317 3930 cona

1271 3946 1359 3973 mitre
1379 3942 1493 3971 combten
1519 3939 1573 3968 cela
1589 3949 1653 3968 mus
1674 3949 1692 3967 a
1707 3936 1792 3974 deplu.

1307 4019 1476 4048 Ne‘anmoinr
1485 4037 1494 4053 ‚
1512 4013 1644 4043 d'autant
1658 4023 1708 4054 que
1724 4023 1789 4043 nous
1801 4020 1945 4051 apprenons
1960 4024 2010 4054 que
2022 4011 2077 4044 I'on
2091 4014 2179 4044 debite
2193 4006 2319 4054 plusieurs

1271 4056 1413 4096 insolentes
1427 4051 1556 4091 commtfi’s
1564 4061 1618 4091 par
1633 4062 1697 4080 ceux
1713 4050 1745 4080 de
1775 4061 1855 4081 notre
1877 4054 1987 4081 Nation
2016 4051 2140 4091 d’Ecoffe
2160 4060 2250 4082 contre
2270 4060 2317 4080 nos

1271 4091 1499 4133 SujetsAnglois,
1516 4101 1548 4121 cn
1555 4101 1576 4129 y
1590 4096 1721 4128 ajoutant
1735 4088 1847 4159 ἀξίω,
1859 4101 1910 4132 que
1924 4089 1961 4121 les
1974 4090 2139 4131 Magistrats
2153 4090 2191 4126 &-
2203 4090 2241 4119 les
2255 4088 2325 4164 JZS
