2557 4279
698 158 810 200 ET
897 161 1169 202 ACTA

0 253 71 286 Arm.
86 248 128 280 D,
144 241 285 275 cestorum
300 239 462 271 nostrorum
478 241 593 281 praefato
608 244 719 281 Georgio
736 243 897 275 Marchioni
913 247 1003 275 Bucks
1014 249 1118 283 Magno
1136 246 1199 275 Ad-

21 288 104 322 1618.
146 281 253 313 mirallo
272 279 372 310 nostro
392 279 507 316 Angliae
529 291 562 311 ac
579 280 712 320 Praefeclo
724 283 853 313 Generali
865 283 1002 315 Ciailium
1021 285 1055 314 &
1070 284 1196 314 Marium

4 327 131 368 16Jac.r.
145 320 304 352 nostrorum
331 318 532 361 praedictorum
552 329 615 351 ante
637 322 700 351 haec
722 331 852 359 tempora
872 322 951 353 fastis
971 323 1000 352 in
1019 322 1198 360 praesentibus

146 360 265 390 minime
278 356 353 399 fadia
365 355 455 399 existit
465 380 474 394 ,
492 365 574 394 atque
589 358 684 396 aliquo
700 358 811 390 Statuto
826 360 902 391 Adtu
917 360 1103 391 Ordinatione
1125 361 1200 391 Pro-

144 397 251 429 visione
268 394 462 437 prohibitione
481 396 537 425 sive
556 395 765 435 Restridtione,
784 398 962 435 praesentibus
982 399 1080 430 Literis
1099 398 1201 430 Paten-

145 437 240 472 tibus‚
267 433 322 463 five
339 432 452 470 alicujus
470 433 558 464 Partis
578 435 634 464 sive
651 434 760 465 Clausae
776 438 803 466 in
823 437 926 467 eisdem
942 436 1072 474 expresfis
1092 437 1137 467 vel
1156 438 1200 467 in-

145 475 237 510 sertis,
262 473 482 508 repugnantibus
500 473 681 511 derogatoriis
698 482 744 504 aut
761 476 904 504 contrariis
924 476 1150 512 quibuscumque
1170 476 1198 504 in

148 509 323 543 contrarium
343 509 422 539 factis
442 511 519 541 editis
537 512 669 542 ordinatis
685 512 742 542 sive
760 512 890 549 provisis,
909 512 954 541 seu
973 512 1064 551 aliqua
1082 513 1132 543 alia
1151 512 1198 544 Re

147 549 236 581 Causa
249 547 294 578 vel
309 546 431 578 Materia
445 559 625 587 quacumque
641 550 670 579 in
683 550 777 587 aliquo
792 559 851 579 non
867 549 1050 580 obstantibus.

183 587 203 607 ²¹²
224 586 393 617 Mandantes
410 588 443 618 8<
460 587 577 618 firmiter
596 590 628 619 &
647 587 758 625 striete,
779 596 878 618 tenore
896 588 1079 618 Praesentium
1092 611 1101 627 ‚
1126 599 1198 627 prae-

144 626 279 663 cipientes
292 647 302 662 ‚
325 633 409 663 arque
433 636 481 662 per
499 626 608 656 dicstum
628 628 761 663 Magnum
779 625 965 654 Admirallum
984 636 1016 656 ac
1036 626 1197 666 Praefi‘c‘Zum

142 662 317 701 Gener-alem,
335 673 368 693 ex
387 672 463 701 parte
477 664 570 694 nostra
586 663 745 694 Haeredum
761 665 794 694 &
807 663 1007 693 Succefforum
1022 666 1197 703 nostrorum,

164 703 259 740 raecipi
286 703 319 733 δε
347 701 473 732 mandari
497 702 622 732 volentes
636 724 645 738 ,
673 701 805 732 univerfis
829 702 861 732 ὃς
890 701 998 769 singulis
1028 702 1197 734 Proceribus

143 713 284 772 {Dominis
304 740 462 778 justitiariis
487 739 648 776 Maioribus
674 739 902 770 Vicecomitibus
949 741 1078 778 apitaneis
1097 742 1197 771 Senes-

143 780 238 811 challis
256 778 364 809 Ballivis
379 779 412 808 &
431 777 604 808 Custodibus
622 777 779 809 Gaolarum
797 778 830 808 δε
848 777 1004 809 Carcerum
1030 779 1194 809 nostrorum

140 817 301 849 Haeredum
320 818 353 847 &
370 814 569 846 successorum
590 815 753 846 nostrorum
772 826 1020 854 quorumcumque
1036 839 1046 854 ,
1070 817 1195 847 Consta-

137 857 252 887 bulariis
274 865 307 886 ac
332 854 437 884 caeteris
462 853 599 883 Ministris
625 854 657 884 δε
677 854 817 884 Fidelibus
836 854 960 884 Subditis
977 855 1010 885 &
1028 855 1128 895 Ligeisl
1141 865 1195 885 no-

139 895 200 926 stris
215 893 371 925 Haeredurn
389 892 422 922 &
440 890 641 922 Successorum
661 892 824 922 nostrorum
837 892 1077 930 quibuscumque,
1095 895 1128 925 &
1143 903 1193 923 eo-

138 942 204 964 rum
223 932 350 967 cuilibet,
376 929 446 958 infra
468 930 622 960 Libertates
638 931 670 961 &
686 939 780 968 extra,
802 930 882 968 quod
902 930 1019 967 praefato
1037 931 1194 961 Marchiom'

138 972 226 1001 Bucks
245 973 348 1006 Magno
362 967 520 997 Admirallo
540 968 650 1007 Angliae
662 969 695 998 ὃς
716 966 845 1036 Fragedo
860 969 989 998 Generali
1004 968 1142 1000 Claffium
1156 970 1191 1000 &

137 1009 266 1040 Marium
285 1005 490 1045 praedietorum
505 1028 514 1044 ,
540 1007 573 1038 &
591 1006 745 1036 officiariis
796 1008 913 1044 eputatis
930 1008 963 1038 δε
983 1007 1120 1038 Ministris
1138 1007 1191 1038 suis

135 1047 382 1085 quibuscumque,
399 1044 432 1074 &
452 1054 551 1074 eorum
571 1045 705 1082 cuilibet,
720 1046 750 1074 in
769 1045 906 1083 praedicsto
927 1045 1038 1076 Officio
1058 1046 1190 1076 Admira-

132 1085 215 1116 litatis
233 1083 368 1121 assignatis
385 1083 441 1112 five
458 1082 620 1122 affignandis
632 1106 642 1121 ‚
668 1084 742 1113 circa
756 1085 952 1114 executionem
972 1083 1189 1115 Praemifforum

133 1123 311 1153 intendentes
330 1120 488 1151 auxiliantes
502 1123 625 1153 faventes
637 1122 735 1158 pariter
750 1122 784 1153 &
801 1122 964 1152 obedientes
980 1122 1050 1161 fint,
1062 1132 1095 1154 ac
1110 1123 1189 1161 quod

132 1160 296 1191 Mandantis
316 1160 348 1191 &
371 1158 523 1198 Praeceptis
544 1160 769 1198 quibuscumque
790 1161 829 1190 eis
849 1161 894 1191 vel
917 1171 1016 1192 eorum
1039 1161 1139 1198 alicui,
1156 1171 1190 1192 ex

131 1207 210 1239 parte
233 1198 325 1228 nostra
347 1197 503 1228 Haeredum
525 1199 568 1228 vel
590 1198 790 1228 Succefforum
815 1198 995 1237 nostrorum,
1016 1209 1065 1236 per
1078 1200 1189 1230 distum

131 1240 272 1274 Georgium
288 1235 474 1266 Marchionem
489 1238 577 1267 Bucks
594 1239 726 1273 Magnum
740 1236 928 1267 Admirallum
944 1238 1056 1276 Angliae
1071 1238 1104 1268 &
1113 1241 1190 1267 Prae-

129 1275 233 1316 festum
248 1274 406 1304 Generalem
419 1274 558 1306 Claffium
570 1276 603 1306 &
620 1274 751 1306 Marium
764 1275 966 1312 praediditorum
977 1299 986 1314 ‚
1004 1277 1048 1305 vel
1063 1277 1121 1314 ejus
1134 1286 1188 1307 no-

131 1315 210 1344 rnine
235 1314 364 1351 direrstis,
380 1322 491 1350 pareant
510 1314 559 1343 sub
584 1313 677 1343 Poena
690 1312 887 1353 Contemptus
901 1313 1014 1346 istarum
1028 1314 1187 1346 Literarum

132 1353 293 1384 Patentium
303 1374 312 1390 2
331 1353 364 1383 &
379 1352 429 1382 sub
445 1352 580 1384 Periculo
595 1352 782 1383 incumbenti.

0 592 18 612 *ἰ
33 591 131 618 XVII.

4 639 65 667 ¹30·

168 1423 206 1459 ‘In
221 1430 266 1468 cuj
272 1439 301 1458 us
315 1429 369 1466 rei,
388 1429 450 1460 &c.

153 1505 257 1552 JI‘este
277 1505 357 1544 Rege
376 1504 449 1545 apud
473 1503 746 1544 Wstmonasterium‚
770 1505 908 1537 vicesimo
932 1505 1049 1537 ottavo
1069 1506 1115 1538 die
1133 1506 1191 1546 Ju-

131 1555 181 1576 nn.

613 1620 668 1649 Per
685 1621 777 1650 Breve
793 1620 825 1650 de
838 1622 957 1650 Privato
971 1619 1074 1658 Sigillo.

168 1745 218 1777 De
234 1741 404 1786 Conceffione
419 1741 518 1788 Officii
533 1745 694 1776 Secretarii
712 1745 742 1775 in
758 1745 879 1790 Lingua
899 1745 1012 1777 Latina
1026 1740 1142 1776 Thomae

529 1789 617 1824 Read
633 1792 785 1836 Generofh.

0 1878 63 1910 knn.
76 1876 118 1908 D.
134 1877 247 1935 REX
262 1877 410 1908 Omnibus
422 1876 457 1908 ad
472 1885 560 1915 quoe,
577 1876 639 1908 &c.
655 1876 791 1908 Salutem.

5 1916 89 1947 1618.
227 1915 308 1947 Cum
326 1916 412 1952 Nos,

0 1959 47 1984 eat.
72 1955 114 1982 16-
171 1953 226 1984 Per
242 1955 347 1985 Literas
358 1954 466 1984 nostras
482 1953 630 1991 Patentes‚
647 1953 698 1984 sub
713 1952 825 1993 Magno
837 1952 934 1992 sigillo
953 1953 1052 1984 nostro
1076 1953 1189 1993 Angliae

0 1993 117 2031 ?.1.p.23.
130 1993 275 2024 confetstas
289 2016 299 2032 ,
320 2000 444 2031 gerentes
466 1991 572 2022 Datam
592 1992 665 2028 apud
688 1991 795 2031 Wstm.
822 1990 945 2023 secundo
965 1993 1024 2023 Die
1042 1991 1191 2031 januarii,

129 2031 220 2062 Anno
232 2031 325 2070 Regni
341 2030 429 2061 nostri
443 2030 554 2069 Angliae
567 2030 590 2060 F
592 2031 694 2061 tanciae
707 2031 741 2062 ὃς
757 2030 904 2061 Hiberniae
919 2030 1056 2069 septimo,
1070 2032 1104 2063 &
1117 2030 1190 2062 Sco-

128 2070 176 2101 tiae
190 2069 402 2108 quadragesimo
416 2069 516 2106 tertio,

167 2107 337 2138 Dederimus
363 2107 397 2139 &
421 2107 639 2137 conceflerimus
662 2106 769 2138 dilec‘to
794 2107 935 2139 Servienti
960 2106 1062 2138 nostro
1079 2106 1187 2138 Thomae

127 2146 209 2177 Lake
230 2145 335 2183 Militi,
360 2145 393 2176 ad
412 2153 481 2176 tunc
501 2155 561 2176 uno
579 2144 766 2177 Clericorum
784 2145 891 2184 Signeti
909 2145 1020 2183 nostri,
1043 2145 1188 2177 Officium

126 2184 274 2214 Secretarii
291 2183 379 2214 nostri
397 2193 449 2221 pro
466 2183 577 2222 Lingua
593 2183 711 2222 Latina,
738 2194 771 2215 ac
789 2185 878 2222 ipsum
897 2184 1025 2214 Thomam
1040 2185 1120 2214 Lake
1138 2185 1191 2216 Se-

126 2224 276 2252 cretarium
300 2222 430 2252 nostrum
455 2231 509 2260 pro
535 2222 648 2260 Lingua
674 2221 772 2253 Latina
799 2222 950 2254 fecerimus
968 2222 1190 2254 ordinaverimus

127 2262 162 2291 &
180 2260 409 2291 constituerimus
426 2269 475 2298 per
490 2260 637 2297 praedietas
657 2261 765 2291 Literas
784 2260 930 2300 Patentes,
947 2261 1108 2291 habendum
1121 2270 1190 2300 gau-

127 2299 256 2329 dendum
279 2299 312 2329 &
337 2298 538 2337 occupandum
562 2298 732 2336 praedierum
756 2299 902 2330 Officium
925 2300 1075 2330 Secretarii
1099 2299 1189 2330 nostri

127 2347 183 2375 pro
206 2337 315 2376 Lingua
341 2337 441 2368 Latina
464 2337 557 2369 eidem
579 2337 686 2368 Thomae
710 2338 790 2368 Lake
813 2338 930 2369 durante
953 2337 1020 2370 Vita
1044 2337 1091 2369 sua
1107 2346 1188 2370 natu-

128 2376 178 2407 rali
190 2387 202 2415 3

0 2042 13 2060 ι.
22 2040 52 2068 5.

195 2517 246 2549 De
263 2514 498 2550 Proclamaeione
518 2513 562 2547 ad
575 2513 808 2561 restringendum
828 2514 1013 2560 Occtffionegn
1033 2518 1139 2549 Carnis

450 2573 577 2610 tempore
601 2561 880 2610 Qadrctgesimali.

135 2660 174 2692 A
194 2657 415 2691 Proclamation
434 2656 489 2701 for
511 2655 650 2700 restraint
673 2657 711 2702 of
730 2656 834 2705 Qlling
857 2655 922 2697 and
941 2659 1040 2703 eating
1065 2658 1191 2702 ofFles-

178 2705 215 2738 he
238 2704 297 2738 this
321 2715 392 2738 next
414 2707 510 2747 Lem,
542 2715 571 2738 to
598 2703 633 2738 be
656 2705 799 2738 executed
820 2717 853 2738 as
874 2705 947 2738 well
969 2703 1003 2749 by
1025 2703 1075 2738 the
1103 2706 1192 2740 Lord

180 2755 303 2800 Mayor
327 2751 438 2787 within
462 2752 510 2786 the
535 2757 625 2786 Cittie
646 2753 709 2786 and
730 2751 880 2787 Suburbes
903 2753 942 2798 of
961 2753 1081 2786 London
1096 2781 1106 2797 ‚
1131 2753 1195 2787 and

181 2800 216 2851 by
239 2800 296 2834 -the
328 2801 450 2847 Officers
483 2801 521 2845 of
543 2801 593 2835 the
626 2800 771 2836 Liberties
794 2800 858 2834 and
879 2804 1010 2847 Exempt
1034 2803 1135 2835 Places
1160 2807 1192 2835 in

177 2849 242 2882 and
264 2847 354 2882 about
375 2848 423 2881 the
438 2849 545 2894 fhme,
569 2861 602 2881 as
627 2848 660 2899 by
682 2849 782 2883 Order
802 2861 830 2883 to
853 2847 886 2882 be
902 2847 1073 2895 prefiribed
1087 2850 1193 2884 throu-

176 2896 237 2944 ghe
264 2898 309 2930 all
330 2896 379 2930 the
404 2899 539 2929 Counties
561 2897 599 2941 of
612 2896 671 2930 this
699 2898 819 2931 Realme
837 2924 847 2940 ,
879 2907 907 2930 to
931 2897 984 2931 the
1008 2897 1140 2943 Justices
1163 2900 1201 2944 of

182 2948 274 2978 Peace
296 2972 306 2987 ‚
339 2944 438 2980 Lords
468 2945 507 2990 of
531 2943 678 2979 Liberties
697 2973 707 2988 ,
743 2945 807 2978 and
838 2944 960 2992 Officers
983 2946 1020 2991 of
1038 2948 1195 2994 Corporate

175 2995 312 3029 Tomnes.

0 3082 122 3115 ΛΜΗ),
232 3078 340 3109 Hereas
362 3077 424 3109 We
447 3077 520 3110 have
539 3079 612 3111 been
636 3078 781 3110 informed
807 3079 843 3110 of
860 3079 910 3110 the
936 3088 1031 3117 greate
1048 3080 1197 3111 Disorders

19 3123 104 3162 1619‚
247 3116 431 3155 heretofore,
454 3117 508 3148 and
531 3117 675 3156 especially
698 3118 746 3148 the
767 3117 818 3148 last
841 3127 920 3157 yeare
934 3141 944 3156 ,
970 3119 1141 3150 committed
1168 3120 1197 3149 in

0 3164 54 3190 Pas,
67 3164 108 3191 16.
142 3156 241 3195 killing
259 3155 314 3186 and
331 3155 424 3194 eating
440 3155 477 3186 of
491 3155 572 3187 Flesti
591 3157 620 3186 in
639 3156 690 3186 the
707 3165 786 3195 tyme
801 3156 837 3186 of
847 3156 921 3187 Lent
933 3179 943 3194 ,
968 3157 1073 3195 chiefly
1095 3158 1124 3186 in
1149 3158 1198 3188 the

2 3198 88 3238 J.1.p,
99 3210 126 3238 3.
141 3194 222 3233 Citty
244 3193 280 3224 of
298 3193 424 3224 London
450 3194 506 3224 and
526 3195 575 3225 the
594 3195 768 3233 confyneing
787 3194 881 3225 Partes
893 3218 903 3233 ,
928 3195 980 3225 and
997 3196 1077 3226 what
1094 3195 1199 3235 Negli-

3 3238 65 3275 Μ
140 3230 954 3303 ΞὲἙί101)ἶὲἑὲῧὲηῗὲἒῗὲῖἓὲἒῗὲῗῐξέῗῖνῗὲῗέἔῗεέἓ
971 3233 1198 3303 ἱῖἰξῗέἓέῑὲἓὲ

139 3308 305 3349 publishedg
321 3310 360 3349 by
377 3318 430 3340 our
447 3310 554 3346 express
570 3308 823 3341 Commandment
835 3333 845 3348 ,
861 3310 907 3340 for
928 3321 942 3340 a
960 3310 1035 3341 Rule
1053 3310 1091 3341 of
1103 3310 1197 3341 Order

138 3349 195 3380 and
210 3347 399 3379 Moderation
418 3346 472 3376 and
488 3347 535 3378 the
550 3347 605 3378 due
620 3347 803 3378 Observance
820 3348 856 3378 of
866 3348 912 3378 soe
926 3349 1067 3388 necessary
1082 3360 1097 3379 a
1115 3349 1200 3380 Con-

143 3387 269 3418 stitution
285 3409 294 3425 ‚
321 3396 348 3417 as
372 3386 463 3424 might
486 3385 549 3416 best
571 3387 640 3416 suite
664 3387 737 3416 with
754 3386 802 3416 the
821 3387 914 3427 policy
932 3387 968 3417 of
982 3387 1058 3418 State
1076 3388 1129 3418 and
1148 3388 1198 3419 the

143 3426 245 3456 Lawes
260 3423 316 3455 and
331 3425 449 3454 Statutes
467 3424 504 3454 of
516 3424 570 3455 this
586 3434 639 3454 our
656 3424 783 3455 Realme.

179 3463 206 3495 It
224 3465 245 3494 is
262 3462 406 3494 therefore
424 3473 477 3492 our
494 3462 587 3500 Royal
602 3462 679 3493 Will
697 3462 750 3492 and
768 3462 890 3494 Pleasure
903 3487 912 3500 ‚
939 3464 1001 3494 that
1017 3474 1032 3494 a
1052 3473 1133 3494 more
1159 3463 1200 3494 se-

141 3511 210 3533 vere
224 3503 279 3532 and
296 3501 375 3531 stri&
392 3501 488 3531 course
504 3501 571 3532 shall
588 3501 624 3530 be
641 3510 710 3530 now
727 3501 790 3531 used
806 3525 814 3539 ,
837 3501 882 3532 for
900 3502 949 3532 the
970 3506 1152 3541 preventinge
1167 3502 1204 3533 of

141 3541 228 3571 suche
245 3540 274 3570 ill
290 3538 488 3578 Consequents
503 3549 531 3569 as
549 3548 614 3576 may
633 3539 714 3580 ensue
731 3561 740 3575 ,
766 3540 804 3579 by
820 3540 867 3570 the
887 3540 1003 3579 Liberty
1020 3541 1102 3571 taken
1119 3540 1154 3569 of
1165 3540 1201 3571 all

141 3579 211 3609 forts
225 3579 262 3609 of
277 3577 400 3616 People,
420 3577 475 3608 and
492 3578 539 3608 the
558 3578 625 3607 little
640 3577 794 3607 diilcrence
813 3577 896 3607 made
910 3578 1060 3609 betweene
1075 3579 1130 3609 this
1145 3579 1201 3609 and

145 3616 227 3647 other
244 3625 334 3657 tymes
354 3617 382 3646 in
401 3616 451 3647 the
471 3616 516 3646 use
531 3616 568 3647 of
581 3615 661 3646 those
680 3615 772 3653 things
796 3615 894 3645 which
916 3625 991 3646 were
1015 3617 1176 3654 prohibited
1192 3641 1202 3657 ,

144 3654 202 3685 and
216 3665 262 3686 are
280 3662 313 3685 to
327 3654 405 3686 serve
420 3655 465 3685 for
481 3665 496 3685 a
513 3654 620 3694 Supply
636 3653 680 3684 for
699 3653 747 3684 the
765 3653 862 3684 whole
876 3653 950 3684 Year
967 3654 1125 3695 following.

183 3729 250 3760 And
265 3732 407 3762 therefore
422 3731 500 3762 Wee
519 3731 574 3761 doe
593 3729 735 3769 straightly
750 3730 870 3768 chardge
888 3730 942 3760 and
961 3732 1136 3762 commaund
1167 3732 1203 3763 all

147 3767 300 3799 Personnes
314 3777 346 3800 to
361 3770 480 3801 whome
496 3771 517 3799 it
536 3778 600 3807 may
615 3770 776 3807 appertaine
792 3791 801 3805 ,
827 3777 857 3799 to
874 3768 917 3798 sce
936 3769 1006 3799 theis
1021 3770 1129 3801 Orders
1148 3770 1203 3801 fol-

147 3806 259 3842 lowing
274 3807 355 3846 duely
369 3808 507 3838 observed
525 3808 578 3837 and
600 3816 663 3844 putt
683 3808 710 3836 in
730 3806 889 3837 Execution
904 3831 913 3842 ,
936 3817 1035 3846 uppon
1061 3808 1149 3839 Paine
1173 3809 1210 3838 of

147 3854 201 3875 our
216 3843 285 3880 high
302 3843 475 3882 Displeasure
490 3845 545 3876 and
561 3846 629 3876 such
648 3845 787 3877 Penalties
807 3855 833 3875 as
854 3846 891 3885 by
910 3845 959 3874 the
977 3845 1078 3877 Lawes
1100 3847 1136 3877 of
1148 3847 1205 3877 this

149 3891 203 3912 our
229 3880 350 3912 Realrne
371 3884 407 3913 of
425 3883 554 3922 England
577 3893 640 3922 may
664 3885 701 3914 be
720 3883 845 3914 infli&ed
862 3893 961 3921 uppon
977 3882 1093 3915 Persons
1110 3885 1206 3916 offen-

149 3921 219 3957 ding
237 3919 344 3956 against
361 3921 407 3950 the
426 3922 509 3952 same.

188 3957 262 3987 First
278 3981 287 3994 ,
309 3957 436 3988 whereas
461 3961 483 3990 it
506 3960 652 3998 appeareth
681 3959 739 3990 that
763 3959 812 3989 the
837 3959 953 3990 cheifest
979 3959 1057 3990 cause
1079 3961 1115 3991 of
1135 3960 1206 3991 theis

151 3995 302 4028 Disorders
324 3995 392 4025 hath
419 4005 521 4032 grown
539 3999 614 4029 from
632 3998 681 4028 the
701 3998 832 4027 Licenses
848 3998 905 4028 that
925 3998 998 4028 have
1015 3999 1087 4029 been
1104 4008 1206 4038 graun-

155 4035 203 4067 ted
221 4043 252 4064 to
268 4033 403 4064 Butchers
421 4042 452 4063 to
470 4034 520 4067 kill
535 4037 592 4068 and
610 4045 682 4069 utter
703 4036 784 4067 Flesti
800 4045 931 4077 contrary
953 4044 986 4068 to
1012 4035 1102 4069 Lawe
1117 4060 1127 4076 ,
1151 4037 1206 4067 and

178 4076 253 4105 Tom.
270 4075 299 4104 V
300 4075 343 4103 11.
363 4074 397 4103 P.
410 4074 470 4103 ΠΙ.
1147 4076 1209 4108 that

1262 152 1734 211 PUBL'ICA.
2256 175 2309 222 89

1251 284 1256 289 .
1273 245 1319 276 Ac
1336 246 1462 286 insuper,
1479 249 1515 279 de
1534 251 1658 282 uberiori
1674 252 1774 283 Gratia
1792 254 1887 286 nostra
1894 278 1904 294 ,
1919 255 2077 289 dederimus
2094 258 2128 290 δε
2146 259 2292 295 concesse·
2313 250 2391 282 Ann-
2406 252 2450 288 D-

1234 293 1324 328 rimus·
1338 294 1385 328 per
1402 286 1511 316 easdem
1532 288 1636 319 Literas
1653 290 1782 321 Patentes
1799 294 1878 323 dieto
1894 293 1999 324 Thomae
2015 297 2094 326 Lake
2113 296 2202 327 Militi
2237 308 2288 335 pro
2335 290 2423 328 1619·

1234 331 1370 353 exercitio
1388 323 1420 353 &
1436 327 1625 361 occupatione
1643 328 1710 357 dicti
1728 329 1828 360 Officii
1843 333 1987 369 quoddam
2007 333 2129 365 Vadium
2156 337 2190 366 &
2209 321 2290 366 ’Feo-
2312 330 2441 367 myas-¹·

1235 360 1304 390 dum
1329 362 1465 398 octoginta
1488 362 1635 393 Librarum
1658 366 1749 404 legalis
1775 368 1905 399 Monetae
1933 372 2046 407 Angliae
2072 383 2121 410 per
2140 373 2260 404 Annum
2276 397 2287 412 ,

1234 398 1395 429 habendum
1415 401 1447 431 &
1465 403 1607 443 annuatim
1627 405 1837 441 percipiendum
1856 408 1950 438 eidem
1973 409 2077 440 Thomae
2098 412 2178 441 Lake
2199 411 2288 442 Militi

1235 436 1280 467 vel
1301 436 1446 482 Affignatis
1465 438 1517 468 suis
1530 461 1540 475 ,
1564 439 1681 470 durante
1698 440 1763 472 Vita
1783 443 1829 473 sua
1848 446 2000 484 praedicssffi,
2019 449 2141 479 Vadium
2158 450 2192 481 δε
2210 449 2286 480 Feo-

1235 474 1304 504 dum
1321 475 1503 514 praedictum,
1528 477 1564 506 de
1580 478 1726 508 Thesauro
1744 480 1842 510 nostro
1863 482 2018 514 Haeredum
2035 488 2067 517 δε
2084 487 2287 519 Succefforum

1234 512 1396 544 nostrorum
1412 537 1422 552 ,
1448 515 1480 545 ad
1500 514 1661 553 Receptam
1677 516 1817 547 Scaccarii
1835 520 1922 549 nostri
1940 521 2094 554 Haeredum
2113 527 2146 556 δε
2164 526 2286 558 Succes-

1233 550 1327 581 sorum
1344 552 1524 591 nostrorum,
1542 563 1592 590 per
1607 564 1705 585 manus
1722 555 1895 586 Thesaurarii
1914 560 1945 588 ὃς
1965 558 2194 594 Camerariorum
2213 566 2287 603 ejus-

1233 589 1300 619 dem
1318 600 1370 627 pro
1390 600 1523 629 tempore
1540 592 1715 622 existentium
1734 593 1766 622 ad
1787 602 1903 631 quatuor
1921 598 1986 626 anni
2004 601 2159 639 terminos3
2186 603 2287 633 videli-

1233 636 1295 664 cet,
1313 628 1347 658 ad
1365 629 1444 659 Festa
1464 629 1572 660 Natalis
1592 630 1734 668 Domini,
1749 631 1988 664 Annunciationis
2002 636 2089 667 beatae
2103 639 2205 670 Mariae
2220 640 2286 671 Vir-

1233 668 1305 703 ginis
1319 688 1329 704 ,
1354 666 1517 698 Nativitatis
1534 669 1629 699 Sandti
1642 669 1783 707 Johannis
1801 668 1932 706 Baptistae
1943 693 1952 708 ,
1976 674 2007 702 &
2024 673 2119 705 Sandii
2135 677 2288 710 Michaelis

1234 705 1347 748 Archan
1368 705 1416 743 eli,
1436 716 1483 743 per
1500 707 1636 745 aequales‚
1655 707 1802 737 Portiones
1818 707 2094 747 solvendum,prout
2113 723 2160 750 per
2175 717 2285 748 easdem

1233 742 1339 772 Literas
1383 752 1486 775 arentes
1505 745 1612 781 plenius
1629 746 1718 782 liquet
1736 748 1769 778 &
1787 754 1923 784 apparet3
1950 747 2031 784 Qas
2048 750 2161 787 quidem
2178 753 2286 786 Literas

1232 790 1357 816 patentes
1374 783 1502 819 praefatus
1519 782 1633 812 Thomas
1649 784 1729 813 Lake
1749 784 1835 814 Miles
1848 807 1857 821 ,
1881 785 1973 814 modo
1989 795 2061 816 unus
2081 787 2283 823 Primanorum

1231 818 1456 850 Secretariorum
1471 820 1637 851 nostrorum
1651 845 1660 859 ,
1683 823 1713 852 in
1729 821 1931 853 Cancellariam
1949 823 2073 854 nostram
2087 847 2097 863 ,
2125 827 2222 864 sponte
2240 831 2286 862 sua

1231 856 1335 887 sursum
1357 858 1478 888 reddidit
1499 859 1706 898 cancellandas,
1724 860 1758 890 ea
1780 869 1875 890 tamen
1897 862 2056 892 intentione
2076 872 2106 893 ut
2121 864 2205 904 Nos,
2222 869 2285 899 alias

1231 893 1337 925 Literas
1356 895 1484 926 Parentes
1501 896 1536 926 de
1554 896 1667 927 Officio
1687 897 1824 936 praedieto
1843 899 1876 929 &
1897 901 2006 930 caeteris
2023 902 2170 938 praemiffis
2184 926 2193 941 ,
2216 906 2286 937 dile-

1229 933 1279 976 Cto
1298 933 1421 964 Subdito
1440 934 1539 964 nostro
1562 934 1669 965 Thomae
1685 936 1765 965 Read
1780 936 1930 967 Generoso
1948 938 2041 969 facere
2067 941 2100 972 &
2127 943 2286 974 concedere

1228 969 1422 1010 dlgnaremur3
1443 982 1528 1009 quarn
1548 973 1663 1011 quidem
1678 974 1997 1007 Sursum-redditionem
2011 980 2238 1018 acceptavimus,
2251 983 2286 1014 &

1227 1017 1277 1046 per
1296 1009 1448 1040 Praesentes
1464 1019 1652 1047 acceptamus,

1266 1046 1365 1093 Sciatis
1389 1049 1472 1087 igitur
1497 1049 1578 1086 quod
1604 1050 1673 1080 Nos
1689 1074 1699 1089 ,
1725 1050 1761 1081 de
1784 1051 1917 1083 fidelitate
1939 1054 2066 1091 praediffi
2083 1054 2189 1086 Thomae
2207 1058 2288 1088 Read

1227 1084 1384 1130 plurimum
1409 1086 1609 1126 confidentes,
1634 1089 1670 1119 de
1695 1089 1794 1120 Gratia
1819 1091 1913 1121 nostra
1936 1093 2070 1130 speciali,
2095 1104 2129 1125 ac
2154 1103 2189 1125 ex
2208 1105 2283 1127 certa

1227 1124 1349 1154 berenna
1370 1126 1403 1156 &
1420 1134 1502 1155 mero
1521 1135 1604 1156 motu
1623 1127 1743 1165 nostris,
1761 1128 1891 1159 dedimus
1908 1130 1942 1161 δι
1959 1131 2164 1170 conceffimus,
2182 1143 2214 1165 ac
2233 1144 2285 1172 per

1229 1160 1381 1193 Praesentes
1398 1185 1407 1200 ,
1432 1163 1609 1208 pro-NobIs'
1620 1164 1786 1197 Haeredibus
1804 1167 1838 1197 &
1856 1167 2068 1201 Succefforibus
2086 1171 2186 1201 nostris
2200 1196 2209 1209 ‚
2234 1173 2284 1204 da-

1230 1207 1293 1229 mus
1318 1201 1565 1244 &concedimus
1586 1203 1680 1234 eidem
1705 1204 1814 1234 Thomae
1839 1207 1919 1235 Read
1940 1208 2111 1244 praedfflum
2137 1210 2284 1242 Officium

1227 1236 1372 1282 Secretarii
1389 1239 1478 1269 nostri
1497 1250 1549 1277 pro
1569 1240 1682 1278 Lingua
1703 1242 1820 1281 Latina,
1838 1253 1872 1273 ac
1886 1244 1976 1281 ipsum
1995 1246 2126 1276 Thomam
2144 1249 2223 1278 Read
2234 1249 2285 1281 Se-

1229 1285 1382 1321 cretariurn
1405 1277 1536 1308 nostrum
1560 1288 1613 1316 pro
1638 1280 1748 1319 Lingua
1775 1281 1875 1311 Latina
1890 1305 1900 1320 ,
1925 1283 2044 1315 facimus
2068 1286 2231 1318 ordinamus
2250 1289 2283 1320 &

1229 1314 1428 1346 constituimus
1446 1326 1496 1354 per
1514 1316 1680 1347 Praesentes:

1262 1354 1283 1373 *
1302 1353 1479 1398 Habendum
1494 1355 1676 1392 gaudendum
1690 1357 1724 1388 &
1736 1357 1939 1394 occupandum
1956 1360 2124 1396 praedictum
2138 1362 2282 1396 Officium
2304 1362 2321 1379 ⁹
2337 1364 2436 1393 XVII·

1227 1389 1375 1435 Secretaru
1393 1393 1482 1424 nostri
1500 1403 1553 1431 pro
1571 1394 1680 1434 Lingua
1701 1395 1819 1433 Latina,
1834 1397 1928 1428 eidem
1947 1398 2053 1428 Thomae
2071 1401 2153 1430 Read
2166 1402 2283 1435 durante
2301 1411 2363 1439 ¹3¹0

1229 1429 1297 1460 V1ta
1315 1430 1360 1461 sua
1378 1432 1502 1463 naturali.

1268 1468 1315 1499 Ac
1339 1469 1472 1508 insuper,
1496 1470 1532 1500 de
1555 1470 1679 1501 uberiori
1705 1470 1808 1501 Gratia
1834 1471 1930 1503 nostra
1948 1472 2075 1505 dedimus
2093 1477 2126 1507 ὃς
2146 1479 2286 1510 concesfi-

1228 1514 1316 1550 mus„
1335 1516 1367 1538 ac
1386 1518 1437 1545 per
1456 1508 1626 1547 Praesentes‚
1646 1519 1699 1547 pro
1718 1508 1816 1539 Nobis
1834 1509 2003 1541 Haeredibus
2022 1513 2055 1543 δε
2074 1514 2286 1548 Succefforibus

1229 1544 1350 1583 nostris,
1367 1545 1465 1576 damus
1484 1547 1517 1578 ὃς
1535 1548 1724 1578 concedimus
1739 1547 1831 1578 eidem
1850 1549 1957 1578 Thomae
1974 1551 2068 1589 Read,
2085 1561 2138 1589 pro
2152 1557 2284 1586 exercitio

1228 1584 1262 1614 &
1280 1585 1469 1620 occupatione
1482 1585 1552 1615 dicii
1571 1585 1688 1623 Officii,
1705 1586 1850 1623 quoddam
1868 1586 1991 1619 Vadium
2009 1589 2042 1619 &
2060 1590 2187 1621 Feodurn
2204 1594 2287 1623 Ollo-

1225 1624 1308 1657 ginta
1327 1622 1478 1652 Librarum
1496 1623 1588 1661 legalis
1609 1623 1741 1654 Monetae
1761 1625 1871 1663 Angliae
1889 1634 1938 1662 per
1963 1636 2093 1668 annum,
2120 1629 2297 1663 habendum-

1229 1660 1266 1702 ὃς
1290 1662 1437 1691 annuatim
1463 1662 1676 1698 percipiendum
1703 1662 1795 1693 eidem
1824 1662 1931 1693 Thomae
1956 1666 2037 1694 Read
2060 1667 2104 1697 vel
2131 1668 2285 1708 Affignatis

1228 1697 1296 1734 suis,
1314 1698 1431 1729 durante
1449 1699 1517 1729 Vita
1530 1699 1577 1730 sua
1591 1700 1741 1738 praedicta,
1760 1701 1887 1731 Vadium
1904 1710 1951 1732 aut
1965 1702 2095 1734 Feodum
2110 1707 2277 1742 praedieium

1229 1736 1265 1765 de
1283 1736 1430 1767 Thesauro
1450 1737 1551 1767 nostro
1570 1736 1728 1768 Haeredum
1755 1739 1788 1769 &
1815 1739 2015 1770 Succefforum
2040 1743 2204 1775 nostrorum
2219 1769 2230 1784 ,
2253 1732 2290 1778 ad

1229 1773 1392 1812 Receptam
1410 1776 1548 1806 Scaccarii
1568 1776 1657 1806 nostri
1675 1776 1831 1806 Haeredurn
1850 1779 1883 1809 ὃς
1900 1778 2101 1811 Successorum
2116 1782 2279 1815 nostrorum

1230 1822 1280 1850 per
1308 1823 1407 1844 manus
1435 1814 1614 1844 Thesaurarii
1638 1816 1670 1845 &
1699 1814 1928 1846 Camerariorum
1948 1817 2069 1853 ejusdem
2090 1829 2142 1856 pto
2159 1809 2291 1859 ternpore:

1229 1850 1409 1882 existentium
1423 1876 1432 1889 ‚
1460 1854 1475 1882 a
1494 1852 1578 1883 Festo
1598 1852 1831 1884 Annunciationis
1850 1855 1942 1885 beatae
1962 1854 2064 1886 Mariae
2084 1857 2206 1897 Virginis
2225 1861 2290 1891 ulti-

1232 1899 1284 1920 mo
1308 1892 1450 1929 praeterito
1477 1900 1541 1922 ante
1567 1890 1671 1921 Datam
1690 1890 1873 1922 Praesentium
1887 1915 1897 1930 ,
1923 1894 1956 1923 ad
1976 1903 2096 1931 quatuor
2112 1898 2178 1927 anni
2194 1900 2292 1930 termi-

1231 1938 1309 1965 nos;
1336 1929 1466 1959 videlicet
1479 1953 1488 1966 ,
1515 1930 1549 1960 ad
1578 1929 1659 1960 Festa
1686 1929 1851 1961 Nativitatis
1866 1931 1962 1962 Sancti
1977 1932 2114 1969 Johannis
2133 1934 2266 1972 Baptistae
2279 1960 2290 1976 ‚

1231 1966 1328 1997 Sanc‘ti
1348 1967 1497 1998 Michaelis
1514 1967 1706 2005 Archangeli,
1730 1967 1841 2000 Natalis
1856 1969 1985 2004 vDomini
2003 1971 2036 2001 &
2054 1971 2291 2008 Annunciationis

1233 2005 1322 2036 beatae
1342 2005 1446 2036 Mariae
1465 2006 1606 2046 Virginis,
1624 2017 1673 2046 per
1691 2007 1810 2044 aequales
1827 2007 1978 2040 Portiones
1994 2008 2176 2042 solvendum:

1267 2043 1314 2075 Eo
1331 2044 1414 2083 quod
1432 2045 1556 2084 expreffa
1571 2046 1698 2084 mentio,
1715 2045 1777 2077 &c-
2022 2050 2024 2052 ’

1269 2120 1304 2152 In
1317 2121 1399 2160 cujus
1409 2123 1468 2161 rei,
1483 2122 1546 2155 &ci

1265 2196 1355 2243 Teste
1379 2197 1463 2238 Rege
1488 2198 1563 2238 apud
1588 2197 1848 2240 Wstmonasterium
1862 2222 1872 2239 ,
1896 2201 2033 2233 vicesimo
2059 2212 2141 2235 nono
2166 2204 2228 2238 Die
2243 2206 2292 2246 Ja:

1230 2246 1329 2269 nuaru.

1742 2318 1796 2347 Per
1807 2319 1901 2347 Breve
1913 2315 1945 2347 de
1957 2318 2076 2349 Privato
2086 2318 2187 2357 Sigillo⁴

1257 2518 1310 2551 De
1337 2516 1582 2552 proclamatione
1602 2515 1641 2551 ad
1659 2514 1910 2562 restringendum
1930 2517 2142 2553 Occifionem
2159 2517 2270 2554 Carnis

1540 2574 1683 2611 tempore
1708 2563 1984 2611 Quadragesimali.

1234 2659 1463 2694 Proclamation
1479 2670 1563 2705 pour
1579 2656 1745 2704 empscher
1761 2660 1865 2703 qu’on
1883 2670 1921 2692 ne
1938 2669 1992 2693 tue
2017 2663 2050 2693 &
2073 2671 2182 2707 mange
2209 2661 2247 2696 de
2269 2661 2296 2696 la

1281 2706 1393 2742 viande
1410 2720 1444 2742 ce
1460 2706 1610 2752 prochain
1629 2706 1762 2739 Carfeme
1775 2734 1784 2750 ‚
1813 2706 1870 2751 qui
1890 2707 1947 2739 sera
1965 2707 2116 2742 cxc‘cute'e
2130 2736 2139 2752 ‚
2159 2720 2224 2743 tant
2243 2721 2297 2756 par

1283 2756 1311 2790 le
1337 2755 1427 2789 Lord
1454 2755 1556 2789 Maii-e
1580 2754 1620 2788 de
1649 2753 1674 2787 la
1698 2753 1784 2787 Ville
1803 2753 1842 2788 de
1865 2753 2005 2788 Londres
2026 2759 2058 2789 &
2078 2755 2115 2789 de
2133 2758 2173 2790 ses
2193 2759 2298 2792 Faux-

1281 2805 1422 2850 bourgS,
1448 2806 1481 2837 δε
1514 2814 1567 2849 par
1591 2803 1634 2836 les
1661 2800 1812 2836 Officiers
1839 2801 1892 2836 des
1920 2802 2099 2838 Franchises
2127 2807 2160 2838 &
2192 2806 2299 2840 Lieux

1283 2862 1423 2898 exempts
1439 2851 1634 2892 d’alentour‚
1660 2861 1723 2894 que
1742 2861 1793 2896 par
1808 2849 1900 2884 ordre
1917 2851 1974 2895 qui
1993 2851 2051 2885 sera
2069 2851 2216 2896 present,
2241 2864 2297 2899 par

1283 2911 1389 2935 toutes
1406 2900 1448 2935 les
1463 2899 1630 2934 Provinces
1645 2897 1684 2932 de
1702 2910 1736 2932 ce
1751 2900 1926 2944 Royaume
1937 2926 1947 2942 ‚
1961 2911 2021 2932 aux
2032 2899 2134 2946 Juges
2150 2899 2188 2934 de
2208 2901 2297 2942 Paix‚

1285 2948 1391 2983 Lords
1411 2948 1464 2982 des
1480 2945 1677 2989 Franchises‚
1705 2949 1738 2980 &
1759 2945 1913 2982 Officiers
1930 2946 1970 2981 de
1992 2947 2091 2982 Villes
2118 2948 2298 2996 municipa-

1283 2998 1336 3031 les.

1238 3082 1432 3145 D'Autant
1445 3092 1495 3122 que
1509 3090 1574 3111 nous
1587 3091 1675 3111 avons
1691 3081 1739 3111 e‘te'
1749 3078 1878 3120 informe's
1892 3080 1938 3110 des
1947 3080 2051 3118 grands
2068 3080 2204 3120 deftrdres
2228 3092 2297 3112 com-

1325 3124 1374 3150 mis
1395 3123 1540 3150 ci-devant
1559 3118 1597 3154 &⁶
1615 3120 1863 3157 particulierement
1881 3118 1990 3149 l'anne‘e
2005 3120 2143 3158 derniere,
2162 3131 2195 3149 en
2211 3127 2297 3150 tuant

1238 3159 1277 3195 ό·
1300 3167 1444 3196 mangeant
1468 3159 1499 3187 de
1521 3157 1550 3187 la
1564 3159 1667 3188 viande
1684 3159 1754 3188 dam
1767 3157 1792 3187 le
1807 3164 1874 3187 tems
1886 3158 1923 3188 du
1935 3157 2063 3196 Careme,
2074 3157 2295 3195 principalement

1238 3199 1309 3228 dans
1325 3198 1353 3227 la
1367 3196 1435 3227 Ville
1449 3197 1482 3226 de
1497 3197 1623 3226 Londres
1637 3196 1674 3232 ὠ,
1691 3196 1728 3226 les
1741 3198 1835 3225 Lieux
1847 3196 1974 3234 adjacens
2008 3195 2045 3230 ῤ’
2059 3197 2091 3225 de
2104 3196 2133 3226 la
2147 3196 2295 3234 ne‘gltgente

1239 3248 1272 3267 ou
1288 3235 1385 3275 plutot
1407 3235 1443 3265 du
1466 3236 1566 3264 de'dain
1586 3245 1637 3273 que
1658 3235 1715 3265 l'on
1734 3246 1752 3264 a
1774 3236 1883 3264 montre‘
1891 3234 1961 3265 dans
1974 3219 2132 3264 s’exe‘cution
2143 3234 2187 3263 des
2204 3235 2295 3264 ordres

1239 3279 1285 3316 qui
1306 3283 1355 3305 ont
1375 3275 1421 3303 e‘te
1435 3273 1505 3303 dam
1519 3272 1557 3302 les
1571 3273 1671 3303 anne‘es
1680 3273 1853 3311 precedentes
1870 3282 1916 3301 con
1933 3283 1963 3301 us
1978 3271 2016 3307 &
2025 3272 2129 3310 publie‘s
2146 3280 2198 3309 par
2217 3280 2296 3303 notre

1239 3313 1469 3343 commandement
1483 3312 1591 3350 expres,
1604 3321 1672 3350 pour
1688 3322 1740 3341 une
1755 3310 1825 3347 regle
1840 3310 1900 3339 d'or
1920 3321 1949 3340 re
1963 3310 2002 3345 ὠν
2016 3310 2048 3339 de
2065 3311 2232 3340 mode'ration
2256 3310 2298 3346 &-

1234 3361 1303 3391 pour
1309 3351 1390 3391 faire
1402 3350 1528 3389 observer
1545 3351 1669 3380 duement
1683 3361 1734 3378 une
1747 3349 1902 3387 institution
1910 3348 1939 3387 fi
1951 3348 2106 3387 nffceffaire,
2125 3358 2220 3378 comme
2236 3360 2298 3378 con-

1237 3398 1345 3421 venant
1360 3393 1449 3419 mieux
1460 3400 1530 3419 avec
1544 3388 1573 3418 la
1582 3388 1669 3418 Police
1684 3388 1715 3417 de
1730 3387 1824 3417 l’Etat
1840 3386 1878 3422 ὠ
1895 3386 1933 3416 les
1947 3389 2020 3416 Loix
2034 3385 2072 3421 ό
2085 3386 2122 3416 les
2140 3389 2249 3416 Statuts
2262 3387 2297 3417 de

1239 3435 1319 3460 notre
1334 3432 1475 3468 Royaume.

1277 3467 1346 3506 c’est
1358 3469 1487 3506 pourquoi
1501 3464 1524 3494 il
1532 3464 1568 3504 est
1582 3464 1614 3493 de
1631 3471 1708 3494 notre
1720 3463 1839 3494 volonte'
1848 3461 1886 3498 ὠ·
1898 3462 1931 3492 de
1946 3469 2026 3492 notre
2041 3462 2195 3502 bon-plaisir
2210 3464 2298 3503 royal,

1241 3505 1399 3545 d'employer
1418 3503 1617 3542 presentement
1640 3514 1677 3532 un
1700 3513 1789 3535 moyen
1809 3501 1868 3539 plus·
1881 3501 1981 3539 sbvere
2022 3508 2090 3537 pour
2107 3504 2238 3538 prevenit·
2259 3502 2300 3532 les

1241 3544 1396 3583 mauvaifts
1405 3543 1488 3582 st'aeites
1503 3545 1548 3580 qui
1555 3544 1713 3578 pourroient
1730 3539 1878 3579 s’enfitivre
1891 3539 1923 3567 de
1937 3538 1966 3567 la
1982 3523 2159 3578 liberteprift
2170 3547 2224 3578 par
2237 3548 2298 3570 tou-

1240 3590 1268 3612 te
1284 3581 1360 3620 fimf
1379 3582 1410 3611 de
1431 3582 1538 3618 peuple,
1555 3577 1593 3613 ὠ·
1611 3579 1648 3608 du
1666 3587 1717 3615 peu
1738 3578 1771 3607 de
1789 3577 1931 3619 'diffiv‘rence
1973 3586 2004 3604 ue
2023 3575 2078 3606 l’on
2103 3585 2158 3607 met
2180 3586 2258 3608 entre
2271 3590 2299 3610 ce

1240 3624 1346 3650 tems-ci
1361 3619 1398 3655 ῤ’
1415 3619 1535 3648 d'autres
1549 3624 1631 3652 tems,
1649 3616 1718 3646 dans
1733 3615 1830 3653 l'usage
1844 3616 1876 3644 de
1891 3625 1930 3643 cer
1945 3625 1956 3642 c
1977 3613 2029 3652 oses
2044 3626 2094 3654 que
2120 3626 2185 3646 nous
2207 3615 2301 3655 defen-

1240 3659 1340 3697 dime5‚
1359 3655 1397 3692 ό»
1410 3661 1456 3697 qui
1462 3656 1527 3696 fimt
1536 3663 1605 3693 pour
1612 3654 1706 3693 ftrvir
1720 3654 1752 3683 de
1766 3652 1875 3692 renfort
1886 3661 1952 3690 pour
1965 3660 2042 3682 toute
2057 3653 2162 3684 [annae
2175 3653 2300 3695 fiaivan.

1242 3705 1320 3765 te'Et
1341 3733 1398 3774 c'est
1415 3735 1546 3773 pourquoi
1566 3740 1627 3761 nous
1650 3729 1792 3767 chargeons
1813 3728 1851 3764 &¹
1872 3729 2056 3759 commandens
2070 3730 2261 3770 expreffe‘ment
2281 3731 2302 3761 ἃ

1242 3780 1330 3803 toutes
1350 3772 1388 3802 les
1405 3771 1545 3810 perfhnnes
1569 3769 1586 3798 ἃ
1604 3771 1650 3808 qui
1662 3768 1686 3797 il
1702 3768 1914 3807 appartiendra,
1928 3768 1959 3796 de
1969 3768 2086 3805 prendre
2095 3770 2180 3805 garde
2212 3781 2243 3799 ue
2265 3769 2303 3799 les

1243 3812 1333 3841 ordres
1340 3811 1459 3850 fitivans
1466 3808 1552 3848 soient
1568 3808 1690 3836 duement
1704 3807 1735 3836 ob
1750 3807 1827 3835 erve‘s
1840 3805 1878 3840 ὠ
1892 3809 1942 3834 mis
1954 3817 1988 3835 en
2007 3807 2162 3846 execution,
2172 3782 2225 3846 sgr
2240 3813 2301 3846 pei-

1243 3861 1277 3879 ne
1298 3850 1450 3880 d'encourir
1469 3855 1546 3877 notre
1566 3844 1698 3884 disgrace,
1778 3844 1815 3873 les
1834 3844 1967 3881 penaliter
1990 3848 2036 3883 qui
2054 3853 2107 3883 par
2125 3845 2163 3875 les
2177 3849 2252 3876 Loix
2269 3847 2303 3876 de

1244 3895 1322 3918 notre
1347 3890 1477 3926 Royaume
1496 3883 1693 3920 d’Angleterre
1708 3886 1866 3921 pourroient
1890 3881 1948 3911 eitre
1960 3883 2078 3922 inflige'es
2093 3894 2150 3914 aux
2163 3884 2306 3923 perfimnes

1244 3929 1290 3967 qui
1303 3926 1415 3964 pechent
1432 3931 1521 3953 contre
1535 3922 1606 3951 elles.

1282 3966 1491 3993 Premierement
1500 3985 1509 3999 ,
1527 3960 1657 3989 d’autant
1674 3958 1743 3999 qu'il
1757 3966 1849 3997 appert
1863 3969 1913 3997 que
1929 3958 1959 3988 Ia
1973 3959 2050 3998 cause
2060 3960 2209 3997 principale
2223 3961 2256 3989 de
2268 3970 2307 3989 ces

1244 4002 1383 4042 defhrdres
1404 4001 1439 4040 est!
1462 4009 1550 4030 venue
1570 3998 1615 4027 des
1638 3997 1747 4027 licencex
1788 4000 1813 4027 ui
1830 4005 1879 4026 ont
1895 3998 1942 4026 efte‘
1955 3997 2090 4027 accorde‘es
2103 4009 2160 4026 aux
2176 3997 2310 4027 Bouchers

1245 4040 1277 4071 de
1293 4048 1355 4072 tuer
1367 4037 1406 4075 &⁴
1424 4040 1457 4070 de
1473 4037 1577 4069 vendre
1593 4036 1624 4066 de
1639 4035 1666 4066 la
1682 4039 1786 4103 vianNei
1798 4042 1891 4067 contre
1908 4034 1938 4066 la
1955 4038 2024 4073 Loi,
2044 4035 2081 4071 ὠ
2097 4036 2163 4077 qu'il
2184 4036 2219 4076 est
2242 4035 2308 4080 cfair

2216 4085 2251 4113 qu
2260 4084 2310 4113 6323·
