2557 4279
81 225 160 294 An6n.
177 225 207 255 D
229 228 355 263 Georgius
369 226 514 254 Fridericus
529 236 547 254 a
564 228 592 254 Β

102 275 115 295 x
146 274 191 303 13.

231 153 310 181 200

544 265 547 268 Α
601 263 605 268 ¹
647 247 657 263 ‚
675 224 812 257 Cellarius
825 228 854 257 in
869 227 1050 267 Hagenbach
1064 227 1201 268 Philippus
1216 231 1285 259 Hei-

227 263 283 302 les,
301 265 399 295 Scriba
415 264 583 293 Telonarius
598 273 629 293 in
643 264 721 294 Seltz
737 265 908 296 Alexander
918 289 928 305 ‚
946 267 1047 299 Scriba
1071 267 1240 299 Telonarius
1256 269 1286 297 in

88 314 116 332 ii
121 304 211 342 [ἵκω.
230 303 375 339 Neuburg
390 301 512 339 Jacobus
527 301 663 339 flagellas,
682 302 823 334 Dominis
837 303 1049 336 Commissariis
1067 308 1156 343 Regiis
1179 307 1212 337 &
1235 305 1286 336 Se-

229 340 380 372 reniffimae
395 340 535 369 Dominae
550 339 690 370 Elelffricis
708 341 801 372 Manu
815 342 908 374 dextra
925 344 1053 381 primiim
1068 345 1131 374 data
1147 367 1156 382 ,
1175 344 1287 374 creetis-

228 378 394 446 ‘luebposstffl
411 378 525 421 duobus
539 378 646 408 dexteri
664 378 770 410 Manus
787 379 910 420 Digitis,
924 383 1107 420 corporaliter
1119 384 1244 421 jurarunt
1257 382 1286 411 in

227 428 277 449 ver
301 427 314 445 a
343 426 358 446 e
380 424 482 446 uentia.

267 455 341 493 ‘Qua
354 425 486 494 :hihijam
492 453 624 493 praelen‘la
633 454 707 494 fient
721 466 755 484 ea
767 456 851 495 prob?
862 457 1008 496 intellexi,
1027 469 1059 487 ea
1078 469 1179 499 quoque
1189 456 1284 498 fideli-

315 491 430 531 astabo,
453 501 515 523 rra
534 501 584 523 Me
602 501 708 532 juver
727 494 821 525 Deus
842 503 972 526 ’ramus
992 504 1038 526 ET
1056 504 1157 526 unus.

292 531 397 561 raestito
407 531 597 569 juramento,
615 531 840 570 saepememorati
856 533 979 564 Domini
994 536 1070 570 Regii
1086 535 1119 564 &
1142 532 1285 564 Serenisfi-

229 580 287 601 mae
304 569 444 599 Dominae
461 569 599 600 Eleclricis
615 569 831 610 Commiffarii,
855 571 883 601 se
909 572 986 601 omia
1009 571 1146 602 hatitenus
1168 572 1230 602 aeta
1250 571 1284 602 &

225 609 324 639 tradita
341 617 485 645 acceptare
507 609 635 638 dicentes
655 610 689 640 &
711 611 787 639 bona
809 610 923 646 omnia,
947 609 1132 640 Serenisfimo
1152 610 1284 640 Domino

226 646 348 676 Eledlmw'
364 646 476 684 ejusqiie
488 646 669 678 Celfitudinis
684 648 796 686 Conjugi
819 647 1030 677 Amantissimae
1041 670 1050 684 ,
1072 647 1195 685 praelatae
1218 647 1285 678 Cla-

226 695 275 715 ves
292 685 374 715 Arcis
388 686 421 715 &
437 684 582 723 Civitatis,
600 685 779 716 Landscribae
798 685 936 721 praedieto
958 684 1153 724 restituerunt,
1180 695 1284 724 tneque

225 724 297 754 infra
312 723 500 762 subscriptum
519 724 671 755 Publicum
687 734 720 754 ac
735 723 895 754 Caesareum
912 725 1062 753 Notarium
1079 723 1228 755 solenniter
1241 734 1283 755 re—

223 762 418 801 quisiverunt,
436 771 467 793 ut
484 772 532 799 ea,
549 772 614 801 quae
624 763 685 800 jam
699 762 758 792 aista
772 762 900 800 gestaque
917 762 1016 799 essem,
1032 762 1177 802 diligenter
1192 773 1281 794 anno-

224 809 334 838 tarem,
352 810 385 831 ac
398 802 512 838 desuper
528 800 750 831 instrumentum
764 800 912 838 publicum
926 810 959 830 ac
970 801 1085 832 solenne
1107 801 1282 832 conficerem

228 840 262 870 &
279 841 543 870 communicarem:
564 839 609 869 Ad
625 838 700 876 quod
726 838 795 868 cum
821 847 868 868 me
892 848 952 868 nori
972 839 1064 869 solnm
1085 839 1207 871 Ratione
1224 842 1283 880 ejus

227 877 350 915 Officii,
364 877 407 908 sed
421 880 454 909 &
471 877 574 908 debitae
590 876 788 907 Submissionis
804 886 873 914 ergo
891 877 1048 917 obligatum
1061 879 1195 917 agnoscer
1271 901 1280 917 ‚

227 917 325 947 omnia
339 926 403 954 quae
417 917 477 947 asta
494 915 606 952 gestave
619 913 707 945 essent
722 924 767 945 me
783 914 902 946 fideliter
913 924 1130 955 annotaturum,
1147 918 1180 948 &
1201 917 1282 955 super

223 955 255 985 iis
270 956 406 985 omnibus
423 964 512 984 unum
528 953 572 984 vel
586 953 682 990 plura,
702 962 844 992 quo‘quOt
858 955 874 984 a
889 964 936 985 me
959 956 1151 993 requirentur,
1176 955 1281 986 Instru-

225 1002 323 1025 menta
338 992 540 1023 confecturum
550 1013 560 1029 ‚
577 1001 660 1029 atque
675 991 812 1022 Dominis
825 995 912 1030 Regiis
926 993 960 1024 δε
974 993 1161 1024 Serenisfimae
1174 994 1283 1026 Domi—

230 1042 276 1062 nae
288 1031 466 1062 Elizabethae
482 1029 693 1060 Commissariis
707 1032 991 1063 communicaturum
1005 1054 1016 1070 ‚
1033 1032 1066 1063 est
1079 1032 1134 1072 quii

227 1070 267 1100 est
281 1070 382 1101 Animi
400 1068 592 1100 Submissione
606 1068 711 1099 devote
728 1069 852 1106 promisi.

227 502 271 524 ter

260 1147 327 1178 Die
349 1146 531 1176 Mencunir
551 1145 657 1175 offitavo
667 1144 750 1182 Julii,
768 1146 856 1177 Anno
880 1146 1018 1184 praedidto
1032 1170 1042 1185 ,
1065 1147 1149 1179 Hora
1169 1148 1282 1180 decima

226 1185 365 1216 matutina
523 1182 599 1214 stadii
617 1186 646 1214 in
665 1184 770 1215 Palatio
785 1185 839 1216 five
857 1185 978 1216 Cellaria
999 1187 1121 1218 Palatina
1143 1189 1172 1218 in
1195 1188 1278 1218 Con-

224 1225 297 1255 clavi
311 1240 318 1256 ¹.
330 1223 417 1262 vulgo
432 1221 582 1253 Eled³mrali
601 1222 699 1259 duffio)
717 1225 930 1262 praememorati
945 1225 1070 1256 Domini
1081 1225 1280 1256 Commislarii

165 1281 172 1286 -
223 1266 299 1300 Regii
317 1263 349 1292 ὃ(
367 1260 556 1291 serenissimae
577 1260 719 1291 Dominae
740 1262 902 1300 Eleei‘ricis,
926 1272 957 1294 ut
981 1264 1014 1295 &
1038 1263 1159 1295 Domini
1180 1264 1278 1296 Com-

53 3018 72 3037 *
87 3019 167 3048 xvi.

57 3059 121 3093 763-

225 1301 338 1331 miffarii
355 1299 542 1337 Eleaorales,
557 1299 654 1330 denuo
672 1309 885 1338 convenerunt,
908 1302 943 1332 δε
968 1302 1118 1341 praesente‚
1144 1303 1277 1333 Nobilis-

221 1340 295 1370 fimo
311 1349 344 1369 ac
362 1338 487 1368 Strenuo
505 1338 576 1368 Viro
610 1337 747 1382 Domino
765 1339 977 1383 Pleickardo-ab
997 1340 1153 1381 Helmstadt
1172 1341 1275 1379 Equite

222 1378 334 1408 Aurato
354 1376 538 1408 Praefedmrae
558 1360 762 1421 bieostadiame
780 1378 989 1415 Vicedomin0‚
1010 1378 1131 1409 Domini
1151 1378 1275 1418 Commifi

213 1415 287 1456 sarii
307 1414 490 1451 westwales,
507 1415 677 1447 Conventus
695 1416 778 1454 hujus
794 1418 827 1448 &
846 1417 1033 1447 Demandatae
1058 1416 1276 1448 Commiffionis

220 1455 342 1486 Causam
361 1453 535 1492 praemiffiim
553 1455 583 1483 in
603 1454 725 1484 modum
743 1455 943 1492 exposuerunt,
961 1464 995 1485 ac
1015 1455 1129 1493 postea,
1145 1455 1223 1486 1eet0
1243 1466 1274 1486 u-

218 1502 321 1531 troque
348 1493 532 1530 suprascripto
560 1491 703 1522 Mandato
719 1515 729 1530 ,
754 1494 788 1524 &
807 1493 966 1531 Juramenri
991 1493 1130 1529 praemissa
1151 1493 1275 1531 (Verbis

217 1539 315 1562 tamen
330 1531 366 1563 de
382 1531 551 1561 Praefectura
563 1530 750 1570 Neoslqdiarza
763 1532 928 1571 conceptis)
947 1530 1081 1562 Formuia
1109 1532 1277 1571 subsequeris

240 1580 337 1608 uoque
351 1570 473 1640 splecialis
488 1569 523 1599 de
537 1569 631 1608 Burgo
645 1568 814 1607 Fridelshez'm
826 1571 858 1600 &
873 1554 1176 1609 Franckenthafcquae
1189 1571 1274 1602 Neo—

220 1621 231 1640 i
247 1609 348 1639 adiano
394 1608 561 1640 icedominii
575 1608 696 1646 subjee'ta
709 1608 790 1644 sunt)
808 1608 949 1648 proposita
962 1608 1016 1639 fuit
1030 1608 1192 1647 juramenti
1206 1610 1276 1641 For-

216 1657 316 1717 ma<los
328 1685 497 1725 spondebitis
514 1685 547 1715 &
559 1685 687 1722 jurabitis
702 1683 952 1722 quandoquidem,
979 1684 1176 1717 Serenisfimus
1191 1686 1275 1717 Prin—

206 1734 285 1762 *ceps
299 1725 332 1755 &
347 1724 502 1760 Dominus,
518 1723 666 1752 Frr‘dericus
683 1723 809 1762 §Quintus
826 1727 917 1753 Comes
935 1722 1084 1755 Palatinus
1097 1725 1187 1755 Rheni
1196 1725 1273 1756 Sacri

218 1763 349 1794 Romani
364 1761 479 1801 Imperii
496 1761 693 1801 Archidapifer
709 1763 742 1791 &
758 1760 892 1800 Princeps
906 1761 1037 1801 Εἰεᾶοτ,
1058 1763 1127 1794 Dux
1139 1763 1272 1803 Bavariae,

217 1802 368 1833 Dominus
382 1801 476 1831 noster
495 1798 755 1838 Clementisfimus‚
778 1809 827 1839 per
855 1801 961 1832 Literas
987 1802 1045 1832 suas
1063 1801 1204 1841 Parentes,
1221 1811 1271 1842 ge-

215 1850 305 1871 rentes
323 1839 427 1869 Datam
445 1840 537 1869 Primo
553 1838 648 1878 Julii,
667 1838 756 1870 Anno
772 1838 922 1870 millesimo
936 1839 1139 1872 sexcentesimo
1154 1841 1271 1873 decimo

214 1880 315 1915 tertio,
335 1879 409 1908 inter
436 1878 502 1914 alia,
528 1877 672 1915 praedistae
696 1875 884 1909 Serenissimae
910 1877 1052 1910 Dominae
1075 1879 1270 1920 Elizahethae,

213 1927 266 1956 pro
283 1918 459 1954 competenti
477 1914 641 1947 Refidentia
659 1916 703 1946 sua
720 1917 749 1945 in
769 1916 865 1947 casum
883 1916 1047 1956 viduitatis,
1073 1918 1210 1950 Palatium
1232 1919 1267 1950 &

212 1955 364 1993 Oppidum
381 1954 602 1994 Franckenthal,
620 1953 749 1994 Itemque
762 1955 871 1985 Arcem
886 1955 920 1986 δε
935 1954 1062 2001 Burgum
1081 1956 1268 1997 Fridelfheim,

210 2003 282 2027 cum
301 1994 434 2024 omnibus
446 1993 498 2025 suis
511 1993 626 2031 Juribus
645 1993 769 2024 Servitiis
782 1995 816 2026 &
840 1993 1033 2033 Pertinentiis‚
1054 1996 1089 2026 ad
1110 1998 1268 2029 tenendum

212 2032 412 2071 poffidendum
426 2033 459 2064 δε
484 2032 618 2064 utendum
644 2031 853 2071 fruendumque
874 2032 1021 2073 assignavit
1043 2034 1077 2065 &
1096 2034 1268 2075 destinavit,

211 2073 287 2109 juxta
299 2071 444 2102 Tenorem
462 2070 618 2102 Literarum
632 2069 795 2102 Patentium
810 2070 925 2109 desuper
940 2072 1164 2112 conscriptarum
1177 2075 1210 2105 &
1232 2075 1267 2106 fi-

210 2110 384 2149 gillatarum3
403 2107 450 2141 Ut
465 2111 550 2149 igitur
565 2111 596 2142 in
610 2109 693 2140 talem
707 2109 803 2140 casum
818 2112 828 2145 (
850 2111 878 2141 ui
890 2111 920 2141 in
937 2109 1074 2143 Manibus
1087 2110 1146 2143 Dei
1161 2113 1268 2152 positus

212 2148 272 2185 est)
292 2149 336 2179 sia
352 2147 526 2180 Serenisfima
543 2148 677 2190 Celfitudo
690 2157 772 2179 tanto
789 2150 888 2179 meins
910 2148 945 2180 ὃ(
964 2149 1085 2181 securius
1106 2151 1158 2182 illis
1177 2151 1267 2184 Locis

209 2187 245 2219 ὃ(
259 2186 372 2226 Juribus
388 2186 443 2218 frui
459 2189 491 2219 &
507 2189 626 2227 gaudere
640 2186 744 2224 posfit,
760 2187 840 2225 quod
857 2197 907 2218 vos
920 2188 1039 2226 inquam
1060 2197 1129 2220 tunc
1175 2191 1265 2229 ipsam

207 2225 419 2263 Serenissimam
439 2225 600 2257 Dominam
617 2225 816 2256 Eltzabetham
831 2235 901 2256 cum
915 2226 968 2258 suis
992 2227 1113 2258 Famulis
1137 2213 1170 2260 ἐ(
1190 2229 1267 2262 Atti-

206 2260 338 2296 fientibus
351 2264 503 2303 Deputatis
518 2264 550 2295 ὃ(
570 2263 764 2303 Mandatarii's,
782 2265 811 2294 in
826 2265 994 2304 praedieinm
1012 2266 1120 2298 Arcem
1138 2266 1266 2307 Burgum

206 2303 360 2343 Oppidum
380 2305 413 2335 ὃ(
431 2303 585 2342 Palatium,
607 2312 638 2334 ut
653 2303 698 2334 sua
718 2303 840 2342 propria,
859 2304 968 2343 ingredi
985 2304 1019 2335 &
1037 2306 1148 2345 intrare,
1159 2307 1266 2339 ibidem

207 2341 331 2373 habitare
351 2341 382 2373 δι
401 2343 494 2380 exire,
535 2352 566 2372 ro
586 2341 715 2373 Arbitrio
732 2351 811 2381 agere
830 2343 863 2374 δί
879 2343 1025 2381 disponere
1050 2346 1213 2383 permittatis
1231 2347 1265 2379 &

205 2380 316 2419 finatis,
334 2391 387 2411 nec
402 2381 494 2411 ullum
510 2352 753 2420 fmpedimentum
772 2379 872 2412 afferre
895 2382 925 2412 in
951 2380 1102 2414 Praemisfis
1135 2384 1182 2415 sed
1199 2384 1264 2416 Ob-

204 2418 333 2456 sequium
353 2419 510 2457 Fidemque
526 2420 553 2449 ei
577 2418 725 2457 praestare,
748 2419 899 2450 Damnum
921 2429 1047 2452 avertere
1061 2444 1070 2459 ‚
1096 2405 1267 2456 Commoda

205 2467 262 2494 pro
280 2458 393 2487 Viribus
431 2467 575 2495 rocume,
593 2458 626 2490 ὃς
644 2460 747 2496 ⁴omnia
774 2458 866 2488 facere
891 2459 980 2488 velitis
1004 2469 1069 2497 quae
1087 2461 1114 2490 in
1135 2463 1182 2492 tali
1200 2464 1263 2495 casu

204 2495 257 2534 Jus
276 2496 309 2526 &
328 2467 516 2525 Consfiemdo
535 2497 677 2534 requirunt
696 2495 814 2526 fideliter
832 2494 865 2527 &
883 2495 938 2526 fine
958 2498 1038 2526 omni
1059 2498 1176 2530 Fraude.

247 2532 336 2564 Hisce
350 2533 495 2572 perlectis,
512 2533 605 2563 dictus
618 2536 645 2561 V
648 2534 808 2563 icedominus
822 2535 908 2572 priori
933 2544 992 2571 quo
1013 2534 1164 2567 Eiectorah·
1186 2536 1266 2568 Pala-

207 2572 307 2602 tinarui
328 2571 476 2601 devint'tus
489 2579 545 2601 erat
560 2572 589 2601 in
609 2569 750 2601 Eventum
776 2572 810 2602 &
836 2570 923 2601 Casus
946 2571 1100 2611 praefinitos
1123 2575 1264 2614 relaxato,

208 2609 285 2641 Data
299 2610 435 2640 Dominis
447 2612 535 2647 Regiis
553 2605 585 2640 ὅ(
605 2608 776 2648 Sereniffimae
803 2612 927 2640 Dominae
953 2608 1095 2641 Elec‘i‘ricis
1116 2612 1266 2644 Commis-

202 2648 276 2680 sariis
298 2648 407 2679 Dextrfi
427 2647 530 2686 Manu,
545 2648 693 2685 corporale
712 2647 837 2686 praestitit
851 2647 1051 2686 juramentum
1066 2649 1167 2682 Verbis
1185 2652 1265 2688 supra

204 2688 308 2718 relatis:
330 2688 374 2717 Ac
390 2685 483 2724 postea
498 2686 605 2717 vocatis
623 2687 735 2725 reliquis
751 2685 932 2717 Officialibus
946 2686 1130 2720 Praefetsturae
1145 2690 1263 2729 Neosta-

205 2726 310 2764 a'ianae‚
339 2725 460 2756 Domini
482 2723 673 2754 Commiffarii
697 2724 864 2754 Eleezorales
884 2726 975 2763 palam
1001 2726 1115 2763 profesfi
1135 2729 1197 2760 sunt
1218 2731 1264 2767 se,

204 2765 302 2803 vigore
320 2763 526 2794 Mmdazorum
544 2762 732 2793 Serenisfimae
751 2767 876 2793 Dominae
901 2763 1032 2794 EleHrici
1051 2789 1061 2804 ,
1084 2776 1136 2804 per
1154 2766 1262 2798 Manus

203 2802 403 2834 Domitiorum
428 2801 696 2832 Commissariorum
724 2801 888 2841 Regiorum
911 2804 944 2834 &
970 2803 1085 2833 suorum
1101 2827 1112 2842 ,
1139 2806 1170 2835 in
1188 2806 1263 2837 casus

201 2842 369 2880 praetadtos‚
389 2841 495 2871 tradere
514 2849 608 2871 veram
630 2840 732 2871 realem
750 2841 784 2871 ὃς
801 2842 978 2877 corporalem
997 2842 1082 2872 dieiae
1100 2843 1260 2874 Praefectu-

203 2890 243 2910 rae
259 2881 302 2910 seu
324 2878 517 2909 Vicedominii
537 2901 546 2917 ‚
574 2879 628 2908 una
655 2889 721 2908 cum
749 2880 885 2909 omnibus
911 2879 1063 2911 Reditibus
1083 2881 1201 2920 Juribus
1225 2884 1260 2914 &

201 2917 400 2954 Pertinentiis,
419 2916 622 2948 Poffeffionem
637 2917 670 2947 &
684 2916 908 2954 immissionem,
927 2919 1012 2956 inque
1039 2919 1121 2958 hujus
1141 2919 1258 2951 Confir-

200 2959 361 2988 mationem
378 2956 540 2986 obtulerunt
559 2965 673 2993 quoque
692 2954 796 2986 Claves
814 2955 912 2986 Palatii
934 2956 991 2986 five
1017 2956 1162 2996 Cellariae‚
1178 2968 1209 2990 ut
1226 2960 1260 2990 &

202 2994 303 3025 Claves
322 2996 450 3032 Oppidi,
468 2994 517 3024 fibi
532 2996 546 3024 a
568 2993 739 3024 Consulibus
765 2998 778 3011 ⁸
801 2994 966 3025 obedienter
989 2995 1117 3033 traditas,
1144 3007 1259 3029 necnon

200 3034 229 3063 in
249 3034 368 3072 Signum
388 3033 557 3068 Territorii‚
582 3032 753 3062 Particulam
776 3030 878 3062 Vineae
902 3042 972 3063 curn
995 3033 1166 3066 Muneribus
1188 3036 1259 3067 Bac·

200 3072 272 3103 chiis
291 3073 344 3101 iive
364 3070 439 3101 Vitae
457 3071 599 3100 insertam:
620 3069 783 3108 Egressique
803 3070 898 3108 postea
924 3071 1052 3102 Domini
1080 3072 1258 3105 Commissa-

202 3113 235 3141 rii
252 3113 326 3148 Regii
345 3110 378 3140 δε
399 3108 571 3148 Sereniffimae
592 3111 716 3138 Dominae
732 3109 890 3147 Είεέἰνὶιίς,
910 3109 1013 3140 Ansam
1030 3111 1125 3142 Portae
1144 3113 1172 3142 iri
1189 3112 1258 3143 Cel-

198 3149 282 3186 laria,
308 3149 389 3179 ut&
415 3147 513 3177 Poriae
538 3146 669 3177 Civitatis
689 3147 802 3185 (vulgo
826 3149 921 3177 Novae
942 3148 1051 3185 dictae)
1079 3151 1096 3179 ὲ
1124 3150 1259 3182 Manibus

200 3187 404 3219 Dominorum
419 3185 688 3216 Commissariorum
703 3184 897 3215 Elec‘ioralium
911 3187 1166 3227 apprehenderunt,
1175 3199 1259 3220 cum-

199 3237 255 3265 que
276 3225 409 3256 Domum
430 3223 529 3254 reversi
550 3224 654 3262 essent,
673 3224 808 3260 praelecto
825 3224 921 3254 denuo
1096 3226 1256 3266 Mandato,

201 3267 235 3296 &
251 3263 410 3303 juramenti
426 3262 574 3293 Generalis
592 3262 770 3301 suprascripta
790 3262 924 3293 Formula
1090 3267 1192 3303 prioris
1208 3265 1255 3296 In-

201 3303 351 3333 strumenti
377 3301 543 3331 relaxatione
567 3302 703 3332 eventuali
728 3301 810 3339 (quia
836 3310 890 3331 tres
913 3301 1058 3333 Officiales
1088 3304 1257 3336 Landscriba

201 3341 414 3372 Neostadianus
431 3339 581 3377 Stephanus
599 3342 651 3369 An
688 3347 756 3369 treae
770 3339 906 3370 Cellarius
924 3341 954 3370 in
972 3340 1126 3378 Neustadt,
1143 3341 1256 3380 Johan-

200 3391 246 3409 nes
268 3379 443 3409 Leonhardus
459 3376 530 3417 Kast
549 3376 686 3408 Cellarius
704 3379 734 3406 iri
754 3378 885 3408 Rohutte
1101 3380 1257 3411 Matthaeus

203 3418 360 3457 Basmann,
387 3419 487 3454 partim
506 3415 697 3451 invalitudine,
716 3417 815 3452 partim
838 3416 894 3446 aliis
922 3415 1076 3447 necessariis
1103 3419 1138 3448 de
1161 3418 1259 3450 Causis

202 3457 346 3494 impediti,
365 3457 496 3491 aberant,
514 3455 615 3492 quibus
633 3463 779 3491 propterea
792 3454 951 3492 juramenti
971 3453 1111 3493 praestatio
1130 3457 1159 3486 in
1183 3457 1257 3488 aliud

202 3502 311 3530 ternpus
328 3495 460 3524 reservam
478 3492 550 3529 fuit)
571 3501 691 3530 quatuor
707 3493 818 3522 tantiitn
839 3493 870 3523 hi
891 3493 1037 3531 praesentes
1052 3516 1062 3531 ‚
1086 3493 1256 3532 Praefeeius,

203 3532 291 3569 vulgo
311 3532 496 3561 Amnum
515 3532 623 3569 dicius,
644 3533 734 3560 Lucas
755 3530 824 3560 Rohi
837 3554 846 3568 ,
860 3530 1017 3569 officialis,
1034 3532 1124 3571 vulgo
1144 3532 1257 3564 Lot-1.—

205 3577 436 3606 BEREUTTUR,
454 3569 602 3606 Johannes
620 3569 742 3608 Jacobus
758 3569 888 3607 Koberer,
907 3569 1057 3608 Officialis,
1073 3570 1165 3609 vulgo
1185 3570 1258 3602 UN-

205 3616 348 3640 GELTER
359 3630 366 3642 ,
382 3607 543 3637 Bcchtoldus
556 3608 685 3637 Nuboten
697 3630 706 3645 ,
724 3608 757 3638 &
771 3606 927 3639 Praefeeius
943 3610 972 3639 in
988 3608 1179 3647 Wintzingen
1194 3612 1256 3639 Lu-

204 3647 314 3675 davit-us
328 3646 472 3674 Fr.·der.v·cus
488 3646 660 3684 Maireaz'dt‚
679 3655 740 3676 tam
770 3645 907 3676 Dominis
930 3646 1140 3677 Commiffiiriis
1168 3650 1256 3686 Regiis

201 3685 235 3714 &
250 3682 419 3722 Seremffimae
438 3687 561 3713 Dum-nae
580 3683 737 3722 Elfflm‘a's,
756 3685 833 3721 prius
850 3683 959 3715 Dextra
973 3684 1053 3723 dati,
1071 3687 1255 3724 corporaliter

201 3733 316 3761 quoque
332 3723 457 3759 jurarunt
472 3731 551 3759 prou*
567 3722 674 3752 fictum
689 3722 729 3752 est
743 3721 948 3760 Germersheim:

242 3760 313 3798 Qio
329 3759 468 3795 p1.estito,
485 3760 553 3790 dit-‘ti
573 3759 697 3790 Domini
713 3759 910 3791 Commiffarii
923 3764 1016 3799 Regii,
1039 3762 1136 3792 omnia
1157 3762 1256 3794 haete—

203 3809 255 3829 nus
271 3799 368 3828 tradita
386 3799 414 3826 in
431 3799 536 3835 optima
556 3798 655 3829 Forma
671 3799 696 3828 se
708 3808 852 3834 acceptare
876 3800 1015 3837 dicentes,
1042 3799 1172 3830 restitutis
1190 3800 1258 3832 Cla-

203 3838 286 3867 vibus
303 3835 430 3876 Cellariae
454 3837 487 3866 ὃ(
513 3835 639 3874 Oppidi,
666 3845 713 3866 me
741 3837 814 3878 insta
835 3837 1020 3875 subscriptum
1044 3837 1202 3869 Notarium
1224 3849 1255 3871 ut

203 3876 268 3905 haec
287 3883 386 3903 omnia
403 3872 512 3902 solenni
530 3873 722 3905 instrumento
738 3876 887 3906 inlererem
906 3877 1003 3907 itidem
1021 3876 1171 3914 requifiver

237 3950 351 3981 Eodem
373 3947 432 3978 Die
450 3948 554 3979 oCtavo
568 3949 636 3988 Julii
653 3950 736 3981 Hora
767 3951 847 3981 uintft
863 3952 1087 3991 promeridianfi,
1105 3953 1136 3982 in
1157 3951 1260 3984 Castro

201 3990 258 4021 sive
276 3987 370 4026 Burgo
385 3985 553 4028 Fridelfheim
636 3989 730 4018 feriori
781 3990 915 4019 oenaculo
942 3990 1076 4028 Magno,
1108 3990 1260 4029 postquam

204 4027 328 4059 Domini
356 4024 555 4056 Commiffarii
572 4025 737 4056 EleHorales
749 4050 759 4064 ,
774 4026 954 4070 praesentibus
968 4028 1107 4060 Dominis
1121 4031 1206 4065 Regiis
1225 4031 1258 4062 &

622 139 1427 192 CONVENTIONES,

1494 142 1880 195 LITERAE,

1323 227 1495 267 Sereniffimae
1509 230 1635 259 Domine
1648 227 1791 258 Elem-icis
1804 227 2022 266 Commiffliriis,
2036 226 2198 267 vocatisque
2207 226 2278 259 dicti
2291 225 2374 267 Burgi
2389 236 2464 269 Am,
2478 236 2521 270 D,

1324 266 1468 297 Praefedto
1483 270 1582 296 Marco
1598 268 1704 310 Kietis,
1714 269 1752 310 .&
1765 267 1899 310 omnibus
1910 269 1969 306 ejus
1982 267 2067 312 Burgi
2087 267 2228 306 Subditis,
2252 265 2374 310 Causam
2411 277 2496 317 1613.

1323 304 1496 334 demandatae
1513 303 1733 335 Commiffionis
1747 305 1897 336 solenniter
1911 305 2117 345 exposuissent‚
2132 305 2295 343 le&umque
2308 304 2373 336 fuis-
2393 314 2519 354 ,θαι-μ

1322 342 1360 372 set
1383 351 1537 380 utrumque
1560 342 1730 372 Mandatum
1761 344 1794 374 ὃς
1819 342 1975 380 juramenti
1998 344 2132 374 Formula
2153 344 2276 382 specialis
2297 344 2375 381 supra

1325 379 1534 410 Vicedominio
1556 381 1585 410 in
1609 380 1749 418 Neustadt
1764 403 1774 418 ‚
1800 381 1940 420 proppsita
1959 382 2079 419 (Verbis
2095 390 2194 414 tamen
2209 382 2320 413 tantum
2337 381 2375 411 de

1322 417 1419 462 Burgo
1430 415 1598 462 Eridelfheim
1612 420 1780 457 conceptis)
1800 418 1892 449 dietus
1906 419 2181 488 Burgiol'raefectus,
2201 421 2280 452 Datfi
2296 421 2373 460 prius

1323 456 1460 486 Dominis
1471 459 1559 494 Regiis
1572 457 1606 488 δε
1620 457 1790 497 Sereniffimae
1808 456 1950 487 EleHricis
1979 458 1989 467 “
2011 457 2169 489 mmiffiiriis
2181 458 2374 498 Dextrigcor-

1323 495 1452 532 poraliter
1467 495 1568 526 Verbis
1581 494 1659 535 supra
1673 496 1794 526 recitatis
1810 496 1918 532 juravit.

1360 532 1433 571 Qio
1444 534 1577 572 peraeto,
1595 535 1719 565 Subditis
1732 535 1868 565 omnibus
1879 533 1949 564 dieti
1964 532 2052 571 Burgi
2073 534 2188 572 sequens
2209 534 2373 574 specialibus

1323 569 1427 602 Verbis
1440 572 1570 610 praelecta
1585 572 1638 604 fuit
1651 572 1811 611 Juramenti
1828 571 1979 611 Formula3

1358 608 1420 640 Vos
1430 610 1600 648 spondebitis
1614 612 1646 642 &
1655 611 1799 649 jurabitis,
1819 609 2068 648 quandoquidem,
2084 609 2276 642 Sereniffimus
2287 612 2372 643 Prin-

1320 657 1388 686 ceps
1405 649 1438 680 &
1452 648 1599 679 Dominus
1616 650 1765 679 fridericus
1777 650 1902 688 Quintus
1918 647 2064 679 Palatinus
2079 652 2168 678 Comes
2183 649 2280 687 Rheni,
2293 649 2372 682 Sacri

1320 685 1452 717 Romani
1465 687 1578 726 Imperii
1596 688 1790 727 Archidapiser
1806 689 1838 719 &
1854 688 1988 725 Princeps
2002 686 2117 718 Eledtor
2127 709 2138 726 ‚
2155 685 2224 717 Dux
2238 687 2371 728 Bavariae,

1321 724 1468 756 Dominus
1484 726 1578 756 noster
1603 725 1864 764 Clementisfimus‚
1889 735 1937 763 per
1961 725 2067 757 Literas
2088 725 2146 756 suas
2166 724 2306 763 Parentes,
2323 736 2372 766 ge—

1321 773 1413 794 rentes
1430 763 1535 794 Datam
1552 767 1641 794 Primo
1655 764 1747 804 Julii,
1765 764 1855 794 Anno
1872 764 2020 795 millefimo
2035 763 2236 795 sexcentesimo
2253 762 2371 796 decimo

1319 803 1422 839 tertio,
1441 803 1512 834 inter
1526 803 1591 841 alia,
1609 803 1776 843 Seremffimae
1800 805 1925 833 Dominae
1945 801 2122 833 Elizabethae
2143 801 2244 840 Conju
2265 803 2275 832 i
2296 813 2370 841 prae-

1318 840 1524 879 dilectissimae,
1543 851 1597 879 pro
1621 842 1800 879 competenti
1820 841 1979 872 Refidentia
1991 840 2079 873 suain
2094 840 2190 872 casum
2210 840 2245 870 Vi
2268 842 2371 883 uitatis,

1319 879 1425 910 Arcem
1442 881 1475 911 &
1489 880 1614 918 Burgum
1631 878 1817 918 Fridelsheim‚
1833 889 1902 910 cum
1915 880 2050 910 omnibus
2067 879 2118 910 suis
2137 878 2256 918 Juribus
2275 879 2370 911 Servi-

1318 918 1361 948 tiis
1379 920 1411 950 &
1431 917 1608 949 Pertinentiis
1622 941 1632 957 ‚
1657 920 1691 949 ad
1711 918 1869 950 tenendum
1896 917 2094 956 possidendum
2120 917 2255 949 utendum
2276 918 2371 950 fruen-

1318 955 1446 994 dumque
1459 958 1603 996 assignavit
1617 958 1650 987 &
1666 958 1824 994 destinavit,
1838 956 1918 994 juxta
1926 955 2077 987 'renotem
2090 955 2249 988 Literarum
2265 956 2370 989 Paten-

1317 996 1390 1025 tium
1406 994 1519 1032 desuper
1532 995 1755 1034 conscriptarum
1769 996 1800 1026 &
1815 995 2007 1035 sigillatarum,
2026 1003 2056 1025 ut
2073 996 2156 1034 igitur
2167 995 2199 1025 in
2222 995 2305 1026 talem
2320 1005 2368 1027 ca·

1318 1034 1381 1064 sum
1399 1034 1464 1071 (qui
1480 1035 1509 1064 in
1528 1034 1661 1064 Manibus
1674 1033 1731 1065 Dei
1743 1033 1848 1073 pofitus
1859 1032 1918 1070 est)
1940 1033 1985 1064 sua
1999 1033 2165 1072 Sereniffima
2187 1032 2368 1075 Celfitud0,ut

1317 1080 1398 1103 tanto
1412 1073 1510 1103 melius
1524 1073 1557 1104 δε
1573 1072 1692 1103 securius
1706 1073 1759 1103 illis
1773 1072 1859 1102 Locis
1877 1073 1911 1103 &
1921 1071 2035 1110 Juribus
2049 1071 2106 1102 frui
2120 1073 2153 1104 &
2169 1075 2290 1112 gaudere
2303 1083 2368 1112 pos-

1317 1110 1365 1149 sit,
1405 1111 1464 1140 uod
1481 1120 1533 1140 vos
1544 1112 1660 1148 inquam
1677 1119 1689 1142 t
1763 1120 1794 1140 m
1812 1111 1846 1142 δι’,
1857 1111 1887 1139 iii
1907 1109 1989 1141 talem
2006 1110 2120 1148 casum,
2158 1110 2304 1142 raedietam
2318 1115 2365 1142 Se-

1315 1152 1374 1179 reni
1392 1158 1474 1178 tmam
1489 1152 1636 1179 Dominam
1652 1148 1850 1180 Elizabetham
1862 1157 1915 1187 pro
1931 1147 2062 1186 Principe
2075 1150 2110 1180 δε
2179 1150 2255 1180 mina
2277 1150 2368 1182 vestra

1315 1197 1363 1219 rec
1407 1188 1536 1225 noscere,
1555 1187 1646 1218 eidem
1659 1197 1749 1218 omne
1761 1187 1890 1219 debitum
1904 1186 2083 1226 Obsequium
2096 1188 2129 1219 &
2144 1187 2241 1219 Fidem
2275 1189 2367 1220 raesta-

1315 1235 1361 1264 re,
1413 1235 1492 1256 amna
1512 1228 1568 1263 ejus
1584 1235 1636 1263 pro
1652 1226 1769 1256 Viribus
1785 1234 1927 1262 avertere,
1944 1235 2016 1255 corn
2269 1228 2367 1258 delitet

1475 1266 1507 1296 &
1523 1266 1550 1294 in
1565 1263 1674 1295 summa
1690 1265 1787 1294 omnia
1944 1264 2051 1301 velitis,
2075 1273 2158 1302 quae,
2182 1264 2199 1294 a
2224 1263 2368 1297 Fidelibus

1313 1301 1457 1340 Subditis,
1472 1311 1535 1341 erga
1551 1302 1716 1340 Principem
1729 1304 1762 1334 &
1777 1301 1958 1340 Superiorem
1980 1302 2058 1332 suam
2076 1303 2112 1332 de
2127 1301 2198 1341 Jure
2222 1302 2256 1334 &
2281 1303 2367 1335 Con-

1310 1340 1455 1371 suetudinc
1468 1350 1663 1379 requiruntur,
1680 1340 1796 1372 fideliter
1811 1342 1846 1372 &
1859 1339 1917 1371 fine
1931 1341 2012 1371 omni
2027 1339 2142 1372 Fraude.

1348 1377 1418 1409 Hac
1443 1379 1539 1410 auditi
1561 1389 1664 1410 omnes
1686 1380 1719 1410 ὅ(
1739 1379 1837 1418 singuli
1857 1378 1927 1410 dieti
1946 1377 2114 1416 Fridelsheim
2131 1378 2259 1418 Subditi,
2286 1378 2365 1412 Data

1310 1417 1780 1496 ‘iz‘gqszizisssiffffffiisss
1788 1416 2362 1494 ῧὲἱὲῗξῗέἐίῗυξίῗῗειέῗξῗὲἓίΡΟΨΟ·

1351 1494 1424 1532 Qio
1439 1494 1583 1534 praestito,
1609 1494 1735 1525 Domini
1757 1493 1953 1526 Commissarii
1975 1494 2145 1525 Eleaorales
2163 1494 2278 1532 professi
2300 1493 2364 1527 sunt

1314 1532 1342 1563 se
1359 1532 1500 1563 Dominis
1516 1536 1604 1572 Regiis
1620 1534 1653 1565 &
1669 1531 1838 1571 Serenifflmae
1854 1536 1977 1564 Domine
1992 1532 2133 1564 Eletzricis
2142 1532 2363 1572 Commissariis,

1313 1570 1447 1602 Castrum
1463 1572 1522 1602 hoc
1539 1573 1595 1603 five
1610 1571 1736 1610 Burgum
1751 1570 1934 1610 Fridelfheim‚
1958 1580 2091 1611 tanquam
2112 1574 2141 1602 in
2161 1581 2297 1603 eventum
2320 1573 2361 1603 di-

1313 1609 1369 1640 &ae
1383 1609 1553 1649 Sereniffimae
1568 1613 1693 1640 Dominae
1709 1609 1838 1641 Elellrici
1857 1610 2040 1641 constitutam
2064 1609 2255 1642 Residentiam
2265 1633 2275 1648 ‚
2292 1620 2364 1641 curn

1311 1649 1448 1679 omnibus
1458 1649 1573 1686 Juribus
1587 1648 1712 1679 Servitiis
1725 1658 1759 1680 ac
1774 1648 1967 1686 Pertinentiis‚
1986 1648 2110 1686 tradere,
2125 1650 2210 1687 inque
2232 1649 2292 1686 ejus
2311 1659 2362 1679 ve-

1312 1695 1372 1717 ram
1384 1696 1417 1718 ac
1432 1688 1611 1724 corporalem
1628 1686 1834 1718 Poffeffionem
1851 1688 2005 1718 immittere
2019 1709 2028 1725 ‚
2046 1688 2079 1718 &
2094 1688 2124 1718 in
2140 1687 2220 1726 hujus
2237 1687 2362 1726 Signum

1312 1723 1414 1755 Claves
1429 1725 1522 1756 Castri
1537 1725 1697 1765 saepedicti,
1715 1735 1746 1757 ut
1760 1727 1791 1756 &
1809 1724 1955 1764 Cespitern
1969 1725 2081 1756 diversis
2095 1725 2242 1757 Arborum
2254 1725 2363 1757 Surcu-

1309 1763 1340 1793 lis
1354 1763 1387 1794 δε
1402 1764 1548 1795 Frutstibus
1558 1764 1715 1795 omnifariis
1727 1764 1860 1795 refertum
1870 1786 1881 1802 ‚
1898 1764 1978 1795 dietis
1992 1763 2126 1794 Dominis
2154 1764 2365 1796 Commiffariis

1309 1802 1339 1832 in
1357 1801 1465 1833 Manus
1478 1802 1661 1833 tradiderunt:
1681 1803 1743 1841 Qui
1759 1801 1835 1832 hisce
1848 1803 1972 1840 acceptis
1985 1803 2084 1841 egresfi
2100 1801 2205 1833 Ansam
2220 1801 2316 1834 Portae
2331 1804 2362 1833 in

1308 1839 1391 1871 dicto
1406 1840 1518 1880 Buxgo,
1536 1842 1552 1871 ὲ
1582 1840 1718 1871 Manibus
1742 1840 1942 1871 Dominorum
1963 1838 2230 1872 Commiffariorum
2254 1840 2364 1872 Eleae-

1306 1877 1408 1908 ralium
1421 1879 1680 1918 apprehendentes,
1696 1880 1795 1910 omnia
1807 1878 1943 1910 hastenus
1964 1879 2062 1909 tradita
2081 1878 2108 1909 se
2128 1889 2196 1910 acce
2215 1888 2273 1910 tare
2287 1880 2365 1910 affir-

1309 1926 1441 1955 marunt,
1460 1918 1626 1956 redditisque
1640 1917 1784 1950 Praefeeio
1800 1916 1893 1948 Castri
1911 1916 2068 1956 Clavibus‚
2084 1926 2132 1948 me
2149 1918 2185 1950 de
2196 1927 2265 1956 uper
2279 1927 2311 1951 ut
2328 1919 2363 1951 &

1306 1956 1386 1988 hunc
1400 1956 1497 1989 aetum
1511 1956 1605 1988 Instru
1763 1955 1911 1988 insererem
1928 1956 2141 1995 requisiverunt.

1340 2031 1452 2081 Pon-o²
1469 2036 1526 2064 Die
1543 2036 1649 2064 Veneris
1663 2032 1762 2064 Nono
1774 2033 1862 2073 Julii,
1879 2033 1970 2066 Anno
2011 2032 2140 2070 raedffio,
2152 2031 2237 2064 Hora
2251 2032 2365 2066 decim&

1308 2071 1452 2104 Matutina
1466 2094 1477 2111 ,
1503 2073 1521 2093 *¹³
1548 2072 1761 2103 Frankenthalii
1773 2097 1783 2113 ‚
1801 2074 1831 2103 in
1853 2071 1961 2103 Domo
2006 2072 2098 2110 vulgo
2117 2069 2274 2111 Kauffhaus
2286 2071 2364 2103 dicta

1306 2110 1520 2149 saepenominati
1547 2111 1673 2143 Domini
1700 2114 1774 2149 Regii
1794 2112 1828 2142 δε
1856 2110 2028 2152 Serenifflmae
2060 2113 2188 2141 Dominae
2221 2110 2362 2141 Eleaezricis

1306 2147 1518 2189 commissarii,
1673 2150 1707 2180 &
1725 2150 1852 2181 Domini
1867 2148 2063 2180 commissarii
2078 2147 2246 2180 Electorales
2259 2151 2375 2181 iterum-

1306 2198 1525 2228 converierunt3
1832 2187 2065 2226 Convocatisque
2079 2188 2129 2218 fibi
2362 2208 2366 2216 f

1577 2229 1688 2264 Georgia
1705 2229 1762 2256 Ger
1991 2227 2025 2258 &
2043 2228 2069 2255 G
2366 2244 2371 2254 2

1303 2265 1439 2306 Stephano
1459 2269 1501 2297 De
1570 2288 1580 2303 ,
1601 2265 1790 2304 omnibusque
1982 2266 2046 2295 ibus
2069 2264 2102 2294 &
2124 2263 2247 2296 Civibus
2268 2266 2305 2296 ab
2322 2265 2374 2296 E-.

1305 2305 1484 2337 lectoralibus
1509 2302 1743 2343 Commissariis,
1763 2302 1887 2344 appofita
1908 2303 1964 2336 fuit
1986 2303 2188 2342 Delegationis
2211 2305 2246 2336 δε
2268 2304 2365 2336 Com·

1306 2344 1445 2374 missionis
1457 2343 1553 2381 causa,
1573 2343 1723 2381 Lectoque

1306 2381 1449 2413 Mandato
1466 2383 1498 2413 ὅ(
1513 2382 1625 2420 speciali
1656 2382 1794 2412 uramenti
1814 2379 1922 2412 Formi
1945 2380 2043 2420 (supra
2062 2378 2305 2413 Vicedominium
2325 2381 2362 2413 de

1304 2420 1443 2459 Neustadt
1455 2420 1600 2460 proposita
1644 2421 1716 2451 erbis
1731 2429 1824 2451 tamen
1837 2428 1949 2451 tantum
1969 2419 2005 2451 de
2018 2419 2138 2459 Oppido
2154 2420 2366 2452 Franci-eutha}

1304 2461 1453 2498 conceptis
1465 2463 1477 2495 )
1504 2460 1664 2497 praeviaque
1685 2459 1784 2497 prioris
1801 2456 1964 2497 juramenti
1998 2459 2167 2489 relaxatione
2184 2481 2194 2497 ‚
2230 2460 2361 2497 praediCti

1304 2498 1363 2528 duo
1466 2507 1510 2527 rus
1524 2498 1557 2528 &
1570 2496 1682 2527 Praetor
1701 2495 1975 2537 Franckenthalenfis
1987 2520 1997 2535 ‚
2013 2496 2092 2528 Datfi
2106 2495 2243 2528 Dominis
2263 2497 2362 2528 Corn-

1303 2535 1430 2565 missariis
1444 2538 1533 2572 Regiis
1548 2536 1581 2565 &
1594 2535 1765 2573 Seremffi‘mae
1782 2537 1907 2565 Dominae
1930 2535 2072 2565 Eletlricis
2098 2533 2226 2573 Dextri,
2251 2544 2360 2574 corpo-

1302 2574 1394 2603 raliter
1406 2572 1506 2602 Verbis
1521 2573 1757 2610 saepememoratis
1764 2573 1903 2609 jurarunt:

1342 2610 1499 2650 Posteaque
1513 2610 1639 2641 Domini
1655 2609 1851 2641 Commissa-it
1866 2610 2036 2640 Elec'lorales
2054 2609 2233 2642 affirmarunt
2248 2610 2298 2648 ἰὸς
2313 2612 2357 2643 vi-

1304 2658 1375 2684 gore
1387 2650 1497 2687 accepti
1521 2648 1651 2680 Mandati
1671 2649 1841 2689 Seremffimae
1868 2652 1993 2679 Domine
2017 2647 2165 2686 Eleatici,
2183 2658 2233 2687 per
2250 2648 2362 2681 Manus

1303 2687 1504 2718 Dominorum
1518 2686 1788 2718 Commiffiiriorum
1809 2690 1948 2724 Regiorum
1968 2688 2002 2718 &
2023 2686 2140 2717 suorum
2156 2709 2166 2724 ,
2195 2687 2302 2718 tradere
2322 2697 2359 2721 ac

1301 2726 1403 2756 cedere
1419 2726 1518 2755 realem
1533 2735 1565 2756 ac
1575 2726 1754 2765 corporalem
1762 2724 1969 2756 Possesfionem
1976 2724 2085 2763 Oppidi
2098 2734 2133 2756 ac
2141 2724 2237 2756 Castti
2251 2729 2359 2757 Franc-

1300 2763 1502 2803 kenthalenfis‚
1521 2773 1655 2802 tanquam
1670 2765 1699 2793 in
1718 2772 1856 2795 eventum
1872 2763 1958 2794 dictae
1978 2762 2150 2802 Sereniffimae
2169 2766 2295 2795 Dominae
2311 2767 2365 2794 Ε-’

1300 2801 1403 2832 Ιεέῖνίιι·
1415 2801 1580 2833 constitutae
1596 2801 1786 2839 Residetitiae,
1803 2810 1872 2832 curn
1886 2801 2021 2832 omnibus
2029 2800 2145 2839 Juribus
2161 2811 2194 2833 ac
2208 2802 2360 2840 Pertinen-

1301 2841 1344 2871 tiis
1369 2841 1527 2877 (reservatis
1546 2850 1643 2872 tamen
1663 2841 1697 2871 ὃς
1718 2840 1810 2877 salvis,
1840 2840 1959 2871 Tenore
1984 2840 2144 2871 Literarum
2175 2840 2363 2881 Patentium,

1299 2880 1436 2910 omnibus
1445 2878 1559 2918 Juribus
1572 2882 1605 2911 &
1620 2878 1779 2915 Privilegiis
1793 2878 1861 2909 huic
1879 2879 1965 2909 Loco
1980 2879 2013 2908 &
2030 2877 2151 2910 Civibus
2165 2879 2238 2919 ejus,
2255 2881 2271 2911 a
2284 2890 2357 2920 prae-

1299 2918 1467 2949 decentibus
1489 2917 1618 2948 Palatinis
1640 2917 1821 2955 Principibus
1835 2938 1845 2954 ‚
1868 2916 2061 2948 laudatissimae
2084 2915 2259 2958 Memoriae,
2283 2920 2357 2950 olim

1300 2956 1440 2988 concessis
1455 2956 1488 2987 &
1501 2955 1651 2995 usurpatis)
1671 2956 1791 2993 haecque
1809 2954 1903 2987 facere
1918 2955 2032 2993 optima
2047 2954 2152 2986 Forma
2168 2956 2202 2986 ὃ(
2225 2955 2335 2988 Modo.

1336 2994 1426 3026 Hisce
1441 2993 1573 3032 peraffls,
1588 3004 1690 3025 omnes
1702 3004 1735 3025 ac
1750 2993 1848 3032 singuli
1869 2993 1980 3031 Op'pidi
2006 2993 2275 3035 Franckenthalenfis
2302 2995 2356 3028 Se·

1299 3041 1408 3064 natores
1422 3034 1455 3065 &
1468 3031 1574 3072 Cives,
1595 3034 1684 3070 priori
1699 3034 1727 3063 in
1741 3040 1878 3062 eventum
1892 3033 2010 3063 relaxato
2019 3031 2207 3071 juramento,
2221 3035 2254 3064 ὃ(
2278 3039 2363 3073 ρι’κέ.

1298 3072 1371 3103 lecta
1385 3071 1484 3102 eadem
1495 3081 1533 3108 qu
1588 3071 1714 3101 Subditis
1729 3072 1758 3100 in
1771 3069 1940 3108 Fridelfheim
1959 3070 2100 3108 propofita
2114 3070 2236 3107 (Verbis
2257 3081 2353 3105 tamen

1298 3111 1336 3141 de
1351 3110 1471 3148 Oppido
1483 3109 1694 3139 Franckenthal
1707 3110 1871 3145 conceptis)
1888 3109 2047 3146 juramenti
2062 3108 2182 3148 Forma,
2200 3110 2354 3149 postquam

1298 3149 1440 3179 Dominis
1455 3151 1541 3185 Regiis
1555 3149 1588 3180 &
1605 3148 1776 3187 Sereniffimae
1796 3150 1921 3176 Domine
1943 3146 2122 3176 Elizabethae
2145 3146 2356 3182 Commiss'ariis

1298 3186 1440 3218 Dextram
1448 3184 1983 3224 dediflent‚corp0raiiterjuramentum
1994 3185 2146 3216 Fidelitatis
2152 3187 2361 3223 praestiterunt..

1336 3226 1410 3261 Quo
1429 3224 1555 3263 praestito
1570 3247 1579 3261 ‚
1605 3224 1712 3261 praefati
1743 3223 1869 3255 Domini
1892 3223 2089 3254 Commissarii
2112 3224 2298 3265 Elelhmles,
2317 3228 2348 3258 in

1297 3263 1418 3302 Signum
1442 3273 1536 3293 revera
1557 3262 1642 3293 faetae
1660 3262 1835 3294 Traditionis
1860 3263 1894 3293 ὃ(
1919 3261 2120 3300 immissionis,
2143 3262 2247 3295 Claves
2269 3265 2353 3296 Arcis

1296 3302 1353 3333 five
1372 3300 1558 3332 Schaffneriae
1580 3300 1604 3330 P
1779 3323 1789 3338 ‚
1807 3309 1838 3330 ut
1859 3301 1892 3332 &
1915 3300 2018 3332 Claves
2039 3300 2149 3340 Oppidi
2195 3303 2252 3333 una
2281 3311 2351 3334 cum

1297 3349 1317 3380 g
1448 3337 1660 3381 five-Particula
1736 3377 1741 3381 ¹
1764 3348 1802 3368 rae
1817 3338 1930 3369 diverfis
1945 3338 2095 3369 Fruffibus
2108 3340 2142 3372 &
2157 3324 2287 3372 {floribus
2300 3350 2348 3370 or-

1296 3387 1375 3417 nata,
1394 3376 1531 3407 Dominis
1546 3375 1755 3406 Commiffariis
1769 3379 1857 3413 Regiis
1872 3378 1905 3408 &
1931 3377 2106 3418 Sereniffimae
2132 3380 2257 3409 Dominae
2279 3377 2348 3408 Ele—

1296 3418 1384 3447 Ct'ricis
1398 3417 1427 3445 iri
1444 3414 1550 3445 Manus
1565 3414 1755 3453 tradiderunt3
1773 3415 1820 3445 his
1836 3426 1870 3445 ue
1881 3416 2004 3453 acceptis
2015 3439 2024 3454 ‚
2039 3414 2138 3455 egreffi
2154 3416 2222 3447 dicii
2237 3415 2346 3446 Domi·

1297 3457 1329 3486 ni
1342 3452 1536 3485 Commiss‘arii
1548 3452 1594 3482 Re
1615 3454 1635 3483 ii
1710 3453 1806 3484 Portae
1850 3454 1975 3485 benensis
1987 3454 2021 3485 &
2033 3453 2232 3491 Schaffneriae,
2245 3452 2346 3484 Mani·

1297 3494 1349 3523 bus
1363 3492 1564 3522 Dominorum
1607 3491 1850 3523 ommissariorum
1872 3491 2070 3522 Elecfforalium
2091 3490 2347 3532 apprehendentes,

1297 3531 1324 3562 se
1335 3531 1432 3561 omnia
1447 3530 1581 3560 hactenus
1595 3530 1694 3560 tradiza
1709 3532 1738 3560 in
1753 3532 1863 3567 optima
1877 3530 1982 3561 Forma
1994 3539 2142 3569 acceptare
2157 3529 2346 3568 affirmarunt,

1296 3569 1330 3599 &
1346 3568 1486 3600 Clavibus
1499 3567 1670 3598 Schaffnero
1682 3570 1714 3600 &
1727 3568 1847 3600 Praetori
1863 3567 2013 3607 restitutis,
2031 3578 2079 3600 me
2093 3577 2124 3600 ut
2137 3568 2201 3599 haec
2221 3567 2347 3601 similiter

1295 3606 1489 3638 Instrumento
1503 3606 1649 3637 insererem
1666 3607 1876 3646 requisiverunt.

1333 3683 1393 3715 Die
1408 3682 1501 3713 Lunae
1514 3683 1689 3714 duodecimo
1700 3682 1787 3722 Julii,
1805 3682 1885 3714 Anni
1898 3682 2042 3722 ejusdem,
2059 3679 2144 3712 Hora
2156 3681 2235 3712 noni
2248 3673 2362 3715 Maru-⁴

1296 3724 1375 3760 tina,
1392 3721 1509 3752 Altzeae
1529 3722 1558 3751 in
1579 3723 1654 3752 Arce
1669 3745 1678 3759 ,
1702 3722 1788 3760 inque
1808 3720 1950 3751 Conclavi
1974 3719 2121 3752 Elerrali
2145 3719 2225 3750 dic‘to
2239 3743 2247 3758 ,
2262 3722 2349 3759 saepe-

1298 3761 1449 3791 memorati
1465 3759 1589 3789 Domini
1604 3763 1678 3797 Regii
1695 3760 1728 3791 &
1751 3758 1922 3798 Sereniffimae
1944 3760 2069 3787 Domine
2089 3756 2234 3788 Eleli'ricis
2252 3758 2348 3792 Com.

1299 3799 1431 3836 miisarii,
1449 3798 1481 3828 &
1501 3797 1621 3828 Domini
1641 3797 1835 3828 Commissarii
1858 3794 2025 3825 Eleffmles
2038 3817 2048 3833 ,
2075 3795 2173 3826 denuo
2200 3807 2348 3831 convene-

1296 3845 1381 3874 runt,
1399 3837 1531 3873 brevique
1545 3834 1765 3866 Commiffionis
1777 3836 1810 3866 &
1826 3833 2029 3865 Mandatorurn
2037 3834 2099 3872 jam
2120 3834 2180 3865 satis
2201 3836 2350 3876 explorato

1297 3876 1416 3906 Tenore
1433 3874 1596 3911 praemisso,
1613 3874 1777 3905 Generosus
1790 3871 1937 3902 Dominus
1959 3869 2096 3910 Philippus
2117 3874 2192 3904 Baro
2215 3873 2234 3904 ax
2261 3877 2347 3906 Win-
2362 3910 2365 3913 y

1298 3913 1412 3950 nenberg
1427 3910 1466 3946 ὀ·
1483 3911 1643 3952 Beielstein‚
1658 3911 1842 3951 Burggravius
1864 3911 1895 3940 in
1914 3909 2035 3948 Aitzea,
2056 3911 2171 3941 remifl'o
2192 3911 2243 3943 fibi
2261 3914 2363 3951 priori.

1298 3954 1325 3982 in
1340 3958 1475 3983 eventum
1488 3950 1666 3988 juramenti,
1684 3952 1712 3980 in
1730 3949 1857 3989 praelecta
1867 3947 2025 4016 {immenti
2047 3947 2150 3986 Capita
2171 3949 2362 3992 suprascriptav

1298 3988 1466 4029 paratiffime
1483 3989 1508 4018 se
1522 3990 1682 4027 juraturum
1698 3987 1855 4027 professus,
1905 3986 1949 4017 ata
1962 3985 2099 4017 Dominis
2116 3990 2205 4025 Regiis
2221 3990 2255 4020 δε
2272 3992 2348 4023 Sere-

1298 4028 1406 4069 mffimae
1422 4029 1547 4057 Domine
1564 4026 1739 4058 Elizabethae
1755 4023 1961 4058 Cominiffariis
1974 4023 2101 4063 Dextra,
2119 4027 2262 4066 corporale
2276 4036 2352 4096 lating

2382 2097 2398 2113 '¹
2413 2097 2496 2135 XVI.¹

2382 2137 2445 2173 7⁶4·
