2557 4279
73 230 201 264 Ann.D.

97 273 180 307 1(03.

80 321 89 337 ι
102 309 172 348 Jac.
183 318 206 336 ι.
226 307 320 345 Raign
334 305 371 335 os
380 303 511 342 England
527 302 633 332 france
651 302 709 333 and
724 301 850 340 Ireland,
867 303 922 333 and
944 303 981 332 of
1001 301 1139 332 scotland
1162 301 1210 332 the
1235 302 1291 332 fixe
1339 300 1501 340 d'Irlande,
1514 300 1554 336 ό·
1568 313 1602 332 en
1616 301 1646 332 la
1659 309 1751 332 trente
1764 301 1802 337 (θ’
1810 301 1924 343 fixieme
1933 304 1966 334 de
1980 303 2046 335 celus·
2064 304 2197 345 d’Ecoſje.

75 350 94 366 ²*
108 349 190 379 AVI.

80 396 143 423 530·

219 147 274 196 ⁸4

267 228 374 268 Gyven
383 234 409 258 at
430 236 480 255 our
498 227 597 254 Honor
611 222 647 263 of
656 227 815 264 Hampton,
844 225 892 254 the
913 224 1045 255 fixteenth
1060 223 1126 264 Day
1150 225 1187 254 of
1204 224 1290 264 July,

228 278 284 299 one
300 265 435 298 thousand
452 265 505 294 snzc
522 263 650 293 hundred
667 263 721 293 and
735 264 832 300 three,
851 265 881 294 in
897 264 946 294 the
963 262 1020 293 first
1036 263 1129 294 Yeare
1147 264 1167 283 *Ξ
1188 264 1224 294 of
1234 274 1288 294 our

227 346 282 376 and
299 343 417 375 thirtith.

835 381 889 408 Per
907 377 991 418 ipsum
1010 382 1115 416 Regem.

332 457 402 488 The
420 455 605 495 Description
624 455 663 486 os
677 455 726 487 the
744 454 873 486 Persons.

269 538 314 566 Sir
331 532 447 573 GrJffjn
464 532 618 563 Markham
636 532 702 563 harh
717 542 732 562 a
753 532 846 571 lardgc
865 531 973 562 broade
993 531 1068 561 Face
1081 552 1090 568 ,
1114 529 1152 560 of
1161 539 1176 559 a
1195 529 1296 561 Bleake

234 574 449 610 Complexion,
469 581 484 601 a
501 573 587 612 bigge
607 571 709 609 Nose,
725 581 782 601 one
803 572 840 601 of
856 571 898 600 his
914 570 1014 600 Hands
1033 578 1063 606 ys
1085 568 1208 608 mayned
1225 569 1262 608 by
1280 578 1297 598 a

231 613 310 644 Hurr
330 612 360 642 in
386 611 428 641 his
455 611 544 641 Arme
569 613 704 640 receaved
730 611 767 648 by
795 609 841 639 the
866 609 931 639 {hor
957 608 993 638 os
1004 617 1019 637 a
1046 606 1153 644 Buller,
1171 607 1208 636 he
1230 607 1297 636 hath

232 652 334 682 thinne
351 650 406 680 and
427 649 483 679 litle
503 649 593 679 Haire
619 658 697 686 upon
721 648 765 678 his
788 647 896 684 Beard,
915 645 949 676 all
966 646 1010 675 his
1028 644 1163 675 Brethren
1183 655 1229 675 are
1248 646 1296 675 tall

234 690 271 720 of
280 690 391 719 Stature
409 696 486 727 yong
499 689 552 718 and
570 687 694 719 without
719 696 772 725 any
796 685 869 715 l-lair
891 695 932 714 on
957 684 1047 714 theire
1073 683 1160 713 Faces
1173 706 1183 721 ,
1199 683 1236 713 of
1249 692 1298 714 ex-

233 728 355 767 ceeding
378 727 474 765 swarty
500 727 555 757 and
580 726 635 756 bad
660 724 885 764 Complexions,
905 722 961 753 and
985 722 1060 753 have
1080 722 1114 752 all
1133 731 1200 760 very
1217 730 1297 761 great

235 767 339 798 Noses.

275 804 400 834 William
415 801 529 842 Watsbn
545 802 634 833 Pi-iest
652 804 673 832 is
686 811 702 831 a
717 801 789 831 Man
805 799 842 830 of
851 800 902 829 the
917 798 1017 829 lowest
1037 798 1113 837 sort,
1138 799 1226 829 about
1242 798 1297 830 fixe

236 845 292 876 and
304 844 389 882 thirty
404 842 509 872 Yeares
523 843 558 872 of
574 842 653 881 Age,
671 841 713 869 his
731 839 818 869 Haire
835 839 954 869 betwixt
971 848 986 868 a
1011 838 1081 867 bran
1100 837 1155 867 and
1188 836 1298 876 flaxen,

237 884 275 915 he
290 881 410 913 looketh
428 880 538 917 asquint
553 883 607 910 and
628 889 658 917 ys
677 888 742 918 very
762 877 922 915 purblynd,
942 877 988 907 soe
1005 885 1033 906 as
1050 875 1084 915 yf
1094 875 1132 906 he
1150 875 1230 906 reade
1244 886 1299 915 any

238 923 321 961 thing
339 921 377 951 he
396 919 505 957 putteth
525 919 571 949 the
592 918 632 948 Pa
652 927 680 947 er
698 926 782 947 neere
801 924 831 945 to
853 916 894 945 his
916 914 1005 955 Eyes,
1023 914 1060 944 he
1080 914 1131 946 did
1149 924 1240 946 weare
1256 916 1299 946 his

238 960 329 991 Beard
347 967 373 989 at
393 958 487 996 length
504 957 540 987 os
552 957 602 987 the
631 964 696 985 ame
714 953 832 985 colored
852 953 937 984 Haire
955 964 982 984 as
1009 963 1038 992 ys
1064 953 1107 983 his
1131 953 1228 992 Head,
1247 955 1298 985 but

237 998 428 1030 Information
447 1006 478 1032 ys
495 996 581 1034 given
601 994 657 1024 that
677 1003 764 1023 nowe
783 993 827 1022 his
845 991 933 1022 Beard
952 993 973 1022 is
990 1000 1061 1023 curt.

276 1038 319 1066 W
319 1035 406 1066 illiam
420 1035 518 1065 Clark-e
534 1032 622 1063 Priest
637 1041 666 1071 ys
681 1041 696 1061 a
721 1031 795 1061 Man
819 1032 857 1061 of
876 1030 982 1061 middle
1007 1031 1134 1068 stature,
1152 1030 1300 1071 inclyning

236 1084 269 1106 to
285 1075 335 1106 the
351 1076 439 1105 lower
456 1076 528 1109 iort,
544 1073 630 1101 about
649 1070 699 1100 the
716 1069 782 1108 Age
799 1069 836 1099 of
851 1069 904 1099 fixe
929 1069 985 1100 and
1010 1070 1098 1108 thirty
1117 1068 1240 1108 Yeares,
1257 1071 1300 1100 his

235 1114 325 1144 Haire
344 1115 364 1141 is
388 1112 518 1141 betwene
543 1110 590 1140 red
617 1110 670 1139 and
696 1108 819 1147 yellow‚
849 1108 885 1138 he
909 1107 1032 1147 keepeth
1056 1108 1100 1138 his
1116 1107 1204 1138 Beard
1221 1109 1298 1140 close

233 1160 293 1191 cut,
310 1152 348 1181 he
362 1160 391 1189 ys
409 1158 461 1179 not
478 1149 554 1179 leane
569 1157 624 1177 nor
639 1146 803 1185 corpulent‚
817 1148 869 1177 but
886 1148 1005 1178 betwixt
1016 1147 1200 1184 both‚rather
1211 1146 1299 1178 leane.

333 1279 382 1310 De
407 1271 604 1317 Commfflone
621 1272 746 1319 speciali
770 1283 826 1318 pro
844 1271 1022 1306 ‘Militibus
1048 1272 1209 1317 faciendis.

212 1400 217 1407 Α
238 1359 372 1419 REX,
391 1359 452 1390 &c.
472 1358 649 1389 Praedilectis
663 1360 696 1391 ὃς
712 1357 856 1389 Fidelibus
870 1356 1043 1389 Consiliariis
1059 1357 1178 1397 nostris,

348 1399 491 1429 Edwardo
504 1401 621 1429 Domino
635 1397 760 1435 Zouche,

275 1438 372 1469 Carolo
389 1441 506 1467 Domino
525 1440 687 1476 MountJoy‚

276 1476 427 1508 Willielmo
446 1479 560 1506 Domino
576 1476 683 1505 Knollis
696 1473 887 1505 Thes-„iuratio
901 1473 1030 1510 Hospitii
1043 1471 1151 1512 nostri,

276 1515 409 1556 Johanm'
424 1514 544 1555 Popham
562 1514 649 1543 Militi
664 1513 706 1543 Ca
730 1514 784 1542 itali
800 1511 963 1550 Justiciario
984 1510 1100 1550 nostro,

273 1554 423 1623 {riquardo
436 1557 522 1584 Bruce
538 1551 680 1591 Magistro
695 1522 874 1581 ffiotulorum
889 1549 1052 1580 nostrorum
1062 1573 1073 1588 ,

301 1601 314 1624 t

273 1615 410 1670 Joffnnm‘
427 1631 547 1661 Herbert
561 1628 649 1659 Militi
662 1626 796 1658 Secundo
806 1624 966 1657 Secretario
985 1625 1105 1666 nostro,

273 1670 409 1701 Salutem.

273 1709 356 1739 Cum
371 1708 457 1745 Nos,
474 1716 508 1736 ex
522 1706 606 1735 certis
621 1704 719 1735 Caufis
732 1704 914 1741 urgentibus,
932 1713 982 1741 per
997 1703 1102 1735 diversa
1124 1704 1223 1735 Brevia
1242 1705 1297 1736 no-

238 1747 311 1785 stra,
332 1749 465 1777 omnibus
487 1746 518 1775 δε
540 1744 651 1782 singulis
669 1743 902 1774 Vicecomitibus
923 1743 959 1773 de
989 1744 1119 1780 quolibet
1144 1742 1296 1775 Comitatu

236 1786 363 1816 Civitate
380 1787 412 1816 &
430 1785 522 1821 Burgo
539 1782 634 1820 Regni
657 1782 746 1812 nostri
773 1782 904 1820 Angliae,
931 1781 1179 1820 mandaverimus,
1197 1784 1298 1820 praeci-

235 1825 343 1864 piendo
358 1823 436 1862 quod
474 1821 573 1852 uilibet
587 1821 750 1859 hujusmodi
766 1819 940 1851 Vicecomes
956 1820 1124 1851 submonent
1143 1831 1244 1852 omnes
1262 1823 1297 1853 δε

236 1863 360 1900 fingulos
377 1863 445 1892 infra
483 1860 576 1891 allivas
590 1860 666 1896 suas,
685 1868 744 1890 tarn
759 1859 830 1889 infra
848 1859 1007 1889 Libertates
1019 1860 1108 1898 quam
1123 1859 1295 1897 exrra‚Ter-

237 1912 278 1932 ras
300 1902 482 1931 Tenementa
504 1899 548 1928 vel
568 1898 810 1929 Haereditamenta
829 1907 1038 1938 quaecumque,
1067 1898 1164 1928 Annui
1189 1898 1298 1929 Valoris

236 1940 437 1981 Quadraginta
453 1938 620 1976 Librarum,
643 1938 673 1966 in
693 1935 758 1967 Usu
786 1936 830 1967 vel
850 1935 1027 1966 Poffeffione
1049 1936 1200 1975 habentes,
1217 1938 1297 1977 quod

237 1987 422 2017 compareant
437 1976 471 2007 ad
487 1985 600 2006 certum
617 1975 707 2006 Diem
723 1976 757 2005 &
773 1974 891 2005 Locum
913 1976 943 2004 in
969 1974 1135 2012 hujusmodi
1161 1975 1299 2007 Brevibus

236 2025 407 2052 contentos,
431 2016 465 2045 ad
491 2014 688 2053 recipiendum
710 2013 854 2043 Ordinem
877 2012 1053 2052 Miliarem,
1068 2014 1149 2051 juxta
1172 2014 1298 2047 formam

237 2056 337 2086 Statuti
351 2058 379 2085 in
395 2053 560 2091 hujusmodi
575 2053 638 2084 casu
653 2052 721 2083 editi
736 2053 770 2084 &
785 2052 906 2091 provisi,

273 2094 374 2124 Sciatis
389 2092 469 2130 quod
487 2091 575 2129 Nos,
593 2092 629 2122 de
642 2091 836 2122 Fidelitatibus
865 2089 1012 2122 industriis
1028 2090 1061 2122 &
1082 2091 1208 2129 providis
1229 2092 1298 2124 Cir-

238 2132 500 2171 cuml'petlionibus
516 2130 614 2161 vestris
638 2129 793 2167 plurimum
812 2129 1005 2168 confidentes,
1030 2129 1229 2169 affignavimus
1247 2142 1300 2163 vos

236 2170 502 2202 Commiffionarios
531 2168 666 2206 nostros,
697 2169 732 2198 ad
757 2167 936 2199 maritandum
966 2170 1244 2200 communicandum
1265 2173 1298 2203 ὃς

237 2208 476 2247 componendum
493 2217 560 2238 cum
575 2208 709 2237 omnibus
723 2207 756 2238 &
768 2206 879 2246 singulis
886 2207 1012 2238 Subditis
1024 2208 1124 2237 nostris
1133 2210 1180 2247 qui
1197 2209 1301 2241 Finem

237 2248 388 2278 nobiscum
407 2247 499 2278 facere
512 2246 655 2277 voluerint
668 2254 722 2283 pro
739 2247 940 2277 exoneratione
953 2245 1085 2284 praedicti
1101 2246 1221 2278 Ordinis
1236 2248 1300 2278 Mi-

237 2287 321 2318 litaris
336 2286 392 2317 hac
407 2287 489 2323 vice,

275 2325 385 2355 Dantes
405 2324 438 2354 δε
460 2320 655 2354 concedentes
677 2323 760 2353 vobis
780 2322 827 2353 sex
855 2323 983 2391 ςυίηςὲε
1004 2332 1125 2361 quatuor
1146 2324 1236 2355 tribus
1254 2326 1300 2356 vel

237 2364 350 2395 duobus
364 2362 493 2393 vestrum
516 2361 628 2400 plenam
653 2361 860 2392 Auctoritatem
886 2361 920 2391 &
969 2362 1138 2401 otestatem,
1158 2373 1206 2400 per
1226 2363 1302 2395 Prae-

237 2404 341 2441 sente5‚
360 2403 394 2432 ad
408 2401 586 2432 tractandum
601 2399 634 2430 &
651 2399 892 2438 componendum
913 2399 1162 2432 determinandum
1177 2403 1210 2434 &
1228 2412 1299 2433 con-

240 2441 414 2472 cludendum
431 2448 500 2470 cum
519 2439 653 2469 omnibus
675 2439 708 2469 ὃς
731 2438 842 2477 fingulis
866 2437 949 2468 dietis
970 2439 1094 2470 Subditis
1113 2440 1231 2480 nostris,
1251 2442 1306 2480 qui'

240 2480 344 2511 Finem
361 2478 510 2508 nobiscum
524 2478 552 2506 in
566 2476 727 2512 hujusmodi
742 2476 807 2506 casu
822 2476 913 2506 facere
933 2477 1093 2514 voluerint,
1119 2488 1235 2510 necnon
1259 2489 1301 2511 ta-

241 2518 329 2549 xandi
343 2517 376 2550 &.
390 2514 695 2550 assidendihujusmodi
716 2514 799 2544 Fines
821 2514 856 2544 ad
876 2522 982 2543 certam
1004 2516 1190 2551 pecuniarum
1214 2517 1301 2547 Sum-

243 2565 341 2593 mam,
360 2563 445 2592 prout
461 2562 527 2583 curn
543 2552 669 2582 Subditis
687 2551 791 2582 nostn's
812 2552 970 2589 praedietis,
988 2561 1112 2589 quorum
1135 2554 1252 2585 interest
1270 2556 1299 2585 in

242 2595 298 2626 hac
314 2603 411 2632 parte,
429 2590 604 2621 concordare
626 2590 751 2626 poteritis
766 2611 776 2627 ‚
801 2589 836 2618 ad
858 2589 946 2619 Diem
972 2589 1028 2619 five
1051 2590 1121 2620 Dies
1141 2591 1300 2623 Solutionis

241 2631 406 2670 hujuimodi
419 2630 535 2660 Finium
551 2627 687 2658 limitand'
703 2629 736 2658 &
756 2627 968 2666 appumstuand'
990 2628 1065 2665 juxra
1086 2629 1161 2659 sanas
1182 2630 1298 2662 Discre-

241 2673 333 2703 tiones
351 2668 471 2706 vestras,
489 2669 522 2699 δε
541 2666 676 2706 quicquid
690 2668 719 2696 in
736 2665 888 2696 Praerniffis
903 2676 955 2696 vos
967 2665 1010 2696 sex
1030 2668 1156 2705 quinque
1177 2679 1297 2706 quatuor

241 2720 296 2742 tres
308 2709 352 2741 vel
368 2709 427 2738 duo
443 2704 571 2737 vestrum
582 2705 721 2743 feceritis,
740 2704 807 2734 Nos
819 2712 932 2742 gratum
947 2706 980 2736 &
997 2714 1089 2736 ratum
1104 2707 1272 2738 habebimus
1289 2732 1300 2748 ‚

241 2759 274 2780 ac
290 2756 391 2778 omnes
404 2747 482 2784 illos,
500 2746 548 2782 qui
564 2744 717 2774 vobiscum
733 2742 817 2773 Fines
830 2743 949 2773 fecerint
965 2753 1019 2781 pro
1031 2747 1231 2777 exoneratione
1240 2746 1299 2777 Or-

242 2788 314 2818 dinis
330 2785 474 2825 proedidti,
492 2792 697 2824 exoneramus,
712 2783 745 2814 &
762 2782 905 2812 exonerati
921 2781 974 2813 finr
986 2783 1020 2814 δε
1041 2784 1127 2823 quieti
1144 2794 1212 2824 erga
1228 2786 1299 2817 Nos

241 2825 362 2866 proinde
375 2833 424 2863 per
441 2822 601 2852 Praelentes.

274 2863 311 2894 111
331 2872 410 2900 cujus
428 2862 483 2899 rei,
503 2863 564 2891 &c.

275 2901 365 2933 Teste
384 2899 467 2939 Rege
483 2898 557 2938 apud
574 2899 715 2938 Hampton
732 2898 833 2935 Court,
849 2896 965 2928 decimo
979 2896 1101 2938 septimo
1112 2897 1172 2931 Die
1186 2900 1263 2938 Julii.

865 2976 919 3004 Per
937 2973 1020 3013 ipsum
1036 2977 1142 3013 Regem.

424 3113 450 3139 ³*
463 3114 511 3145 De
534 3111 757 3159 Indigenatione
775 3122 829 3158 pro
851 3114 939 3148 Duce
963 3113 1078 3145 Lenox.

111 3206 130 3226 ιι
147 3208 226 3239 XVI⁸
249 3198 376 3258 REX
395 3198 530 3228 omnibus
546 3197 580 3228 ad
592 3206 681 3235 quos,
699 3198 759 3229 &c-
777 3196 913 3228 Salutem.

101 3256 165 3281 ‘3¹-

96 3284 172 3313 Αηη.
188 3284 229 3313 D.

115 3322 203 3361 1603.

98 3364 157 3387 Par.
182 3371 204 3387 ι.

367 3238 467 3268 Sciatis
485 3235 566 3274 quod
586 3235 672 3273 Nos,

286 3276 345 3307 Pro
359 3277 392 3307 &
407 3277 436 3305 in
452 3274 680 3305 consideratione
693 3275 762 3304 boni
775 3275 834 3304 veri
847 3275 880 3304 δε
901 3272 1079 3311 acceptabilis
1099 3271 1211 3303 Servitii
1234 3271 1303 3303 No-

249 3315 309 3353 bis,
324 3325 391 3354 per,
416 3312 667 3351 praecbaril'fimum
687 3311 941 3352 Consanguineum
962 3313 996 3342 &
1019 3310 1220 3342 Confiliarium
1251 3322 1305 3342 no-

252 3354 358 3391 strum,
376 3352 545 3382 Lodovicum
558 3355 682 3381 Stewart
696 3354 798 3380 Ducem
818 3354 932 3388 Lenox,
958 3351 987 3380 in
1011 3349 1116 3396 Regno
1141 3349 1243 3380 Galliae
1258 3361 1307 3380 na-

205 3422 210 3427 ,
253 3401 315 3421 tum
329 3394 360 3423 ὃ(
377 3391 548 3428 oriundum,
564 3390 609 3420 seu
624 3399 798 3428 quocunque
813 3390 867 3419 alio
883 3389 1016 3419 Nomine
1039 3388 1228 3426 Cognomine
1245 3389 1307 3419 Ad-

255 3430 361 3460 ditione
379 3429 473 3460 Statiis
488 3427 604 3458 Gradus
616 3428 671 3458 sive
687 3428 762 3457 Loci
775 3432 916 3458 censeatur
932 3435 1050 3457 vocetur
1075 3426 1130 3455 five
1150 3427 1306 3464 cognosca-

254 3476 312 3505 tur,
331 3468 519 3505 multipliciter
533 3467 599 3497 faeti
613 3467 646 3498 δε
668 3466 802 3503 impensi,
819 3475 851 3495 ac
872 3476 926 3504 pro
945 3465 1057 3495 diversis
1080 3464 1138 3494 aliis
1160 3463 1256 3495 Cauiis
1274 3466 1308 3496 &

253 3506 534 3536 Confiderarionibus
549 3505 618 3536 Nos
632 3505 781 3544 specialiter
797 3505 994 3540 moventibus,

291 3545 339 3573 De
353 3544 450 3574 Gratia
465 3544 558 3574 nostra
571 3543 697 3581 speciali,
716 3553 748 3573 ac
764 3553 798 3573 ex
820 3552 897 3573 certa
917 3542 1039 3572 Scientia
1058 3541 1091 3572 &
1114 3549 1196 3570 mero
1217 3539 1308 3572 Motu

256 3581 357 3612 nostris
369 3604 378 3618 ,
396 3592 447 3618 pro
461 3582 560 3613 Nobis
583 3582 755 3613 Haeredibus
775 3582 808 3612 &
827 3581 1041 3612 Succefforibus
1063 3578 1182 3618 nostris,
1200 3589 1309 3610 conce-

256 3620 348 3650 dimus
362 3620 479 3656 praefato
491 3621 629 3650 Lodovico
643 3624 769 3651 Stewart
785 3623 856 3649 Daci
877 3622 975 3649 Lenox
998 3617 1077 3658 quod
1099 3618 1172 3654 ipse,
1189 3618 1309 3648 durante

257 3657 328 3688 Vita
343 3656 403 3692 sua,
420 3658 449 3687 fit
463 3658 598 3698 Indigena
611 3661 644 3690 ὃς
661 3659 695 3689 L'
718 3658 875 3690 eusnoster
892 3668 924 3688 ac
939 3657 1097 3687 Haeredum
1114 3657 1146 3687 ὃς
1159 3655 1309 3686 Successo-

258 3706 322 3726 rum
347 3694 509 3726 nostrorum
535 3698 631 3736 Regni
658 3707 696 3727 no
723 3699 743 3727 ri
776 3697 907 3733 Angliae,
934 3706 966 3726 ac
981 3695 1060 3734 quod
1071 3718 1080 3731 ‚
1096 3693 1160 3731 post
1178 3693 1309 3724 Mortem

257 3733 381 3770 ejusdem
396 3734 527 3763 Lodovici
541 3739 625 3765 Ducis
637 3738 735 3764 Lenox
750 3734 888 3765 Haeredes
902 3734 941 3764 sui
955 3734 1008 3764 fint
1022 3735 1055 3765 &
1067 3741 1148 3762 erunt
1163 3731 1241 3770 Ligei
1256 3742 1309 3763 no-

262 3772 310 3801 stri
317 3771 482 3815 ΑΗρῑὶῐεάυῐῃ
489 3774 521 3802 &
530 3772 731 3804 Successorum
740 3773 913 3810 nostrorum,
921 3783 953 3803 ac
967 3772 1046 3810 qubd
1059 3780 1117 3801 tam
1125 3772 1183 3810 ipse
1195 3772 1310 3801 durante

261 3809 284 3840 V
293 3809 485 3846 iraiufi‚quam
498 3810 634 3842 Haeredes
648 3811 687 3842 sui
703 3811 766 3849 post
782 3813 841 3849 ejus
853 3811 1032 3849 Mortem,in
1045 3810 1176 3840 omnibus
1187 3809 1311 3839 tracten-

258 3856 302 3878 tur
314 3856 474 3886 reputentur
489 3856 635 3880 teneantur
647 3851 803 3880 habeantur
818 3852 851 3881 ὅ(
865 3851 1060 3886 gubernentur
1069 3857 1204 3886 tanquam
1217 3846 1311 3878 fideles

261 3887 344 3923 Ligei
371 3885 458 3928 nostri
477 3886 547 3915 infra
565 3888 733 3924 praedictum
749 3889 887 3926 Regnum
908 3887 1039 3918 nostrum
1051 3887 1166 3924 Angliae
1179 3886 1311 3924 oriundi,

300 3924 337 3954 Et
349 3923 428 3960 quod
443 3923 497 3960 ipse
512 3925 544 3955 ὃς
558 3924 693 3956 Haeredes
702 3925 741 3956 sui
758 3936 861 3956 ornnes
876 3926 910 3956 δι’.
924 3925 1104 3956 omnimodas
1112 3924 1246 3954 Aetiones
1260 3924 1312 3954 Se-

262 3962 320 3993 &as
343 3961 494 3999 Querelas‚
521 3963 710 4002 cujuscunque
733 3964 786 3994 fint
807 3965 915 4000 generis
933 3973 1040 3994 naturae
1060 3963 1116 3994 five
1146 3962 1263 4001 speciei,
1280 3964 1310 3993 in

260 4000 473 4043 quibuscunque
483 3999 578 4030 Curiis
591 4001 678 4031 Locis
693 4003 727 4032 &
738 4001 985 4040 Jurisdidtionibus
1005 4001 1106 4032 nostris
1118 4024 1128 4039 ,
1146 4001 1250 4031 habere
1264 4010 1312 4030 ex-

258 4049 352 4070 ercere
367 4038 458 4076 eisque
475 4039 515 4068 uti
531 4039 563 4070 &
577 4039 695 4076 gaudere
705 4062 715 4076 ,
732 4049 765 4071 ac
783 4049 826 4070 eas
842 4041 872 4070 in
888 4039 992 4071 eisdem
1010 4040 1139 4078 placitare
1162 4040 1195 4071 &
1211 4039 1312 4077 impla-

684 137 1497 186 CONVENTIONES,
1553 139 1943 193 LITERAE,

1372 224 1477 255 Donne‘
1487 223 1506 253 a*
1523 232 1601 255 notre
1624 224 1743 256 Maison
1767 225 1803 256 de
1829 224 1982 265 Hampton
2007 221 2032 256 le
2047 226 2093 258 16.
2123 226 2156 257 de
2177 225 2285 267 Julllet
2309 227 2405 268 1603,
2425 221 2554 261 Anu-D.

1338 263 1408 293 dans
1423 262 1451 291 la
1458 266 1588 300 premiere
1603 265 1692 294 anne‘e
1705 264 1738 293 de
1757 272 1837 294 notre
1852 266 1940 302 Regne
1959 265 2175 304 d'Angleterre,
2189 267 2222 296 de
2242 269 2347 297 France
2365 263 2405 302 ό*
2449 263 2533 306 1603}

2433 310 2443 328 ι
2452 300 2518 340 Jac.
2532 314 2553 335 ι.

1889 379 1946 411 Per
1963 381 2055 419 ipsum
2074 380 2200 420 Regem.

1450 453 1636 492 Signalement
1652 455 1698 485 des
1716 453 1875 495 Perfimnes.

1376 533 1420 561 Le
1434 529 1582 562 chevalier
1599 531 1708 563 Griffin
1730 531 1888 563 Markham
1905 544 1922 562 a
1936 532 1962 562 Ie
1975 533 2068 573 visage
2088 532 2180 573 large,
2200 533 2225 564 Ie
2241 537 2313 565 teint
2322 534 2407 572 pile,

1340 581 1378 599 un
1394 580 1456 607 gros
1471 581 1528 600 nez
1539 595 1548 608 ,
1569 582 1620 602 une
1635 572 1669 601 de
1676 569 1722 611 fis
1737 575 1827 601 mains
1840 571 1958 611 estropile
1977 580 2029 610 par
2048 584 2084 602 un
2106 582 2167 611 caup
2188 574 2221 602 de
2234 572 2303 612 feu,
2321 573 2344 602 il
2359 574 2406 602 n'a

1342 618 1392 649 que
1400 615 1452 646 peu
1468 608 1501 637 de
1510 609 1570 647 pail
1587 609 1604 639 ax
1619 609 1650 640 la
1664 609 1762 639 barbe:
1782 617 1841 640 tous
1848 609 1894 649 ses
1905 609 1992 649 freres
2003 610 2068 650 sbnt
2083 611 2115 640 de
2129 611 2214 640 hante
2234 611 2332 650 taille,
2348 612 2407 641 ‘'eu-

1340 657 1387 676 nes
1402 645 1440 681 ό*
1447 645 1517 686 fiens
1523 647 1582 686 poil
1593 659 1629 677 au
1639 649 1743 687 vifizge‚
1761 649 1827 678 d’un
1842 651 1911 678 teint
1924 650 2122 680 extremement
2133 648 2238 688 basane‘
2249 648 2288 685 ὁ·
2303 623 2407 687 villain,

1339 681 1377 720 ὠ
1391 684 1427 715 ils
1444 693 1494 718 ont
1515 693 1573 716 tous
1595 685 1619 717 Ie
1634 699 1688 718 nez
1694 688 1760 727 fort
1772 687 1871 726 grand.

1378 799 1543 833 Guillaume
1551 802 1687 843 Watson‚
1706 801 1816 839 Putre,
1833 801 1870 842 ε’[ὶ
1884 812 1922 832 un
1934 801 2036 832 homme
2048 802 2081 832 de
2094 801 2125 832 la
2132 800 2194 841 plus
2202 804 2290 841 petite
2314 801 2403 840 {latu-

1341 848 1387 877 re,
1408 839 1463 877 a⁸ge'
1472 841 1624 872 d’environ
1640 850 1730 873 trente
1743 838 1782 875 &⁶
1811 840 1842 870 ix
1857 852 1924 880 ans,
1955 852 1981 870 es
1995 841 2116 871 cheveux
2123 840 2191 880 fiant
2207 847 2284 869 entre
2297 839 2327 869 la
2342 852 2404 871 cou-

1342 877 1397 907 leur
1410 880 1442 908 de
1450 878 1502 917 sbn
1516 877 1554 914 ό·
1569 880 1594 909 le
1608 880 1709 920 blond,
1728 879 1751 909 il
1762 891 1775 908 e
1820 878 1909 909 Iouche
1974 878 1997 909 il
2006 891 2024 909 a
2046 879 2076 909 Ia
2098 891 2153 909 vue
2163 877 2230 918 fort
2243 885 2346 916 courte,
2370 879 2406 908 de

1334 916 1412 956 sbrte
1434 929 1483 957 que
1508 928 1575 958 pour
1595 919 1645 950 lire
1667 920 1690 950 il
1711 926 1767 948 met
1790 917 1814 947 le
1830 922 1924 957 papier
1941 918 2004 956 pres
2019 917 2053 947 de
2087 929 2113 948 es
2134 929 2200 954 yeux
2218 929 2228 956 3
2251 917 2274 946 il
2295 929 2312 946 a
2327 916 2412 956 port(

1334 955 1373 996 fh
1387 955 1469 985 barbe
1484 963 1560 986 toute
1572 957 1681 996 langue,
1699 958 1730 987 de
1745 957 1773 987 la
1786 955 1868 985 meime
1882 956 1985 986 couleur
2000 957 2032 987 de
2061 967 2087 986 es
2101 956 2234 995 cheveux,
2242 959 2311 986 mais
2321 966 2355 986 on
2369 954 2407 995 ι’[ὲ

1339 992 1459 1033 informe‘
1469 994 1565 1034 qu'elle
1580 996 1615 1035 est
1626 996 1701 1037 rufise
1713 995 1731 1025 ἃ
1744 995 1864 1034 present.

1377 1032 1545 1064 Guillaume
1561 1033 1677 1074 Clarke,
1697 1035 1803 1071 Prfitre,
1815 1034 1850 1072 est
1865 1044 1902 1062 un
1916 1032 2018 1063 homme
2031 1033 2064 1063 de
2078 1044 2202 1073 mayenne
2219 1032 2325 1072 stature
2335 1057 2343 1071 ,
2356 1040 2406 1072 ap·

1337 1071 1475 1110 prochant
1486 1071 1583 1112 pluto't
1597 1074 1628 1103 de
1648 1073 1677 1104 Ia
1688 1076 1773 1111 petite
1789 1071 1884 1111 taille,
1903 1071 2110 1109 a‘ge‘d'environ
2125 1079 2215 1102 trente
2227 1072 2265 1107 &
2280 1071 2327 1112 fix
2343 1082 2406 1110 ans,

1335 1109 1381 1149 ses
1401 1111 1525 1141 cheveux
1533 1111 1604 1151 fiant
1618 1112 1684 1142 d’un
1699 1122 1766 1142 roux
1777 1110 1929 1150 jaunitre,
1941 1109 1978 1149 sb
1995 1110 2077 1140 barbe
2094 1110 2131 1149 est
2148 1110 2267 1149 toujours
2286 1108 2362 1150 rase‘e
2374 1111 2409 1139 de

1335 1148 1411 1188 pres,
1427 1148 1450 1178 il
1464 1149 1530 1189 n’est
1549 1154 1579 1180 ni
1596 1154 1694 1188 maigre
1713 1154 1743 1181 ni
1760 1149 1856 1189 replet,
1877 1152 1945 1179 mais
1959 1156 2042 1180 entre
2053 1146 2181 1188 ἄριοι-,ὠ
2193 1148 2287 1188 plutbt
2295 1154 2407 1188 maigre.

1343 1272 1443 1309 citari,
1463 1271 1631 1309 respondere
1645 1271 1678 1301 &
1691 1272 1871 1309 responderi,
1887 1270 2039 1301 defendere
2053 1270 2086 1301 &
2101 1269 2233 1308 defendi,
2252 1269 2356 1307 poffint
2371 1270 2407 1301 &

1344 1310 1471 1347 valeant,
1487 1311 1518 1340 in
1534 1310 1671 1340 omnibus
1684 1310 1717 1340 ὃς
1733 1319 1782 1347 per
1798 1310 1917 1347 omnia,
1934 1309 2003 1339 ficut
2016 1307 2115 1347 aliquis
2130 1308 2215 1339 fidelis
2232 1307 2267 1338 Li
2287 1318 2336 1339 eus
2349 1318 2406 1339 no-

1344 1348 1417 1385 ster,
1433 1356 1479 1378 aut
1492 1349 1574 1387 aliqui
1590 1347 1684 1379 fideles
1698 1347 1812 1380 Subditi
1825 1348 1914 1379 nostri
1938 1348 1969 1377 in
1992 1346 2071 1377 diCto
2094 1346 2201 1387 Regno
2221 1356 2262 1377 no
2289 1357 2321 1378 ro
2343 1347 2407 1378 An-

1343 1386 1412 1424 gliae
1428 1387 1486 1418 nati
1498 1387 1555 1418 sive
1568 1386 1700 1425 oriundi,

1384 1425 1429 1455 Ac
1446 1425 1527 1463 quod
1543 1426 1600 1463 ipse
1615 1424 1796 1458 &Haeredes
1804 1425 1844 1456 sui
1857 1425 1947 1455 libere
1961 1424 1994 1455 &
2008 1423 2087 1455 licite
2102 1423 2227 1456 clamare
2243 1424 2407 1456 retinere&

1343 1463 1467 1500 gaudere
1480 1463 1584 1503 poffint
1598 1466 1632 1497 ὃ(
1644 1463 1754 1496 valeant
1770 1463 1899 1495 Maneria
1914 1464 2015 1494 Terras
2029 1462 2213 1495 Tenementa
2227 1462 2406 1494 Redditus&

1343 1501 1588 1534 Haereditamenta
1599 1513 1790 1543 quaecunque,
1804 1502 1854 1533 fibi
1869 1512 1918 1539 per
1933 1501 2011 1540 Nos,
2027 1510 2074 1533 aut
2088 1510 2137 1541 per
2149 1502 2252 1540 aliquas
2268 1502 2405 1533 Personas

1343 1541 1531 1580 quascunque,
1543 1550 1591 1573 aut
1605 1552 1655 1580 per
1668 1542 1790 1579 aliquam
1807 1541 1959 1572 Personam
1973 1549 2185 1580 quamcunque,
2198 1540 2320 1571 antehac
2342 1539 2407 1571 data

1342 1579 1478 1610 conceffa
1491 1580 1548 1610 five
1559 1580 1688 1618 affurata,
1701 1580 1774 1611 adeo
1791 1580 1880 1610 libere
1897 1580 2007 1618 integre
2020 1579 2054 1610 &
2068 1578 2202 1618 pacifice,
2222 1579 2294 1610 ficut
2307 1578 2408 1617 aliquis

1343 1618 1433 1648 fidelis
1443 1618 1547 1657 Ligeus
1555 1618 1651 1650 noster
1656 1619 1728 1649 infra
1736 1618 1847 1650 distum
1855 1618 1990 1657 Regnum
1999 1616 2129 1648 nostrum
2137 1617 2251 1657 Angliae
2258 1619 2409 1656 oriundus,

1381 1656 1421 1687 Et
1438 1657 1547 1726 insusser
1561 1658 1641 1696 quod
1657 1657 1735 1687 idern
1748 1660 1821 1687 Dux
1840 1660 1942 1688 Lenox
1955 1658 1988 1689 &
2005 1655 2144 1687 Haeredes
2161 1656 2202 1686 sui
2219 1656 2320 1688 Terras
2341 1656 2403 1687 Te-

1342 1704 1479 1727 nementa
1524 1696 1634 1727 edditus
1650 1695 1837 1727 Reverfiones
1851 1697 1884 1728 &
1897 1695 2015 1727 Servitia
2024 1717 2034 1734 ‚
2047 1704 2083 1725 ac
2098 1695 2150 1726 alia
2173 1695 2407 1726 Haereditamen-

1342 1742 1370 1764 ta
1405 1745 1582 1774 uaecunque,
1604 1734 1677 1765 infra
1695 1734 1807 1765 dietum
1829 1733 1969 1774 Regnum
1993 1734 2110 1771 Angliae
2132 1735 2166 1765 &
2188 1734 2240 1764 alia
2261 1733 2407 1765 Dominia

1341 1783 1382 1804 no
1409 1784 1455 1812 ra,
1471 1775 1632 1813 perquirere
1645 1774 1767 1811 recipere
1783 1782 1883 1810 capere
1900 1772 2003 1803 habere
2018 1780 2113 1803 tenere
2127 1781 2223 1803 emere
2237 1773 2271 1804 &
2285 1771 2408 1810 poffide-

1341 1822 1390 1850 re,
1408 1822 1442 1843 ac
1457 1814 1497 1842 eis
1510 1814 1549 1843 uti
1565 1813 1599 1843 &
1613 1812 1753 1852 gaudere,
1771 1821 1860 1850 eaque
1880 1811 1947 1842 dare
1969 1810 2093 1842 vendere
2113 1811 2235 1842 alienare
2259 1811 2292 1842 δε
2317 1811 2409 1851 legare

1341 1853 1505 1919 ἰςὲᾑευηᾳιὲε
1519 1850 1713 1919 Ρεῐίοίπκίίὲὲι
1737 1849 2107 1920 ςυὲἰῂέιςςυῖςυὲζᾙῗὲίοηίξ
2128 1849 2178 1879 sibl
2197 1850 2373 1919 ρ13ἕυρτί1ςῇε
2367 1850 2408 1920 θεὲ

1353 1900 1361 1919 1
1383 1899 1456 1920 itum
1485 1899 1554 1920 uum
1571 1899 1646 1920 vaea
1794 1900 1802 1918 ι
1847 1898 1882 1919 ici
1897 1898 1914 1918 e
1991 1898 1999 1917 ι
2055 1898 2110 1919 une
2162 1898 2196 1919 ac
2219 1899 2234 1919 a
2255 1899 2292 1918 eo
2327 1899 2335 1920 1
2375 1899 2387 1918 r

1341 1929 1439 1966 quiete
1453 1928 1566 1966 integre
1581 1898 1835 1966 &pacificgosicut
1859 1927 1958 1966 aliquis
1979 1897 2069 1957 fideiis
2090 1910 2194 1966 Likeus
2213 1927 2312 1959 noster
2334 1927 2407 1960 infra

1342 1967 1400 1998 hoc
1416 1965 1556 2005 Regnum
1571 1967 1683 2006 Angliae
1699 1965 1852 2004 oriundus;
2062 1971 2064 1974 ’

1380 2005 1427 2036 Ac
1441 2007 1527 2036 etiam
1544 2005 1624 2044 quod
1639 2005 1715 2035 idem
1739 2008 1808 2035 Dux
1829 2007 1932 2034 Lenox
1957 2005 1991 2036 &
2009 2002 2145 2034 Haeredes
2165 2003 2223 2042 sui,
2250 2012 2353 2034 omnes
2373 2003 2409 2035 &

1344 2044 1529 2075 omnimodas
1546 2044 1704 2075 Libertates
1718 2041 1894 2074 Franchefias
1908 2044 1942 2074 &
1961 2042 2111 2082 Privilegia
2129 2042 2212 2080 hujus
2233 2040 2332 2081 Regni
2354 2052 2410 2072 no-

1345 2082 1393 2113 stri
1407 2083 1494 2113 libere
1508 2084 1604 2122 quiete
1618 2084 1652 2114 &
1667 2081 1785 2121 pacifice
1800 2082 1902 2112 habere
1916 2083 1950 2114 &
1964 2080 2116 2120 poffidere,
2134 2082 2225 2120 eisque
2239 2082 2277 2111 uti
2292 2082 2326 2112 &
2341 2089 2408 2119 gau-

1344 2121 1410 2152 dere
1424 2121 1523 2160 postit,
1540 2130 1675 2159 tanquam
1690 2121 1793 2160 Ligeus
1803 2120 1897 2151 noster
1912 2120 1982 2150 infra
1995 2119 2107 2150 dietum
2122 2118 2260 2158 Regnum
2276 2118 2409 2150 nostrum

1345 2160 1467 2199 Angliae'
1477 2169 1559 2191 natus
1571 2183 1580 2199 ,
1608 2160 1709 2199 absque
1730 2159 1941 2198 perturbatione
1973 2157 2171 2189 molestatione
2199 2158 2410 2195 impedimento

1345 2200 1496 2230 vexatione
1513 2199 1674 2236 calumpnia
1689 2198 1734 2229 seu
1750 2199 1911 2237 gravamine
1922 2195 2028 2227 Nostri
2042 2196 2202 2227 Haeredum
2219 2204 2267 2227 aut
2286 2196 2408 2227 Succes-

1344 2238 1439 2268 sorum
1453 2237 1618 2268 nostrorum
1629 2260 1638 2276 ,
1652 2245 1701 2268 aut
1716 2237 1872 2276 aliquorum
1886 2236 2004 2267 aliorum
2028 2244 2289 2274 quorumcunque3
2313 2235 2410 2274 aliquo

1345 2276 1460 2307 Statuto
1473 2277 1552 2307 Actu
1565 2275 1758 2308 Ordinatione
1771 2277 1816 2306 seu
1831 2274 1998 2305 Provifione
2014 2274 2042 2304 in
2058 2274 2234 2304 contrarium
2250 2272 2314 2303 inde
2329 2282 2407 2304 ante-

1345 2315 1398 2346 hac
1415 2315 1495 2346 editis
1507 2315 1587 2346 factis
1601 2315 1735 2345 ordinatis
1750 2314 1794 2344 seu
1811 2313 1944 2351 proviin,
1969 2319 2019 2343 aut
2045 2312 2138 2351 aliqua
2159 2311 2212 2343 alia
2242 2310 2291 2341 Re
2313 2311 2408 2343 Causa

1345 2354 1391 2385 vel
1406 2353 1532 2385 Materia
1545 2353 1736 2393 quacunque,
1756 2354 1784 2382 in
1801 2353 1836 2383 ali
1859 2361 1897 2381 uo
1912 2361 1972 2381 non
1988 2349 2180 2381 obstantibus:

1382 2392 1515 2423 Attamen
1539 2392 1690 2430 volumus,
1707 2391 1740 2422 &
1765 2400 1815 2430 per
1865 2390 1991 2421 raesentes
2011 2388 2105 2419 eidem
2130 2391 2202 2419 Daci
2224 2389 2407 2428 praecipimus

1346 2431 1426 2470 quod
1441 2431 1517 2462 idem
1534 2434 1604 2461 Dux
1617 2430 1800 2469 Homagium
1818 2429 1924 2468 ligeum
1944 2428 2027 2458 nobis
2038 2429 2122 2459 faciat
2141 2449 2151 2466 ‚
2169 2437 2202 2458 ac
2227 2428 2348 2458 Lottum
2369 2428 2406 2459 δε

1345 2470 1480 2500 Scottum
1490 2493 1499 2506 ,
1516 2478 1599 2507 prout
1614 2470 1658 2500 alii
1673 2469 1754 2507 Ligei
1769 2467 1858 2498 nostri
1873 2468 1981 2498 faciunt
1996 2468 2030 2498 &
2046 2467 2250 2504 contribuunt,
2265 2466 2355 2497 solvat
2370 2467 2406 2497 &

1346 2509 1513 2538 contribuat
1528 2517 1559 2538 ut
1574 2506 1615 2537 est
1629 2506 1753 2545 justum,
1771 2516 1803 2536 ac
1819 2506 1899 2544 quod
1915 2506 1990 2535 idem
2017 2508 2087 2534 Dux
2113 2505 2148 2535 ad
2167 2514 2269 2535 omnes
2292 2505 2326 2536 ὅ(
2350 2504 2404 2547 fin·-

1344 2546 1422 2583 gulas
1434 2546 1638 2575 Ordinationes
1653 2546 1742 2575 Adrus
1756 2545 1863 2575 Statura
1884 2545 1917 2574 &
1939 2543 2182 2573 Proclamariones
2203 2543 2284 2580 hujus
2307 2542 2406 2580 Regni

1345 2583 1435 2613 nostri
1452 2583 1586 2620 Angliae,
1603 2592 1662 2613 tam
1679 2583 1755 2613 edita
1768 2584 1854 2621 quam
1872 2581 2062 2619 imposterum
2075 2580 2182 2611 edenda
2193 2602 2204 2618 ,
2225 2588 2352 2610 teneatur
2371 2581 2405 2612 δι

1343 2622 1481 2652 obediens
1498 2623 1541 2659 fit,
1555 2622 1635 2658 quta
1649 2621 1776 2651 formam
1787 2620 1886 2650 Statuti
1897 2621 1926 2649 in
1939 2629 1971 2649 ea
1979 2628 2057 2656 parte
2068 2628 2156 2656 nuper
2163 2619 2231 2649 editi
2244 2618 2406 2657 &provifi3

1381 2660 1523 2691 Volumus
1541 2661 1642 2697 etiam,
1659 2660 1721 2691 &c.
1741 2658 1843 2698 absque
1859 2658 1930 2688 Fine
1944 2658 1974 2687 in
1995 2656 2177 2696 Hanaperio,
2198 2658 2259 2689 &c.

1381 2697 1416 2729 In
1431 2699 1512 2737 cujus
1529 2699 1585 2736 rei,
1609 2699 1671 2730 &a

1379 2774 1468 2807 Teste
1487 2775 1569 2815 Rege
1587 2775 1662 2815 apud
1679 2776 1821 2812 Hampton
1839 2777 1938 2802 Courte
1952 2771 2068 2803 decimo
2080 2771 2187 2804 octavo
2209 2771 2268 2803 Die
2283 2771 2362 2812 Julii.

1819 2852 1873 2881 Per
1892 2852 1990 2880 Breve
2004 2849 2036 2879 de
2057 2851 2178 2880 Privato
2197 2848 2299 2888 sigillo.

1397 2990 1426 3018 δὲ
1453 2990 1501 3022 De
1523 2984 1695 3030 Conceffione
1727 2985 1827 3033 Officii
1848 2987 1997 3019 primarii
2026 2983 2170 3032 Chirurgi
2193 2988 2352 3034 Principis.
2433 3011 2450 3031 0
2465 3010 2544 3040 XVI.

1352 3078 1471 3137 REX
1488 3077 1640 3115 omnibus,
1659 3075 1693 3107 ad
1707 3085 1797 3114 quos,
1815 3075 1876 3106 &c.
1894 3074 2029 3106 Salutem.
2426 3060 2507 3121 2315„
2518 3084 2557 3122 D}

1447 3117 1548 3147 Sciatis
1566 3115 1646 3154 quod
1663 3114 1733 3145 Nos
1746 3137 1755 3153 ,
1781 3115 1817 3144 de
1835 3113 1936 3144 Gratia
1953 3115 2048 3144 nostra
2065 3114 2199 3152 speciali,
2220 3124 2254 3146 ac
2280 3123 2315 3146 ex
2332 3123 2407 3147 certa
2451 3125 2536 3164 1603.

1350 3156 1473 3187 Scientia
1485 3156 1517 3186 &
1536 3164 1618 3185 mero
1634 3153 1723 3183 Motu
1740 3152 1860 3195 nostris,
1876 3151 2007 3183 dedimus
2021 3155 2054 3184 &
2075 3153 2266 3185 concessimus
2277 3177 2288 3193 ‚
2302 3164 2337 3186 ac
2355 3164 2405 3194 per
2461 3165 2524 3193 ibid.

1350 3195 1521 3231 praesentes,
1538 3203 1590 3231 pro
1604 3191 1700 3222 Nobis
1717 3190 1886 3234 Haeredibus
1901 3191 1934 3222 ὃ(
1953 3191 2168 3223 Successoribus
2189 3191 2291 3223 nostris
2306 3192 2404 3224 damus
2425 3210 2452 3241 p.
2477 3213 2519 3238 14·

1350 3235 1384 3264 &
1397 3233 1604 3267 concedimus,
1621 3229 1729 3259 dilecto
1743 3229 1880 3260 Servrenti
1895 3228 2011 3267 nostro,
2034 3229 2155 3260 Gilberto
2174 3233 2320 3268 Primrois,
2344 3231 2402 3262 Of-
2424 3252 2462 3271 m·
2481 3241 2524 3270 2⁶·

1348 3271 1451 3301 ficium
1468 3269 1613 3299 Ordinarii
1627 3268 1660 3298 &
1676 3267 1806 3297 Primarii
1820 3266 1962 3306 Chirurgi,
1980 3267 2196 3299 Praechariffimi
2212 3270 2276 3299 Filii
2291 3271 2324 3301 δε
2334 3269 2404 3300 Hae-

1350 3309 1422 3340 redis
1434 3307 1522 3338 nostri
1537 3330 1546 3343 ,
1571 3308 1686 3336 Henrici
1708 3305 1844 3335 Frederici
1863 3307 1973 3336 Walliae
1997 3306 2035 3342 (ἐν
2055 3311 2151 3338 Scotiae
2173 3310 2324 3346 Principis,
2342 3307 2405 3344 &aa

1351 3348 1500 3386 ipsumque
1514 3344 1668 3375 Gilbertum
1680 3345 1719 3373 Pr
1735 3348 1814 3373 mrois
1829 3345 2014 3376 Ordinariurn
2035 3346 2068 3376 &
2091 3346 2260 3377 Primarium
2281 3347 2404 3377 Chirur-

1350 3395 1423 3426 gum
1437 3384 1546 3423 praefati
1560 3385 1692 3420 Principis
1721 3383 1762 3412 'ilii
1779 3384 1811 3414 δε
1827 3382 1954 3414 Haeredis
1968 3383 2077 3422 nostri,
2099 3384 2223 3416 facimus
2240 3384 2406 3415 ordinamus

1352 3427 1386 3457 &
1404 3422 1605 3455 constituimus
1619 3431 1667 3459 per
1682 3421 1854 3460 Praesenzae,

1386 3461 1561 3493 Habendum
1584 3459 1775 3490 exercendum
1796 3462 1829 3492 &
1848 3461 2050 3500 occupandum
2069 3460 2214 3491 Officium
2236 3459 2406 3497 praeditstum

1352 3502 1471 3540 praefato
1480 3499 1602 3529 Gilberto
1616 3500 1748 3537 Prymrois
1761 3499 1878 3529 durante
1893 3499 1958 3530 Vir-a
1972 3500 2018 3530 sua
2031 3499 2162 3537 naturali,
2180 3499 2236 3529 una
2248 3507 2317 3528 cum
2334 3508 2402 3529 om-

1352 3540 1437 3570 nibus
1460 3537 1669 3568 Emolumentis
1690 3536 1936 3568 Praeheminentiis
1957 3539 1990 3568 ὃς
2006 3538 2032 3566 le
2048 3536 2147 3576 Bouge
2161 3536 2197 3567 de
2212 3535 2307 3567 Court
2321 3547 2356 3567 en
2376 3538 2402 3568 le

1354 3578 1451 3608 Court
1463 3576 1535 3606 dieti
1551 3576 1706 3614 Principis,
1724 3577 1757 3607 ὃς
1772 3577 1828 3606 aliis
1846 3575 1982 3606 Proficuis
1996 3575 2030 3605 &
2043 3574 2157 3612 juribus
2177 3575 2404 3613 quibuscumque

1352 3616 1449 3648 eidem
1469 3614 1581 3645 Officio
1596 3614 1838 3654 qualitercumque
1852 3613 2041 3652 speetantibus
2057 3613 2113 3644 five
2133 3613 2353 3652 pertinentibus,

1393 3655 1439 3685 Ac
1455 3653 1583 3692 insuper,
1600 3654 1636 3684 de
1657 3652 1780 3683 uberiori
1803 3652 1903 3683 Gratia
1922 3651 2016 3682 nostra
2038 3651 2171 3690 praediea
2183 3673 2194 3688 ,
2218 3651 2348 3682 dedimus
2371 3652 2405 3683 δε

1354 3691 1559 3729 concessimus,
1576 3701 1609 3722 ac
1620 3701 1669 3729 per
1680 3691 1848 3728 Praesentes,
1867 3699 1920 3727 pro
1935 3689 2034 3720 Nobis
2049 3688 2218 3719 Haeredibus
2239 3690 2272 3720 δε
2287 3689 2405 3721 Succes-

1354 3732 1462 3762 soribus
1474 3729 1589 3767 nostris,
1606 3731 1706 3761 damus
1720 3732 1753 3761 &
1768 3729 1955 3761 concedimus
1969 3727 2086 3770 praefato
2106 3725 2230 3757 Gilberto
2253 3730 2408 3768 Prymrois,

1356 3780 1409 3808 pro
1425 3769 1564 3800 exercitio
1582 3770 1615 3800 &
1629 3769 1819 3806 occupatione
1836 3766 1937 3796 Officii
1949 3765 2093 3804 praediCti,
2111 3765 2251 3802 quandam
2267 3767 2406 3798 Annuita-

1355 3818 1413 3840 tem
1428 3809 1485 3838 five
1496 3807 1644 3838 annualem
1658 3807 1801 3838 redditum
1816 3805 2028 3844 Quinquaginta
2042 3806 2206 3833 Mart-arum
2219 3805 2305 3837 bonae
2320 3806 2354 3838 δε
2369 3807 2409 3837 le-

1353 3848 1420 3887 galis
1433 3845 1565 3876 Monetae
1581 3845 1703 3884 Angliae,

1390 3884 1561 3915 Habendam
1576 3885 1610 3914 &
1621 3885 1765 3915 annuatim
1781 3880 1987 3919 percipiendam
2002 3879 2362 3917 praedidamAnnuitatem
2377 3882 2410 3913 fi-

1355 3934 1392 3954 ve
1409 3923 1558 3954 annualem
1577 3922 1736 3953 Redditum
1750 3922 1965 3960 Qinquaginta
1980 3922 2141 3948 Marcarum
2155 3920 2273 3957 pra-faro
2287 3920 2412 3950 Gilberta

1358 3965 1510 4001 Prymrois,
1528 3960 1638 3991 aFesto
1664 3960 1901 3991 Annunciationis
1923 3959 2013 3987 beatae
2039 3956 2142 3988 Mariae
2164 3958 2286 3998 Virginis
2306 3959 2410 3991 ultimo

1357 4010 1421 4031 ante
1434 4001 1527 4031 datam
1545 3999 1732 4030 Praesentium
1747 3999 1904 4036 praeterito,
1921 3996 2039 4025 durante
2053 3995 2118 4027 Vita
2142 3995 2187 4027 sua
2205 3997 2356 4034 praedicta,
2374 3997 2411 4026 de

1357 4039 1507 4070 Thesauro
1522 4037 1620 4068 nostro
1635 4037 1796 4068 Haeredurn
1817 4037 1849 4067 ὃς
1869 4033 2070 4066 Suetefforum
2093 4034 2257 4066 nostrorum
2274 4059 2283 4073 ,
2301 4036 2336 4066 ad
2353 4034 2413 4064 Re-

2303 4080 2417 4109 ceptam
