2557 4279
42 181 124 214 ‘Arm
135 179 178 211 D.

65 221 154 251 1621.

49 259 177 297 19Ja:.1.

69 2068 88 2088 ἴ
105 2067 207 2095 XVII.

72 2110 137 2145 305.

189 102 271 143 204

193 178 224 208 iri
238 175 348 208 alterius
358 171 562 213 praedictorum
576 167 694 207 Regum
708 166 819 206 Regnis
842 164 1004 197 Provinciis
1025 171 1074 194 aut
1088 161 1264 207 ,Territoriis

194 215 240 248 vel
255 215 337 252 super
355 223 403 249 ea,
423 211 472 242 ubi
487 209 537 239 sibi
551 216 680 246 arrogare
694 205 818 237 voluerit
832 204 909 242 quod
922 204 951 234 in
965 202 1094 241 praesenti
1111 211 1179 245 'non
1200 199 1264 239 pos-

195 254 264 285 fidet
277 262 370 290 neque
387 260 422 280 eo
435 249 553 284 fruitur,
568 255 630 277 tum
644 245 712 275 alter
723 244 800 275 alteri
814 251 915 274 contra
934 242 1012 273 hunc
1035 240 1188 277 Tertium,
1205 238 1264 268 abs-

195 303 254 331 que
276 292 330 322 ulla
352 287 567 322 Cunc‘tatione,
585 285 619 316 ὃς
641 284 676 313 ad
698 283 854 321 plurimum
877 281 950 312 infra
970 280 1106 317 Quatuor
1131 276 1265 320 Menses,

197 328 361 362 dummodo
378 327 435 363 ipse
450 327 466 356 a
482 323 598 362 propi-io
612 321 691 353 Bello
706 322 843 352 immunis
858 319 909 358 fit,
926 318 1070 350 succurret
1083 317 1116 347 &
1130 316 1266 353 suppetias

198 370 288 406 feret,
307 366 450 397 Videlicet
468 373 536 393 cum
553 362 624 392 octo
640 361 771 392 Navibus
786 358 915 397 Bellicis,
931 367 1050 401 quarum
1075 364 1198 393 quatuor
1218 363 1265 384 ca-

198 416 280 447 paces
294 405 347 436 sint
362 403 477 443 lingulae
492 401 598 431 Oneris
616 409 735 431 centum
750 399 784 430 ὅ(
797 399 1000 442 quinquaginta
1015 403 1061 425 aut
1074 396 1265 424 ducentarum

198 444 350 477 Lastarum
365 442 580 476 Nauticarum,
595 440 629 470 &
647 447 766 470 centum
785 443 988 474 quinquaginta
1007 442 1053 476 alut
1071 432 1266 475 ducentorum

198 485 365 515 Hominum
386 480 538 516 Praesidio,
557 479 590 510 &
613 477 714 516 viginti
736 476 845 506 Bellicis
872 475 1042 516 Tormentis
1063 469 1268 514 sufficientibus

198 522 362 557 instructae,
380 519 497 557 reliqu-ae
524 526 645 555 quatuor
666 515 719 546 sint
742 523 856 551 capaces
878 511 997 548 fingulae
1017 509 1124 554 Qneris
1146 516 1267 538 centum

200 561 245 592 vel
262 568 379 591 centum
396 559 429 589 &c
444 558 544 596 viginti
562 555 709 586 Lastarum
724 552 941 591 praedic‘tarum,
956 547 1126 592 Praelidium
1140 547 1262 590 habeant

200 600 329 630 Centum
345 598 390 628 vel
405 595 534 627 Centum
550 596 583 625 ὅτ.
600 594 702 628 viginti
716 589 951 632 Hominum2&
967 586 1107 630 sexdecim
1126 584 1270 629 suffic-ren·-

199 641 239 670 tia
254 638 431 668 Tormenta:
451 642 590 671 eruntque
611 632 718 664 Classes
742 629 800 660 istae
822 628 951 671 Subditae
972 624 1100 662 Imperio
1123 623 1271 667 Admiralli

200 679 273 708 illius
288 675 379 712 Regis
393 675 441 705 cui
455 673 558 703 auxilio
575 673 737 706 mittentur,
753 668 785 698 &
801 665 1046 697 continuabuntur
1070 664 1134 693 haec
1157 662 1268 707 Auxilia

201 714 339 754 quamdiu
356 713 465 744 Bellum
479 711 638 746 duraverit,
658 708 708 738 nili
723 706 867 737 Auxilium
887 704 981 734 ferens
1004 705 1065 732 Rex
1085 711 1206 743 proprio
1225 710 1269 730 in-

201 763 274 785 terea
289 761 447 789 occupetur
465 750 560 786 Bello,
579 758 609 778 ut
623 746 810 784 supradictum
826 743 926 779 est,&
942 740 1047 780 absque
1061 740 1115 785 ulla
1128 741 1268 783 refulio'ne

202 792 415 831 Expensarum3
435 799 517 827 atque
533 790 576 817 hae
594 786 693 816 Naves
706 786 742 814 ab
759 784 808 813 illo
829 781 912 826 Rege
930 780 947 810 a
973 790 1032 817 quo
1054 788 1215 823 mittuntur?
1226 788 1271 807 in-

204 832 345 862 struentur
368 830 505 860 omnibus
530 825 722 856 Armarnentis
748 822 856 852 sseiiicis
873 843 882 858 ,
908 821 942 852 &
959 818 1138 862 Commeatu
1161 817 1270 865 Tgium

205 870 353 901 Metilium
369 866 610 899 nunierandorum
627 864 642 892 Ξι
659 862 716 892 Die
731 871 790 898 quo
807 857 1041 903 Otamsolvent',
1052 865 1095 902 'ita
1119 865 1148 887 ut
1174 859 1272 887 mm-

203 918 312 940 meatus
329 908 441 938 tantum
452 928 461 943 ,
479 914 538 943 quo
552 901 648 942 postea
664 901 853 936 indigebunt,
872 897 922 927 illis
935 895 1189 939 subministrandus
1211 894 1274 941 fue:

205 950 241 978 rit
256 948 291 978 ab
304 957 340 977 eo
358 946 439 983 Rege
455 945 501 973 cui
517 941 663 972 Auxilium
679 940 773 969 ferunt
788 937 889 969 eadem
906 937 1014 967 ratione
1028 936 1061 967 &
1077 936 1203 965 bonitate
1217 944 1274 972 qua

206 996 273 1017 eum
290 987 340 1017 suis
353 984 516 1014 distribuere
529 979 687 1011 consuevit.
718 1015 746 1045 V

244 1061 338 1092 ITEM
360 1060 548 1091 Conventurn
569 1054 790 1086 Concordatum
806 1054 840 1085 &
857 1051 1039 1096 Conclusum
1058 1049 1101 1094 est
1114 1073 1128 1095 ,ὓ
1148 1048 1230 1088 quod
1253 1049 1274 1080 si

205 1102 237 1132 in
263 1099 416 1139 conjuncSta
441 1096 600 1136 hujusmodi
628 1094 843 1131 Expeditione,
871 1092 1037 1122 Provincias
1060 1089 1198 1134 CiVitates
1216 1087 1275 1132 Ca-

207 1140 285 1170 stella
309 1137 452 1167 Fortalitia
467 1160 476 1173 ,
503 1144 550 1165 aut
576 1134 667 1172 aliqua
691 1133 742 1163 alia
771 1131 835 1172 loca
861 1131 996 1168 occupari
1016 1137 1188 1171 contingat,
1215 1126 1275 1170 ha,

207 1179 228 1209 si
246 1178 356 1207 alterius
373 1175 519 1205 dictorum
541 1172 657 1209 Regum
675 1171 790 1209 proptia
810 1174 861 1200 sint
881 1178 927 1200 aut
947 1169 1062 1213 fuerunt
1077 1189 1087 1205 ,
1100 1167 1158 1211 *vel
1174 1176 1202 1210 in
1219 1175 1277 1204 ejus

210 1215 346 1247 Domino
369 1223 416 1246 aut
441 1213 606 1244 Territorio
631 1211 677 1242 lita
693 1233 703 1249 ,
731 1209 825 1240 eidem
851 1207 1005 1246 respeChve
1030 1206 1107 1245 Regi
1126 1204 1277 1236 restituen-

209 1264 264 1288 tur.
711 1286 741 1317 V
759 1286 772 1317 Ι

245 1331 279 1362 Si
297 1340 361 1369 quae
377 1329 437 1360 aiiae
453 1327 593 1359 Civitates
606 1325 772 1357 Provinciae
786 1324 908 1356 Castella
926 1322 1070 1366 For-talitia
1085 1321 1135 1366 seu·
1149 1321 1200 1352 alia
1215 1320 1278 1351 Lo-,

210 1381 244 1403 ca
261 1371 405 1407 capientur
423 1368 468 1400 vel
484 1366 702 1404 occupabuntur
719 1366 747 1395 in
763 1363 840 1394 dicta
855 1362 1063 1399 Expeditione,
1081 1370 1114 1390 ea
1129 1369 1199 1404 inter
1218 1359 1279 1389 Re-

233 1420 261 1440 es
277 1407 429 1446 praedietos
444 1405 603 1436 dividentur
621 1414 673 1444 pro
697 1404 820 1434 Ratione
844 1403 878 1433 ὃ(
899 1400 1038 1443 Numero
1060 1397 1221 1438 copiarum
1244 1399 1279 1430 &

239 1448 343 1479 iilitum
358 1455 426 1486 quas
441 1454 559 1482 uterque
577 1445 604 1474 iri
623 1443 666 1474 illa
680 1441 870 1511 Εόρῗόιίῑίοῃε
884 1440 1023 1470 habuerit.

251 1525 372 1556 Eoum
391 1522 483 1554 modo
501 1531 554 1559 pro
569 1520 707 1552 Numero
733 1521 765 1549 ἃ
790 1518 957 1555 Qiantitate
975 1513 1192 1561 copiarum&
1216 1514 1280 1545 Na·

214 1566 295 1595 vium
310 1562 450 1593 dividetur
462 1561 557 1590 omnis
571 1559 668 1588 Praeda
683 1566 759 1595 parta
796 1565 856 1586 tam
871 1555 949 1598 super
961 1554 1085 1598 Terram
1099 1562 1186 1597 quarn
1200 1553 1282 1591 super

217 1603 353 1638 Mare,in
367 1600 473 1631 eodem
491 1598 661 1634 Bello,quae
678 1598 749 1626 inter
765 1580 985 1637 fionaqlvlobilia
998 1601 1157 1636 computari
1178 1591 1281 1640 potest,

217 1643 380 1678 ubicunque
397 1638 484 1668 Hosti
500 1646 591 1673 erepta
610 1638 639 1666 lit
650 1658 659 1673 ,
681 1635 735 1666 live
752 1635 823 1665 intra
837 1637 893 1665 sive
908 1639 983 1664 extra
997 1631 1155 1662 Tetritoria
1170 1630 1282 1662 Lonfe-

217 1681 382 1712 detatorum
396 1678 511 1715 Regum
526 1674 748 1742 ρῐπάἰέῑοῑυῦηὶ
768 1710 780 1740 1
798 1710 810 1740 I

256 1756 346 1787 Irim
363 1754 553 1785 Conventum
567 1750 785 1782 Concordaturn
800 1751 833 1781 &
849 1747 1029 1779 Conclusum
1040 1746 1100 1785 est,
1115 1747 1195 1785 quod
1210 1756 1283 1793 quo-

216 1796 378 1832 tiescunque
398 1793 534 1830 majorem
556 1790 684 1821 Militum
704 1790 750 1819 seu
771 1788 902 1818 Navium
922 1787 1092 1817 Numerum
1108 1809 1120 1829 ,
1145 1786 1191 1830 vel
1209 1786 1284 1816 Sub-

218 1834 319 1864 sidium
340 1832 529 1862 pecuniarum
541 1853 550 1867 ,
569 1840 597 1859 in
614 1830 720 1860 casibus
740 1827 881 1866 praedietis
903 1835 984 1870 pur-ae
1003 1825 1190 1855 Defeniionis
1203 1825 1285 1871 alter:

217 1882 276 1904 uter
295 1872 438 1901 dictorum
461 1870 579 1906 Regum
597 1869 634 1899 ab
656 1868 745 1898 altero
772 1865 980 1903 postulaverit,
1007 1863 1099 1894 modo
1128 1864 1161 1894 &
1190 1863 1285 1893 forma

218 1910 361 1949 praeiiiiffis
380 1934 389 1946 ,
416 1909 557 1939 tenebitur
584 1909 605 1938 is
620 1907 686 1939 illud
703 1905 833 1944 praestare
851 1912 990 1949 quantum
1007 1903 1100 1933 facere
1119 1901 1210 1946 possit
1224 1903 1287 1939 (ha-

219 1950 277 1980 bita
299 1958 363 1980 tum
380 1948 562 1984 Temporum
580 1956 642 1977 tum
665 1946 738 1976 Loci
755 1945 787 1975 ὃ(
807 1944 903 1974 Status
918 1952 1014 1985 rerum
1032 1941 1142 1972 suarum
1162 1943 1282 1985 ratione)

217 1990 274 2027 qua
294 1990 321 2018 in
342 1998 371 2017 re
390 1988 472 2023 ipsius
495 1986 581 2024 Regis
601 1985 746 2016 Auxilium
765 1981 1061 2025 ferentis‘onerabitut
1087 1980 1259 2025 conscientia
1278 1988 1285 2008 z

222 2027 261 2058 lta
280 2036 376 2057 tamen
395 2035 423 2056 ut
445 2024 515 2054 iufra
538 2026 620 2054 Duos
639 2025 738 2053 Annos
762 2021 823 2059 pori
850 2019 961 2050 finitum
988 2018 1097 2062 Bellum
1113 2043 1122 2056 ,
1150 2019 1287 2055 Sumptus

223 2068 250 2098 in
270 2067 333 2096 liaec
353 2064 567 2095 exrraotdinai‘i'a
588 2063 696 2093 Auxilia
713 2061 797 2097 facti,
815 2068 860 2089 aut
880 2059 897 2078 ³³
920 2059 1055 2101 Pecuniae
1074 2065 1178 2101 mutuo
1195 2057 1288 2095 datae,

223 2104 405 2136 refundantur
422 2104 460 2133 illi
474 2103 523 2140 qui
539 2111 572 2133 ea
589 2102 650 2132 tulit
670 2100 807 2168 velldgtgit
824 2108 873 2136 per
891 2097 974 2128 illum
991 2106 1042 2135 qui
1059 2105 1147 2134 petiit.

258 2181 350 2213 ITEM
371 2180 560 2210 Conventum
579 2176 800 2209 Concordatum
820 2177 853 2207 &
880 2173 1062 2217 Conclusum
1081 2172 1139 2211 est,
1156 2172 1237 2211 quiid
1259 2174 1287 2203 in

222 2221 286 2253 casu
304 2230 363 2258 quo
377 2218 593 2249 extraordinaria
608 2216 769 2255 hujusmodi
787 2214 897 2245 Auxilia
919 2215 971 2245 lata
991 2212 1109 2249 suerint,
1124 2213 1204 2256 quod
1227 2220 1291 2259 turn

222 2259 323 2291 Praeda
337 2260 367 2288 in
385 2257 462 2288 Mari
478 2266 555 2295 parta
569 2256 601 2286 ea
616 2258 723 2286 ratione
743 2255 905 2297 dividetur,
920 2262 966 2290 ut,
984 2259 1199 2295 computatione
1216 2251 1292 2295 faef’ta

224 2306 365 2337 quantuni
379 2299 483 2334 cuique
498 2296 580 2326 Navi
595 2295 745 2325 obtinuere
769 2294 871 2330 polin,
889 2295 907 2321 ii
929 2291 1072 2329 aequaliter
1097 2289 1197 2320 Praeda
1217 2290 1293 2320 divi-

224 2337 316 2368 denda
336 2335 423 2373 effer,
442 2334 524 2365 Octo
544 2334 644 2364 Naves
671 2319 812 2363 &rdinarii
837 2330 943 2374 Auxilii
966 2329 1023 2360 suas
1045 2329 1294 2373 Qotasnintegtas

225 2376 381 2413 accipiant,
408 2374 444 2403 de
466 2383 497 2403 ea
519 2375 591 2402 vero
616 2380 692 2409 parte
715 2381 780 2409 quae
804 2370 938 2401 Navibus
958 2368 1169 2411 exrraordmarii
1192 2368 1295 2397 Auxiln

227 2415 375 2449 obtingere
388 2411 545 2449 debuili'et,
562 2411 661 2440 Tertia
677 2420 738 2448 pars
760 2408 931 2446 defalcetur,
949 2409 983 2439 &
1003 2417 1028 2437 ei
1051 2406 1127 2444 Regi
1153 2408 1295 2446 praecipua

229 2454 310 2483 detur
327 2452 376 2490 qui
390 2450 526 2487 Sumptus
542 2449 673 2478 refundit.
754 2484 784 2515 Χ

269 2528 360 2559 ITEM
375 2526 563 2557 Conventum
577 2523 800 2555 Concordatum
814 2523 847 2553 δε
863 2521 1040 2552 conclusum
1055 2520 1112 2558 est,
1132 2521 1212 2561 quod
1228 2531 1295 2551 cum

231 2566 397 2606 hujusmodi
422 2564 517 2595 Hoste
535 2587 544 2600 ,
570 2572 670 2593 contra
693 2571 780 2600 quem
804 2562 915 2599 utrique
937 2561 1032 2598 Reges
1053 2559 1180 2599 praedicti
1205 2561 1295 2590 modo

230 2605 371 2644 praed'icio
388 2604 476 2634 Arma
492 2603 637 2639 ceperint,
655 2600 769 2631 Neuter
789 2600 834 2630 Re
855 2609 905 2630 um
927 2598 1033 2629 Pacem
1055 2599 1297 2641 {jonventionem

232 2654 279 2675 aut
294 2643 530 2674 Transac‘tionem
543 2641 642 2677 inibit,
661 2639 709 2669 nisi
729 2640 760 2669 in
775 2638 806 2669 ea
822 2648 887 2669 ater
905 2639 990 2668 etiam
1007 2638 1134 2674 perteue
1156 2638 1189 2668 &t
1214 2638 1298 2675 plene

233 2681 505 2723 comprehendatur,
524 2688 593 2710 cum
613 2679 771 2747 Provinc}=
784 2680 818 2746 i&
835 2677 961 2708 Subditis
977 2675 1037 2706 suis.

270 2758 361 2789 ITEM
383 2758 571 2788 Conventum
595 2755 816 2786 Concordatum
838 2755 871 2786 δε
894 2753 1074 2785 Conclusum
1099 2751 1159 2791 est,
1175 2753 1254 2790 quod
1279 2752 1299 2784 si

237 2798 283 2828 ille
300 2798 364 2827 Rex
379 2798 427 2834 qui
443 2797 591 2834 Suppetias
605 2794 654 2824 fibi
671 2794 736 2824 ferri
752 2792 872 2830 postulat
886 2793 997 2823 Bellum
1014 2791 1156 2829 intulerit,
1175 2801 1238 2822 tum
1260 2792 1299 2821 al-

239 2837 291 2868 teri
305 2839 370 2873 Regi
386 2836 401 2865 a
418 2845 476 2873 quo
494 2834 549 2864 111ae
564 2842 714 2872 petuntur,
735 2833 898 2863 Autlioritas
911 2830 1045 2861 concessa
1060 2831 1091 2861 iit
1107 2840 1173 2860 eum
1195 2831 1228 2860 ad
1248 2830 1302 2870 Ju-

240 2876 278 2905 ris
305 2875 407 2904 limites
432 2873 612 2910 revocandi,
638 2872 670 2902 &
698 2881 790 2909 aequas
811 2871 890 2900 Pacis
906 2869 1096 2900 Conditiones
1114 2869 1215 2906 absque
1233 2870 1302 2900 dolo

239 2913 316 2944 malo
334 2912 513 2952 proponendi
530 2934 540 2950 ,
568 2912 601 2942 ὃ(
620 2920 651 2941 ut
665 2912 696 2940 iis
710 2909 865 2948 acquiescat
885 2909 1025 2947 urgendi,
1054 2908 1135 2946 Qas
1155 2908 1174 2937 si
1193 2908 1301 2939 recusa-

238 2953 332 2988 verit,
349 2961 442 2988 neque
461 2950 607 2980 admittere
626 2950 763 2987 voluerit,
783 2957 814 2977 ut
832 2948 891 2978 Res
908 2957 941 2978 ex
957 2957 1043 2985 aequo
1061 2948 1095 2977 &
1115 2948 1194 2977 bono
1212 2956 1303 2978 trans-

240 2993 330 3028 igatur
346 3012 355 3027 ,
380 2999 443 3020 tum
473 2989 539 3018 alter
562 2986 598 3019 ad
623 2987 767 3018 Auxilium
793 2986 942 3017 ferendum
969 2986 1122 3016 obstrietus
1141 2995 1202 3016 non
1221 2987 1274 3017 erit
1293 2997 1299 3016 :

240 3028 348 3060 Foedus
363 3037 458 3059 tamen
471 3027 580 3064 semper
593 3027 722 3065 vigorem
741 3025 822 3055 suum
837 3025 994 3062 obtinebit,
1013 3034 1106 3062 neque
1122 3025 1162 3054 ob
1179 3025 1208 3055 id
1226 3024 1305 3055 infir-

242 3068 375 3099 mabitur.

278 3144 368 3174 ITEM
385 3142 575 3173 Conventum
590 3140 809 3171 Concordatum
825 3142 858 3171 δε
873 3139 1052 3170 Conclusum
1066 3139 1214 3178 est,quod
1223 3139 1307 3171 Neu—

243 3192 286 3214 ter
302 3182 422 3219 Regum
438 3181 639 3219 praedictorum
653 3180 681 3209 in
698 3180 805 3217 Regiiis
820 3179 874 3209 {ive
893 3179 1052 3209 Provinciis
1068 3179 1120 3209 suis
1133 3180 1239 3209 alterius
1249 3179 1308 3209 Ini—

243 3223 338 3253 micos
352 3222 397 3251 seu
413 3219 547 3250 Rebelles
560 3219 694 3257 recipiet,
708 3218 869 3248 occultabit
883 3226 930 3247 aut
947 3218 1078 3248 tolerabit
1099 3218 1170 3247 ultra
1189 3217 1307 3256 spatium

245 3261 381 3295 Quatuor
403 3258 551 3289 Menfium
569 3280 580 3295 ,
601 3256 766 3287 dummodo
794 3255 930 3287 Inimicos
953 3257 1010 3294 ejus
1029 3265 1075 3286 aut
1097 3256 1230 3287 Rebelles
1252 3256 1308 3287 effe

246 3299 322 3329 sciat.

717 3332 747 3364 X
768 3332 780 3363 I
800 3332 811 3363 Ι
831 3332 853 3363 Ι.

282 3373 375 3405 ITEM
397 3372 589 3403 Conventum
612 3371 831 3402 Concordatum
859 3373 894 3403 &
907 3370 1087 3402 Conclusum
1104 3371 1162 3408 est,
1179 3370 1259 3408 quod
1276 3381 1308 3400 u-

245 3413 366 3450 triusque
388 3412 480 3449 Regis
499 3411 621 3442 Subditis
642 3411 765 3440 liberum
787 3412 839 3440 erit
861 3411 971 3441 alterius
992 3410 1157 3440 Provincias
1173 3410 1311 3446 Emporia

249 3451 352 3482 Portus
367 3451 496 3481 Flumina
511 3459 578 3481 cum
597 3447 747 3479 Mercibus
760 3448 830 3486 suis,
849 3457 907 3479 tarn
922 3449 952 3479 T
953 3448 1014 3480 erra
1026 3451 1114 3486 quam
1133 3448 1224 3486 Mari,
1236 3448 1310 3477 adire

251 3489 308 3519 sine
330 3490 388 3519 ullo
410 3488 636 3526 impedimento,
661 3488 757 3524 ibique
778 3488 878 3517 versari
899 3488 933 3518 &
954 3488 1093 3525 negotiari
1111 3509 1121 3525 ,
1143 3486 1309 3516 dummodo

250 3527 383 3557 consueta
402 3527 559 3562 Vectigalia
579 3525 708 3563 solvant,
729 3527 766 3556 ita
787 3535 882 3557 rameri
904 3536 940 3556 ne
957 3526 1049 3565 Leges
1061 3536 1095 3556 ac
1112 3526 1221 3556 Statuta
1237 3525 1310 3555 Pro-

251 3566 426 3602 vinciarum,
449 3566 552 3602 quibus
570 3564 632 3595 aliae
654 3563 801 3594 Nationes
826 3574 929 3595 omnes
949 3565 1109 3604 subjacent,
1134 3564 1193 3595 ullo
1217 3563 1309 3593 modo

252 3603 391 3635 violentur
406 3612 451 3633 aut
466 3603 660 3642 infringantur.
737 3640 768 3672 X
784 3640 798 3671 I
817 3641 843 3671 V

287 3678 378 3709 ITEM
396 3677 584 3709 Conventum
597 3678 822 3710 Concordatum
835 3680 868 3712 &
886 3678 1064 3711 Conclusum
1080 3679 1137 3717 est,
1151 3679 1230 3724 quod
1237 3679 1312 3710 Sub-

253 3716 304 3747 diti
319 3716 490 3747 Serenissimi
504 3721 581 3754 Regis
595 3721 707 3755 Magnae
722 3721 879 3748 Britannia·
893 3719 927 3748 ad
943 3719 1045 3749 Portus
1057 3720 1230 3756 prohibitos,
1239 3729 1312 3757 quo-

253 3765 319 3785 rum
334 3757 361 3784 in
375 3756 598 3792 praecedentitius
613 3755 784 3786 Foederibus
807 3758 915 3786 mentio
937 3757 984 3795 fit,
1004 3757 1108 3795 absque
1131 3758 1240 3795 speciall
1259 3757 1311 3787 Li-

255 3793 349 3823 centia
364 3796 439 3829 Regis
455 3797 555 3822 Daniae
573 3796 605 3824 &
623 3796 770 3831 Norvegiae
783 3795 869 3834 petita
884 3796 916 3825 δε
935 3796 1068 3833 obtenta,
1086 3796 1245 3826 nullatenus
1265 3806 1313 3826 ac-

255 3831 358 3861 cedant
380 3831 428 3860 nili
453 3833 567 3861 evidens
589 3832 677 3862 Maris
701 3834 865 3864 Periculum
884 3841 930 3863 aut
945 3833 1164 3872 Tempestatum
1180 3833 1312 3872 impulsus

252 3869 390 3939 ῗςείᾀετε
405 3868 450 3899 vel
461 3870 561 3900 intrare
578 3872 722 3909 coegerit,
735 3872 784 3902 ubi
799 3881 868 3902 tunc
883 3873 1004 3902 minime
1016 3873 1091 3910 ipsos
1103 3872 1312 3905 Mercandiiare

265 3916 308 3939 ice
330 3915 362 3938 it.

283 3983 398 4016 Ιτωι
412 3982 602 4016 Conventutn
622 3984 843 4018 Concordaturn
859 3986 894 4019 &
910 3984 1089 4019 Conclusum
1107 3987 1165 4023 est,
1194 3986 1275 4026 quod
1293 3988 1313 4018 fi

621 72 1422 123 CONVENTIONES‚

1504 70 1904 120 LITERAE‚

1299 160 1423 197 aliquem
1447 167 1481 188 ex
1508 157 1620 189 alterius
1646 158 1737 198 Regis
1763 157 1888 189 Subditis
1909 159 1988 197 juxta
2013 157 2121 189 alterius
2147 159 2237 200 Regis
2264 160 2374 194 Littora
2389 164 2517 200 Ann.D.'¹
2549 174 2553 198 ῐ

1302 197 1499 235 Naufragium
1516 197 1609 227 facere
1626 199 1775 233 contingat
1789 220 1800 234 ,
1825 197 1942 228 fraCiam
1961 198 1994 227 ὃ(
2014 197 2137 235 quaffam
2159 198 2278 230 Navem
2295 211 2364 232 cum
2403 204 2488 238 1621.
2550 206 2553 234 ζ

1305 236 1452 267 Mercibus
1476 235 1628 266 vendicare
1650 236 1754 274 poterit
1768 258 1778 273 ,
1802 245 1894 274 neque
1910 236 2064 280 ‘quisquam
2083 238 2109 267 ei
2128 238 2156 267 in
2177 238 2210 268 ea
2229 249 2257 269 re
2276 240 2367 277 impe-
2384 245 2515 281 19Jac.1.
2550 258 2554 273 i

1302 275 1433 305 dimento
1459 274 1537 312 erit,
1563 274 1631 312 quin
1656 275 1831 304 tenebuntur
1857 283 1949 312 potius
1976 275 2033 305 loci
2059 274 2168 306 Incolae
2183 298 2191 313 ,
2220 276 2238 306 si
2257 277 2314 308 hoc
2332 280 2368 309 ab

1303 314 1335 344 iis
1353 321 1463 351 petatur
1479 334 1489 351 ,
1514 321 1544 344 ut
1561 335 1571 352 ,
1601 321 1654 350 pro
1664 312 1740 351 justa
1757 312 1898 344 Mercede
1915 313 2034 344 Laboris
2050 337 2060 352 ,
2091 314 2283 354 Naufragium
2310 326 2372 354 pas-

1302 351 1332 382 so
1355 351 1460 382 auxilio
1485 350 1538 383 sint
1561 351 1598 382 ad
1615 360 1648 382 ea
1666 361 1732 390 quae
1747 350 1846 383 servari
1864 359 1998 390 poterunt
2017 361 2052 382 ex
2069 352 2232 393 Naufragio
2251 356 2372 393 eripien—

1304 390 1349 422 da.

1775 427 1807 459 X
1825 427 1853 459 V
1873 427 1897 460 I.

1339 466 1430 498 ITEM
1449 466 1641 499 Conventum
1661 466 1883 498 Concordatum
1903 466 1936 498 &
1955 465 2139 498 Conclusum
2157 467 2198 498 est
2218 493 2227 508 ,
2251 471 2332 509 quod
2352 472 2372 502 si

1303 505 1462 537 alterutrius
1477 505 1566 545 Regis
1581 506 1719 538 Subditus
1736 508 1765 537 in
1783 506 1891 537 alterius
1905 505 2066 536 Territorio
2082 506 2214 544 laedaiur,
2230 510 2276 539 vel
2295 509 2373 548 Inju-

1305 543 1346 574 ria
1363 544 1421 575 five
1441 544 1627 576 Detrimento
1647 544 1799 582 afficiatur,
1822 545 1962 575 tenebitur
1978 543 2044 574 Rex
2064 543 2141 575 istius
2158 545 2219 576 loci
2237 547 2270 577 ad
2286 548 2373 587 Justi-

1306 583 1377 614 tiam
1394 583 1435 614 illi
1451 583 1706 615 administrandam
1723 583 1879 614 secundum
1895 582 1963 622 Jura
1979 584 2014 614 &
2033 582 2142 622 Leges,
2159 583 2243 622 idque
2256 596 2374 625 promp-

1305 629 1334 652 te
1352 623 1386 653 &
1405 622 1460 653 fine
1478 621 1614 653 dilatione
1633 631 1770 660 quantum
1789 633 1837 659 pei·
1859 622 1948 662 Leges
1966 622 1999 653 &
2020 620 2247 653 Constitutiones
2265 623 2375 664 Regio—

1307 659 1432 704 nis-fieri
1458 663 1564 700 poterit
1578 685 1588 700 ‚
1617 663 1658 692 uti
1678 663 1761 693 etiam
1780 662 1814 692 ad
1833 671 1901 692 eum
1918 662 2093 700 puniendum
2110 662 2159 700 qui
2175 660 2312 700 injuriam
2331 664 2374 695 fe-

1307 708 1388 730 cerit.

1342 775 1434 806 ITEM
1451 776 1644 808 Conventum
1660 777 1880 808 Concordatum
1894 777 1926 808 &
1940 775 2122 808 Conclusum
2140 778 2288 817 est,quod
2302 780 2379 810 nulla

1309 818 1416 854 privata
1441 815 1542 854 Injuria
1564 817 1671 847 Foedus
1693 817 1750 847 hoc
1775 816 1833 846 ullo
1854 817 1945 846 modo
1967 815 2135 853 infirmabit,
2157 828 2251 856 neque
2272 818 2375 849 odium

1309 864 1356 885 aut
1371 863 1524 886 rancorem
1539 856 1609 885 inter
1624 856 1771 894 praedidias
1790 855 1933 885 Nationes
1950 855 2105 892 suscitabit,
2125 856 2170 887 sed
2196 857 2313 894 quilibet
2338 857 2375 887 de

1309 893 1388 924 facto
1402 893 1451 924 suo
1468 894 1646 931 respondebit
1659 895 1753 932 deque
1769 904 1806 924 eo
1827 894 1988 932 tenebitur,
2005 904 2113 932 neque,
2132 905 2182 933 per
2204 895 2375 935 Repreialias

1311 941 1357 962 aut
1375 932 1445 963 alios
1466 932 1629 971 hujusmodi
1648 932 1762 964 odiosos
1788 933 1952 970 Proceffus,
1970 933 2038 963 alius
2059 932 2086 963 id
2108 933 2181 966 Luet
2194 935 2222 964 in
2236 945 2294 972 quo
2309 936 2378 965 alius

1312 970 1523 1040 Dfnqudtb'sed
1540 971 1595 1009 ipse
1608 972 1702 1002 Autor
1719 971 1755 1002 de
1767 971 1858 1002 Facto
1870 971 1920 1002 suo
1938 971 2048 1010 injure
2069 972 2170 1011 absque
2187 974 2271 1004 omni
2294 974 2377 1005 morsi

1311 1019 1502 1048 reponeit.
1760 1048 1939 1080 XVIII

1350 1086 1398 1117 1⁹1·
1408 1095 1426 1116 Ε
1439 1095 1464 1117 Μ
1488 1086 1680 1118 Conventum
1697 1087 1918 1119 Concordatum
1933 1090 1966 1120 &
1981 1087 2161 1119 Conclusum
2183 1088 2241 1126 est,
2258 1089 2339 1127 quod
2360 1090 2380 1120 si

1314 1125 1505 1164 imposterum
1521 1122 1612 1164 (φοι-,1
1628 1136 1725 1158 tamen
1740 1127 1803 1157 fore
1819 1136 1878 1157 non
1893 1126 2049 1165 speramus,
2062 1128 2094 1157 ὃς
2112 1135 2142 1157 ut
2158 1126 2239 1159 Deus
2255 1129 2383 1159 clemen-

1315 1173 1359 1196 ter
1375 1173 1481 1195 avertat
1494 1165 1621 1201 oramus)
1638 1164 1760 1196 Diffidia
1775 1166 1907 1204 quaedam
1928 1174 1974 1196 aut
1995 1164 2210 1196 Controversias
2235 1168 2304 1197 inter
2329 1168 2383 1198 hos

1317 1204 1415 1243 Reges
1433 1203 1479 1234 vel
1493 1202 1595 1242 Regna
1607 1204 1674 1233 oriri
1699 1205 1866 1243 contingat,
1884 1204 2028 1235 amicabili
2050 1205 2236 1235 Tractatione
2261 1215 2384 1243 compo-

1315 1243 1523 1311 riendanerfiuergt³
1541 1251 1635 1281 neque
1648 1243 1688 1273 ob
1703 1243 1730 1274 id
1745 1244 1864 1281 praesens
1880 1243 1987 1274 Foedus
2001 1242 2060 1274 ullo
2074 1243 2166 1274 modo
2183 1243 2317 1284 tolletur,
2337 1253 2384 1275 aut

1315 1291 1361 1311 ll'l'l
1375 1291 1391 1311 u
1495 1305 1501 1310 .

1797 1319 1830 1351 X
1847 1319 1859 1350 1
1880 1319 1921 1352 X.

1356 1357 1573 1397 QumeTmM
1597 1356 1698 1390 Insulae
1720 1360 1842 1390 Orcades
1866 1358 1904 1394 ὠ»
1925 1359 2076 1390 Schetland
2093 1359 2196 1398 absque
2210 1359 2383 1395 Praeiudicio

1316 1396 1518 1428 Succefforurn
1545 1397 1580 1428 ab
1603 1397 1659 1429 hac
1685 1398 1872 1429 Tradfflione
1891 1398 2002 1429 excludi
2015 1406 2182 1437 nequeunt,
2201 1399 2220 1418 θ*
2240 1397 2382 1429 Conven—
2399 1392 2417 1410 ²¹²
2435 1394 2529 1422 XVII.

1316 1445 1382 1466 tum
1409 1435 1475 1466 ideo
1498 1434 1718 1467 Concordatum
1742 1437 1776 1468 &
1797 1436 1976 1468 Conclusum
2000 1437 2041 1468 est
2059 1460 2079 1482 ,ι
2096 1438 2175 1482 quod
2200 1438 2293 1467 omnis
2315 1437 2381 1468 inde
2397 1442 2461 1470 309·

1317 1474 1469 1505 Traeiatus
1483 1474 1601 1506 durante
1615 1475 1758 1515 utriusque
1772 1476 1817 1507 vel
1836 1476 1990 1507 alterutrius
2005 1476 2093 1515 Regis
2108 1475 2166 1507 vita
2180 1475 2318 1514 quiescet,
2334 1486 2387 1506 ne-

1319 1523 1375 1552 que
1388 1513 1424 1544 de
1439 1523 1470 1544 ea
1486 1524 1516 1544 re
1532 1514 1686 1552 quidquam
1705 1515 1890 1553 movebitur,
1909 1517 1992 1546 omni
2008 1524 2102 1546 tamen
2113 1514 2185 1554 Jure
2207 1514 2387 1546 Successori-

1318 1552 1371 1583 bus
1388 1553 1498 1592 semper
1509 1553 1543 1583 &
1558 1554 1587 1583 in
1602 1562 1696 1584 totum
1710 1553 1785 1584 iiilvo
1799 1561 1940 1623 rngnggite.

1814 1610 1826 1622 A
1900 1616 1906 1623 ι

1356 1629 1449 1660 ITEM
1465 1629 1658 1661 Conventum
1674 1629 1897 1662 Concordaturn
1914 1630 1946 1662 &
1961 1629 2142 1662 Conclusum
2157 1631 2216 1670 est,
2234 1630 2316 1670 quod
2339 1641 2388 1669 per

1320 1668 1395 1698 nulla
1418 1668 1506 1699 Pacta
1529 1668 1750 1699 Conventiones
1778 1669 1921 1700 Articulos
1944 1669 2001 1700 sive
2023 1669 2154 1708 Capitula
2171 1695 2180 1708 ,
2207 1671 2236 1700 in
2259 1670 2388 1707 praesenti

1321 1707 1450 1737 Foederis
1461 1707 1601 1737 Tractatu
1617 1715 1771 1743 contenta,
1786 1708 1843 1738 ullo
1860 1708 1952 1738 modo
1968 1710 2160 1745 praecedentes
2175 1708 2327 1739 Tractatus
2341 1718 2389 1740 aut

1322 1745 1461 1783 Foedera,
1481 1747 1553 1775 inter
1578 1746 1802 1776 Confoederatos
1826 1746 1976 1783 praedictos
1998 1755 2046 1777 aut
2070 1747 2131 1777 suos
2148 1747 2389 1786 Praedecessores,

1322 1792 1382 1814 tam
1400 1794 1453 1821 pro
1468 1784 1582 1820 Regnis
1600 1784 1704 1814 Daiiiae
1718 1786 1750 1815 s&
1767 1784 1939 1824 Norwcgiu:
1957 1786 2044 1823 quam
2063 1796 2116 1824 pro
2144 1785 2254 1825 Regnis
2278 1787 2390 1825 Angliu:

1324 1822 1432 1853 Scotiae
1454 1823 1488 1854 ὃ(
1510 1822 1662 1854 Hiberniae
1683 1823 1836 1860 respeciive
1857 1824 1973 1854 antehac
1996 1824 2068 1855 faeta
2085 1847 2095 1863 ,
2119 1825 2282 1855 censeantur
2304 1826 2393 1856 subla-

1323 1869 1351 1892 ta
1367 1860 1412 1891 vel
1428 1862 1585 1899 antiquata3
1605 1862 1649 1893 sed
1669 1871 1699 1892 ut
1720 1872 1750 1892 ea
1769 1872 1906 1900 perpetuo
1925 1872 2055 1894 maneant
2074 1864 2102 1892 in
2119 1863 2168 1893 suo
2185 1862 2305 1901 pristino
2324 1863 2390 1895 Ro-

1324 1901 1396 1930 bore
1420 1899 1567 1930 Firmitate
1590 1901 1623 1932 &
1652 1900 1762 1940 Vigore
1779 1925 1789 1939 ,
1816 1910 1952 1940 quatenus
1976 1912 2035 1931 non
2052 1903 2103 1932 sint
2123 1903 2263 1932 contraria
2282 1912 2328 1932 aut
2351 1913 2395 1932 re-

1324 1939 1476 1978 pugnantia
1497 1939 1624 1977 praeseiiti
1645 1939 1761 1970 Foederi
1779 1949 1825 1971 aut
1845 1941 2043 1971 Articulorum
2060 1941 2142 1972 alicui
2159 1942 2187 1970 in
2203 1941 2306 1971 eodem
2323 1952 2397 1972 con—

1325 1987 1416 2009 tento.

1794 2016 1825 2047 X
1843 2017 1873 2048 X
1892 2017 1914 2049 Ι.

1364 2055 1455 2086 ITEM
1478 2063 1659 2086 conventum
1684 2056 1896 2087 concordatum
1922 2059 1955 2089 &
1970 2056 2139 2087 conclusum
2154 2057 2211 2096 est,
2229 2057 2308 2096 quod
2324 2058 2395 2088 dic'ti

1327 2093 1499 2124 Serenissimi
1524 2094 1670 2133 Principes
1694 2093 1863 2135 Christianus
1885 2098 1986 2125 Daniae
2002 2119 2011 2133 ‚
2035 2097 2204 2133 Norvegiae,
2228 2096 2289 2131 &a
2314 2099 2395 2134 Rex,

1329 2133 1361 2164 &
1379 2133 1501 2172 Jacobus
1517 2136 1630 2170 Magnae
1645 2136 1826 2172 Britanniae‚
1841 2133 1902 2170 &aa
1917 2138 1977 2164 Rex
1987 2157 1996 2172 ‚
2010 2136 2109 2166 omnia
2124 2144 2157 2165 ac
2175 2135 2281 2174 singula
2305 2134 2397 2172 Capi-

1330 2172 1388 2202 tula
1403 2173 1431 2201 in
1446 2173 1574 2209 praesenti
1591 2173 1730 2202 TraCtatu
1754 2182 1900 2203 conventa
1919 2174 1952 2204 &
1977 2173 2110 2212 stabilita,
2130 2174 2238 2204 sincere
2260 2183 2292 2203 ac
2320 2174 2399 2204 bonCi.

1330 2209 1386 2240 fide
1398 2211 1607 2249 observabunt,
1623 2221 1672 2249 per
1685 2211 1802 2249 suosque
1819 2211 1954 2242 Subditos
1970 2213 2002 2242 &
2018 2211 2126 2242 Incolas
2140 2212 2281 2243 observari
2297 2213 2329 2243 ὃ(
2346 2223 2400 2244 cu-

1331 2249 1429 2279 stodiri
1452 2250 1557 2280 facient
1574 2273 1584 2289 ,
1610 2260 1702 2288 neque
1726 2250 1780 2280 illis
1802 2250 1908 2281 dircCt‘e
1930 2250 1974 2282 vel
1999 2250 2138 2281 indireffit
2159 2253 2397 2289 contravenient,

1330 2297 1376 2319 aut
1396 2298 1445 2325 per
1464 2289 1524 2319 suos
1545 2289 1678 2320 Subditos
1697 2289 1742 2320 vel
1762 2288 1870 2319 Incolas
1890 2298 1920 2320 ut
1939 2291 2191 2320 contraveniantur
2219 2290 2327 2321 directe
2353 2292 2400 2321 vel

1331 2328 1469 2358 indiretfte
1489 2328 1669 2359 consentient
1684 2351 1693 2366 ,
1716 2330 1874 2367 omniaque
1889 2329 1922 2359 &
1943 2328 2047 2367 singula
2064 2337 2094 2359 ut
2114 2328 2193 2366 supra
2214 2328 2370 2359 Conventa
2387 2352 2398 2368 ,

1332 2376 1382 2403 per
1399 2366 1519 2397 Litteras
1538 2366 1685 2404 patentes,
1703 2368 1833 2397 manibus
1849 2367 1901 2397 suis
1921 2366 2104 2406 subscriptas,
2128 2368 2162 2399 δε
2182 2366 2296 2407 Magnis
2316 2367 2401 2407 Sigil-

1332 2406 1363 2435 lis
1388 2405 1440 2435 suis
1465 2405 1608 2444 sigillatas,
1634 2404 1811 2437 ratificabunt
1863 2407 2081 2437 authorizabunt
2107 2405 2142 2436 &
2161 2405 2398 2445 confirmabunt,

1332 2446 1363 2473 in
1386 2443 1536 2474 sufficienti
1562 2446 1594 2474 ὅ(
1620 2444 1714 2474 valida
1736 2454 1770 2475 ac
1795 2429 1908 2475 efficaci
1933 2444 2030 2475 forma
2054 2452 2207 2481 conceptas
2233 2445 2267 2475 &
2293 2444 2394 2475 confe-

1335 2482 1410 2518 etas,
1425 2482 1591 2520 easdemque
1610 2483 1757 2520 reciproce
1775 2482 1845 2513 infra
1863 2491 1981 2521 quatuor
2002 2482 2117 2513 Menses
2135 2482 2201 2519 post
2214 2481 2308 2513 datam
2322 2491 2397 2520 prae·

1333 2521 1453 2589 ifeigium
1471 2520 1580 2552 tradent
1597 2521 1644 2552 seu
1664 2521 1770 2552 tradere
1786 2521 1908 2560 facient,
1927 2521 2005 2552 bona
2023 2520 2080 2551 fide
2097 2521 2204 2551 realiter
2221 2519 2254 2551 ὃ(
2271 2529 2340 2551 cum
2355 2520 2399 2552 ef—

1346 2569 1361 2589 e
1395 2569 1420 2590 u.

1468 2639 1624 2677 Sequuntur
1643 2636 1853 2676 Commiffionum
1869 2647 1902 2666 ac
1920 2634 2128 2665 Mandatorum
2146 2637 2270 2665 Τεηονες.

1374 2713 1446 2744 Nos
1464 2713 1629 2753 Christianus
1649 2713 1797 2754 Qartus,
1816 2712 1875 2743 Dei
1894 2712 2011 2750 Gratia,
2035 2714 2139 2742 Dam'ae
2159 2714 2308 2751 Norvegiae
2327 2716 2403 2745 Van-

1337 2752 1461 2782 dalorum
1479 2751 1694 2793 Gotthorumque
1712 2752 1740 2783 R
1753 2762 1770 2782 E
1780 2762 1798 2782 x
1814 2776 1823 2790 ,
1853 2752 1915 2782 Du
1926 2761 1943 2782 x
1959 2750 2065 2791 Slefin'ci
2085 2750 2222 2790 Holfhtiae
2239 2756 2402 2784 Stormariae

1336 2803 1367 2821 ac
1384 2790 1583 2831 Dithmarfiae,
1610 2790 1752 2822 COMES
1771 2795 1801 2820 in
1823 2791 1977 2828 oldenburg
1996 2788 2034 2825 ὠ·
2054 2789 2259 2829 Delmenhorsl,
2280 2792 2400 2823 Notum

1336 2831 1457 2861 facimus
1475 2831 1612 2861 omnibus
1626 2831 1660 2862 &
1676 2830 1789 2870 singulis
1807 2831 1909 2869 quibus
1927 2830 1973 2860 hae
1991 2827 2102 2859 nostrae
2121 2829 2332 2861 exhibebuntur
2351 2831 2404 2861 Li·-

1339 2879 1416 2902 terae.

1377 2908 1447 2938 Nos
1470 2906 1675 2939 considerantes
1696 2908 1833 2939 maximas
1859 2906 2002 2938 Utilitates
2021 2914 2086 2944 quae
2103 2914 2138 2936 ex
2157 2907 2332 2944 Regnorum
2352 2917 2406 2938 no-

1339 2946 1462 2978 strorum
1487 2946 1566 2977 ariri
1589 2946 1798 2984 conjunffione
1823 2955 1894 2977 curn
1917 2945 2027 2983 Regno
2054 2943 2178 2982 Magnae
2204 2945 2355 2978 Britanniae
2370 2946 2405 2977 ad

1340 2986 1476 3017 Subditos
1499 2993 1716 3023 pervenerunt,
1741 2985 1775 3016 &
1801 2985 1911 3015 idcirco
1934 2984 2056 3014 eandem
2082 2984 2170 3014 indies
2194 2984 2352 3016 firmiorem
2371 2986 2405 3016 &

1340 3024 1514 3056 stabiliorem
1532 3025 1590 3055 effe
1607 3025 1769 3062 cupientes,
1788 3023 1936 3054 Nobilem
1956 3033 1990 3054 ac
2009 3022 2190 3054 Generosum
2209 3023 2311 3054 Virum
2327 3023 2407 3063 Reg—

1341 3065 1373 3094 ni
1391 3063 1479 3094 nostri
1498 3064 1668 3095 Senatorem
1688 3062 1804 3093 Militiae
1821 3062 1925 3092 nostrae
1944 3061 2072 3092 Scanicae
2089 3084 2099 3099 ,
2126 3062 2265 3100 Arcisque
2292 3063 2406 3093 Landes

1345 3103 1498 3134 Cronensis
1515 3101 1705 3138 Praefec‘tum,
1723 3111 1756 3131 ac
1776 3100 1902 3130 Fidelem
1924 3100 2025 3131 Nobis
2043 3110 2111 3131 cum
2132 3102 2229 3137 primis
2244 3101 2405 3138 Dilectum,

1345 3142 1494 3171 Andream
1517 3139 1672 3170 Saincklair
1697 3139 1829 3177 Equitem
1854 3139 1992 3169 Auratum
2022 3138 2242 3169 Haereditaiium
2259 3142 2287 3170 in
2307 3140 2405 3171 Sainc·

1344 3180 1525 3218 klairssiolm,
1539 3179 1572 3210 ad
1587 3177 1802 3208 Serenissimum
1821 3177 1984 3215 Principem
2001 3177 2168 3208 Dominum
2180 3178 2315 3216 Jacobmn
2323 3181 2405 3215 Mag-

1344 3230 1387 3248 nae
1406 3221 1565 3247 Britanniae
1583 3219 1705 3246 Franciae
1724 3215 1762 3251 ὠ·
1780 3215 1920 3246 Hiberniae
1939 3219 2034 3252 Regem
2049 3240 2058 3253 ,
2084 3216 2164 3247 Fidei
2191 3217 2378 3248 Defeiisorem
2393 3237 2404 3252 ‚

1345 3256 1597 3294 Consanguineum
1618 3254 1746 3285 Affinem
1766 3254 1890 3284 Fratrem
1908 3265 1941 3286 ac
1960 3255 2155 3293 compatrem
2174 3255 2304 3286 nostrum
2325 3254 2403 3284 Cha-

1345 3295 1505 3332 riffimum,
1531 3294 1634 3324 misisse
1652 3303 1719 3324 cum
1741 3292 1903 3332 Mandatis,
1926 3301 1958 3324 ut
1975 3293 2081 3324 Fcedus
2100 3294 2252 3331 antiquum
2269 3293 2344 3332 quod
2362 3293 2407 3321 in-

1346 3343 1390 3365 ter
1406 3333 1476 3364 Nos
1495 3335 1529 3364 &
1546 3332 1642 3364 Divos
1658 3331 1880 3362 Praedeceflores
1898 3332 2011 3362 nostros
2030 3333 2159 3370 utrinque
2183 3333 2236 3362 fuit
2261 3340 2328 3362 cum
2348 3330 2404 3374 ¹Se—

1348 3373 1463 3403 renitatc
1485 3372 1567 3409 ipsius
1593 3380 1741 3401 renovaret
1757 3393 1766 3409 ,
1790 3372 1822 3401 &
1851 3370 1962 3401 Novos
1978 3371 2123 3401 Articulos
2142 3372 2189 3409 qui
2208 3379 2241 3401 ex
2259 3369 2307 3400 usu
2326 3369 2404 3400 vide-

1347 3412 1452 3441 buntur
1468 3433 1478 3448 ,
1500 3411 1534 3441 ὃς
1551 3410 1587 3440 de
1605 3410 1707 3447 quibus
1725 3410 1879 3440 convenire
1899 3409 1990 3447 posset
2003 3433 2013 3447 ,
2038 3409 2075 3439 illi
2094 3409 2230 3446 adderet,
2255 3416 2285 3438 ut
2308 3415 2404 3437 autem

1347 3450 1406 3480 hoc
1424 3459 1461 3479 eo
1478 3450 1664 3480 commodius
1682 3448 1816 3486 perficere
1835 3449 1927 3486 posset
1940 3471 1951 3486 ,
1977 3448 2095 3479 liberam
2112 3450 2137 3478 ei
2155 3449 2188 3480 δε
2211 3446 2321 3489 Plenam
2346 3446 2407 3476 Po-

1346 3488 1475 3520 testatem
1494 3488 1652 3518 clementer
1670 3488 1816 3525 dedimus,
1837 3489 1877 3518 uti
1893 3488 1925 3518 &
1945 3488 2043 3525 vigore
2060 3486 2144 3524 hujus
2166 3485 2334 3523 Diplomatis
2352 3494 2407 3514 no-

1348 3527 1397 3558 stri
1418 3526 1504 3564 Regii
1528 3526 1640 3563 plenam
1663 3537 1697 3557 ac
1722 3527 1839 3556 liberam
1867 3525 2044 3556 Potestatem
2064 3527 2089 3555 ei
2107 3524 2205 3556 damus
2220 3523 2252 3553 δε
2269 3523 2408 3553 concedi-

1350 3575 1429 3603 muS,
1448 3567 1484 3596 ita
1500 3573 1531 3595 ut
1548 3565 1715 3602 praedietum
1737 3565 1899 3603 Negotium
1917 3574 1987 3595 cum
2005 3564 2158 3594 Serenitate
2174 3561 2333 3604 ipfius,·vel
2349 3564 2408 3600 ejus

1352 3603 1494 3635 Ministris
1512 3604 1546 3633 ad
1564 3604 1621 3635 hoc
1637 3604 1788 3644 specialiter
1805 3604 1936 3642 delegatis
1949 3626 1960 3642 ,
1987 3603 2103 3633 tradiare
2115 3625 2124 3637 ,
2152 3599 2271 3644 Foedera
2295 3602 2407 3645 antiqua

1351 3652 1487 3674 renovare
1501 3665 1510 3679 ,
1532 3643 1632 3672 eadem
1659 3644 1769 3674 uberius
1794 3642 1934 3672 declarare
1949 3663 1959 3678 ,
1982 3651 2074 3672 novos
2099 3638 2241 3669 Articulos
2260 3638 2381 3682 adjicere
2397 3665 2406 3678 ‚

1350 3682 1455 3712 Literas
1469 3704 1478 3719 ,
1503 3680 1522 3711 ii
1542 3691 1605 3719 quae
1622 3681 1700 3720 super
1718 3683 1749 3711 iis
1766 3681 1954 3710 conficiendae
1972 3687 2068 3715 erunt,
2095 3676 2192 3720 nostro
2211 3686 2330 3721 nomine
2351 3679 2406 3718 fig-

1349 3731 1415 3751 nare
1431 3721 1463 3751 &
1480 3719 1666 3758 subscribere,
1686 3720 1808 3757 denique
1827 3719 1918 3749 Adrus
1931 3727 2032 3748 omnes
2047 3716 2081 3745 ad
2099 3715 2127 3744 ld
2146 3715 2293 3760 requisitos
2312 3720 2408 3754 perin-

1348 3760 1384 3790 de
1403 3769 1437 3790 ac
1455 3758 1580 3796 ipsimet,
1600 3759 1617 3788 ii
1638 3760 1784 3796 praesentes
1799 3757 1934 3793 essemus,
1959 3756 2133 3798 faceremus,
2159 3754 2289 3792 expedire
2312 3756 2407 3793 poffit.

1349 3797 1553 3828 Promittimus
1570 3799 1654 3828 etiam
1667 3799 1701 3828 &
1714 3796 1884 3835 spondemus
1898 3797 1927 3824 in
1942 3794 2031 3824 verbo
2046 3802 2079 3822 ac
2103 3792 2170 3822 Fide
2192 3793 2301 3832 Regia,
2325 3796 2410 3833 quid-

1349 3837 1417 3874 quid
1440 3835 1590 3872 praedictus
1610 3836 1729 3867 Senator
1751 3834 1845 3873 Regni
1865 3832 1954 3863 nostri
1970 3830 2024 3861 hac
2038 3832 2144 3861 ratione
2158 3831 2257 3862 nostro
2273 3832 2409 3864 Nomine

1347 3874 1493 3911 traiciant,
1516 3874 1698 3912 concluserit,
1724 3873 1871 3912 signaverit
1891 3879 1938 3900 aut
1963 3869 2150 3907 expediverit,
2178 3870 2248 3901 Nos
2269 3872 2299 3902 id
2321 3882 2409 3902 omne

1348 3913 1465 3952 perinde
1477 3911 1586 3942 Ratum
1599 3923 1633 3943 ac
1648 3913 1773 3943 Gratum
1788 3912 1932 3941 habituros
1941 3917 1974 3937 ac
1988 3908 2007 3937 si
2028 3910 2044 3938 a
2067 3908 2287 3949 Nobismetipsis
2306 3912 2408 3943 tracia-

1349 3961 1415 3984 tum
1427 3951 1592 3983 conclusum
1605 3952 1743 3991 signatum
1756 3958 1804 3981 aut
1819 3947 1983 3986 expeditum
1998 3945 2077 3977 esset.

2381 4023 2415 4056 In
