<?xml version="1.0" encoding="UTF-8"?>
<!DOCTYPE html PUBLIC "-//W3C//DTD XHTML 1.0 Transitional//EN"
    "http://www.w3.org/TR/xhtml1/DTD/xhtml1-transitional.dtd">
<html xmlns="http://www.w3.org/1999/xhtml" xml:lang="en" lang="en">
 <head>
  <title>
</title>
<meta http-equiv="Content-Type" content="text/html;charset=utf-8" />
  <meta name='ocr-system' content='tesseract 3.04.00' />
  <meta name='ocr-capabilities' content='ocr_page ocr_carea ocr_par ocr_line ocrx_word'/>
</head>
<body>
  <div class='ocr_page' id='page_1' title='image "./fderaconventione07ryme_0324.png"; bbox 0 0 2557 4279; ppageno 0'>
   <div class='ocr_carea' id='block_1_1' title="bbox 198 172 252 214">
    <p class='ocr_par' dir='ltr' id='par_1_1' title="bbox 198 172 252 214">
     <span class='ocr_line' id='line_1_1' title="bbox 198 172 252 214; baseline -0.037 0"><span class='ocrx_word' id='word_1_1' title='bbox 198 172 252 214; x_wconf 81' lang='lat'>74</span> 
     </span>
    </p>
   </div>
   <div class='ocr_carea' id='block_1_2' title="bbox 51 232 1263 280">
    <p class='ocr_par' dir='ltr' id='par_1_2' title="bbox 51 232 1263 280">
     <span class='ocr_line' id='line_1_2' title="bbox 51 232 1263 280; baseline -0.011 -3"><span class='ocrx_word' id='word_1_2' title='bbox 51 248 128 280; x_wconf 71' lang='lat' dir='ltr'>Ann.</span> <span class='ocrx_word' id='word_1_3' title='bbox 144 245 186 275; x_wconf 87' lang='lat' dir='ltr'>D.</span> <span class='ocrx_word' id='word_1_4' title='bbox 198 246 258 276; x_wconf 80' lang='lat' dir='ltr'>dale</span> <span class='ocrx_word' id='word_1_5' title='bbox 272 247 305 276; x_wconf 63' lang='grc' dir='ltr'>ὃς</span> <span class='ocrx_word' id='word_1_6' title='bbox 321 244 452 276; x_wconf 69' lang='lat' dir='ltr'>Ridliiale</span> <span class='ocrx_word' id='word_1_7' title='bbox 464 267 471 280; x_wconf 81' lang='lat'>‚</span> <span class='ocrx_word' id='word_1_8' title='bbox 486 250 518 272; x_wconf 89' lang='lat' dir='ltr'>ac</span> <span class='ocrx_word' id='word_1_9' title='bbox 534 240 656 271; x_wconf 89' lang='lat' dir='ltr'>Custod‘</span> <span class='ocrx_word' id='word_1_10' title='bbox 672 239 800 277; x_wconf 65' lang='lat' dir='ltr'>praedicti</span> <span class='ocrx_word' id='word_1_11' title='bbox 816 238 910 269; x_wconf 88' lang='lat' dir='ltr'>Castri</span> <span class='ocrx_word' id='word_1_12' title='bbox 924 237 959 267; x_wconf 90' lang='lat' dir='ltr'>de</span> <span class='ocrx_word' id='word_1_13' title='bbox 975 236 1125 267; x_wconf 87' lang='lat' dir='ltr'>Harbottle</span> <span class='ocrx_word' id='word_1_14' title='bbox 1138 237 1168 266; x_wconf 92' lang='lat' dir='ltr'>iri</span> <span class='ocrx_word' id='word_1_15' title='bbox 1177 232 1263 264; x_wconf 79' lang='lat' dir='ltr'>Ridi-</span> 
     </span>
    </p>
   </div>
   <div class='ocr_carea' id='block_1_3' title="bbox 152 272 1264 323">
    <p class='ocr_par' dir='ltr' id='par_1_3' title="bbox 152 272 1264 323">
     <span class='ocr_line' id='line_1_3' title="bbox 152 272 1264 323; baseline -0.012 -7"><span class='ocrx_word' id='word_1_16' title='bbox 152 307 159 313; x_wconf 81' lang='grc'><strong>.</strong></span> <span class='ocrx_word' id='word_1_17' title='bbox 199 286 261 316; x_wconf 83' lang='lat' dir='ltr'>dale</span> <span class='ocrx_word' id='word_1_18' title='bbox 275 284 416 323; x_wconf 66' lang='lat' dir='ltr'>praedict&#39;,</span> <span class='ocrx_word' id='word_1_19' title='bbox 434 282 464 312; x_wconf 81' lang='lat' dir='ltr'>a&#39;c</span> <span class='ocrx_word' id='word_1_20' title='bbox 482 280 608 319; x_wconf 67' lang='lat' dir='ltr'>praediet’</span> <span class='ocrx_word' id='word_1_21' title='bbox 624 279 714 309; x_wconf 82' lang='lat' dir='ltr'>Offic⁷</span> <span class='ocrx_word' id='word_1_22' title='bbox 730 277 867 308; x_wconf 86' lang='lat' dir='ltr'>Custodis</span> <span class='ocrx_word' id='word_1_23' title='bbox 882 276 1093 307; x_wconf 86' lang='lat' dir='ltr'>Gubernatoris</span> <span class='ocrx_word' id='word_1_24' title='bbox 1107 275 1162 305; x_wconf 85' lang='lat' dir='ltr'>five</span> <span class='ocrx_word' id='word_1_25' title='bbox 1176 272 1264 311; x_wconf 75' lang='lat' dir='ltr'>Capi-</span> 
     </span>
    </p>
   </div>
   <div class='ocr_carea' id='block_1_4' title="bbox 120 311 1264 358">
    <p class='ocr_par' dir='ltr' id='par_1_4' title="bbox 120 311 1264 358">
     <span class='ocr_line' id='line_1_4' title="bbox 120 311 1264 358; baseline -0.011 -4"><span class='ocrx_word' id='word_1_26' title='bbox 120 335 141 354; x_wconf 75' lang='lat' dir='ltr'>c.</span> <span class='ocrx_word' id='word_1_27' title='bbox 170 344 175 350; x_wconf 84' lang='lat'><strong>·</strong></span> <span class='ocrx_word' id='word_1_28' title='bbox 199 325 272 354; x_wconf 83' lang='lat' dir='ltr'>tanei</span> <span class='ocrx_word' id='word_1_29' title='bbox 289 323 434 353; x_wconf 77' lang='lat' dir='ltr'>Genera²is</span> <span class='ocrx_word' id='word_1_30' title='bbox 447 319 589 358; x_wconf 60' lang='lat' dir='ltr'>praeciietae</span> <span class='ocrx_word' id='word_1_31' title='bbox 605 317 734 348; x_wconf 79' lang='lat' dir='ltr'>Civitatis</span> <span class='ocrx_word' id='word_1_32' title='bbox 752 316 869 347; x_wconf 87' lang='lat' dir='ltr'>Carliol&#39;</span> <span class='ocrx_word' id='word_1_33' title='bbox 884 317 917 346; x_wconf 74' lang='grc' dir='ltr'>δε</span> <span class='ocrx_word' id='word_1_34' title='bbox 933 313 1025 344; x_wconf 81' lang='lat' dir='ltr'>Castri</span> <span class='ocrx_word' id='word_1_35' title='bbox 1038 313 1163 351; x_wconf 81' lang='lat' dir='ltr'>ejusdem</span> <span class='ocrx_word' id='word_1_36' title='bbox 1179 311 1264 342; x_wconf 89' lang='lat' dir='ltr'>Civi-</span> 
     </span>
    </p>
   </div>
   <div class='ocr_carea' id='block_1_5' title="bbox 96 3342 206 3417">
    <p class='ocr_par' dir='ltr' id='par_1_5' title="bbox 96 3342 206 3417">
     <span class='ocr_line' id='line_1_5' title="bbox 98 3342 206 3368; baseline 0 0"><span class='ocrx_word' id='word_1_37' title='bbox 98 3342 206 3368; x_wconf 68' lang='lat' dir='ltr'>⁸·va</span> 
     </span>
     <span class='ocr_line' id='line_1_6' title="bbox 96 3390 162 3417; baseline -0.015 -10"><span class='ocrx_word' id='word_1_38' title='bbox 96 3390 162 3417; x_wconf 81' lang='lat'>5¹¹·</span> 
     </span>
    </p>
   </div>
   <div class='ocr_carea' id='block_1_6' title="bbox 200 349 1267 475">
    <p class='ocr_par' dir='ltr' id='par_1_6' title="bbox 200 349 1267 475">
     <span class='ocr_line' id='line_1_7' title="bbox 200 349 1262 399; baseline -0.014 -6"><span class='ocrx_word' id='word_1_39' title='bbox 200 365 279 399; x_wconf 71' lang='lat' dir='ltr'>tatis,</span> <span class='ocrx_word' id='word_1_40' title='bbox 297 370 437 391; x_wconf 66' lang='lat' dir='ltr'>accaeteia</span> <span class='ocrx_word' id='word_1_41' title='bbox 455 359 552 388; x_wconf 86' lang='lat' dir='ltr'>omnia</span> <span class='ocrx_word' id='word_1_42' title='bbox 568 359 600 388; x_wconf 91' lang='lat'>&amp;</span> <span class='ocrx_word' id='word_1_43' title='bbox 617 357 740 394; x_wconf 81' lang='lat' dir='ltr'>singula,</span> <span class='ocrx_word' id='word_1_44' title='bbox 756 365 826 386; x_wconf 88' lang='lat' dir='ltr'>curn</span> <span class='ocrx_word' id='word_1_45' title='bbox 840 349 1262 384; x_wconf 59' lang='lat' dir='ltr'>eorumP1&gt;aeheminenriisLi-</span> 
     </span>
     <span class='ocr_line' id='line_1_8' title="bbox 201 389 1267 433; baseline -0.013 -2"><span class='ocrx_word' id='word_1_46' title='bbox 201 402 355 431; x_wconf 63' lang='lat' dir='ltr'>bertinbus</span> <span class='ocrx_word' id='word_1_47' title='bbox 374 397 607 427; x_wconf 72' lang='lat' dir='ltr'>Comoditiribus</span> <span class='ocrx_word' id='word_1_48' title='bbox 621 396 653 425; x_wconf 71' lang='grc' dir='ltr'>δε</span> <span class='ocrx_word' id='word_1_49' title='bbox 671 393 849 433; x_wconf 75' lang='lat' dir='ltr'>Appenditiis</span> <span class='ocrx_word' id='word_1_50' title='bbox 863 392 1011 430; x_wconf 83' lang='lat' dir='ltr'>universis,</span> <span class='ocrx_word' id='word_1_51' title='bbox 1032 390 1151 429; x_wconf 76' lang='lat' dir='ltr'>praefato</span> <span class='ocrx_word' id='word_1_52' title='bbox 1168 389 1267 418; x_wconf 82' lang='lat' dir='ltr'>comiti</span> 
     </span>
     <span class='ocr_line' id='line_1_9' title="bbox 203 428 1267 475; baseline -0.013 -6"><span class='ocrx_word' id='word_1_53' title='bbox 203 439 312 470; x_wconf 60' lang='lat' dir='ltr'>cim-br*</span> <span class='ocrx_word' id='word_1_54' title='bbox 328 447 374 475; x_wconf 81' lang='lat' dir='ltr'>per</span> <span class='ocrx_word' id='word_1_55' title='bbox 390 436 433 473; x_wconf 82' lang='lat' dir='ltr'>se,</span> <span class='ocrx_word' id='word_1_56' title='bbox 453 436 496 465; x_wconf 86' lang='lat' dir='ltr'>vel</span> <span class='ocrx_word' id='word_1_57' title='bbox 510 445 558 472; x_wconf 81' lang='lat' dir='ltr'>per</span> <span class='ocrx_word' id='word_1_58' title='bbox 573 433 763 464; x_wconf 79' lang='lat' dir='ltr'>sufficientem</span> <span class='ocrx_word' id='word_1_59' title='bbox 777 433 956 469; x_wconf 71' lang='lat' dir='ltr'>Deputatum</span> <span class='ocrx_word' id='word_1_60' title='bbox 970 430 1049 460; x_wconf 76' lang='lat' dir='ltr'>lirum</span> <span class='ocrx_word' id='word_1_61' title='bbox 1066 429 1121 459; x_wconf 87' lang='lat' dir='ltr'>five</span> <span class='ocrx_word' id='word_1_62' title='bbox 1136 428 1267 465; x_wconf 85' lang='lat' dir='ltr'>Deputa-</span> 
     </span>
    </p>
   </div>
   <div class='ocr_carea' id='block_1_7' title="bbox 164 464 1268 512">
    <p class='ocr_par' dir='ltr' id='par_1_7' title="bbox 164 464 1268 512">
     <span class='ocr_line' id='line_1_10' title="bbox 164 464 1268 512; baseline -0.013 -5"><span class='ocrx_word' id='word_1_63' title='bbox 164 502 169 507; x_wconf 92' lang='lat'><em>.</em></span> <span class='ocrx_word' id='word_1_64' title='bbox 204 488 249 509; x_wconf 81' lang='lat' dir='ltr'>tos</span> <span class='ocrx_word' id='word_1_65' title='bbox 262 479 323 507; x_wconf 81' lang='lat' dir='ltr'>suos</span> <span class='ocrx_word' id='word_1_66' title='bbox 337 474 522 512; x_wconf 81' lang='lat' dir='ltr'>sufficientes,</span> <span class='ocrx_word' id='word_1_67' title='bbox 540 475 660 503; x_wconf 79' lang='lat' dir='ltr'>durante</span> <span class='ocrx_word' id='word_1_68' title='bbox 675 470 858 509; x_wconf 78' lang='lat' dir='ltr'>Beneplacito</span> <span class='ocrx_word' id='word_1_69' title='bbox 874 469 992 508; x_wconf 84' lang='lat' dir='ltr'>nostro,</span> <span class='ocrx_word' id='word_1_70' title='bbox 1009 469 1028 488; x_wconf 60' lang='lat'>²*</span> <span class='ocrx_word' id='word_1_71' title='bbox 1045 469 1074 497; x_wconf 87' lang='lat' dir='ltr'>in</span> <span class='ocrx_word' id='word_1_72' title='bbox 1092 475 1152 497; x_wconf 89' lang='lat' dir='ltr'>tam</span> <span class='ocrx_word' id='word_1_73' title='bbox 1168 464 1268 502; x_wconf 87' lang='lat' dir='ltr'>amplis</span> 
     </span>
    </p>
   </div>
   <div class='ocr_carea' id='block_1_8' title="bbox 205 503 1322 4094">
    <p class='ocr_par' dir='ltr' id='par_1_8' title="bbox 205 503 1274 864">
     <span class='ocr_line' id='line_1_11' title="bbox 207 503 1271 550; baseline -0.013 -4"><span class='ocrx_word' id='word_1_74' title='bbox 207 516 299 547; x_wconf 87' lang='lat' dir='ltr'>inodo</span> <span class='ocrx_word' id='word_1_75' title='bbox 315 514 347 543; x_wconf 70' lang='grc' dir='ltr'>δε</span> <span class='ocrx_word' id='word_1_76' title='bbox 363 514 457 543; x_wconf 61' lang='lat' dir='ltr'>{orma</span> <span class='ocrx_word' id='word_1_77' title='bbox 472 514 498 543; x_wconf 89' lang='lat' dir='ltr'>in</span> <span class='ocrx_word' id='word_1_78' title='bbox 513 513 649 542; x_wconf 83' lang='lat' dir='ltr'>omnibus</span> <span class='ocrx_word' id='word_1_79' title='bbox 663 513 695 542; x_wconf 75' lang='grc' dir='ltr'>δε</span> <span class='ocrx_word' id='word_1_80' title='bbox 713 520 761 550; x_wconf 82' lang='lat' dir='ltr'>per</span> <span class='ocrx_word' id='word_1_81' title='bbox 777 510 875 539; x_wconf 86' lang='lat' dir='ltr'>omnia</span> <span class='ocrx_word' id='word_1_82' title='bbox 893 516 976 546; x_wconf 81' lang='lat' dir='ltr'>prout</span> <span class='ocrx_word' id='word_1_83' title='bbox 994 505 1121 536; x_wconf 73' lang='lat' dir='ltr'>marchio</span> <span class='ocrx_word' id='word_1_84' title='bbox 1130 503 1214 543; x_wconf 68' lang='lat' dir='ltr'>Dorf</span> <span class='ocrx_word' id='word_1_85' title='bbox 1220 514 1271 532; x_wconf 84' lang='lat' dir='ltr'>nu-</span> 
     </span>
     <span class='ocr_line' id='line_1_12' title="bbox 205 544 1270 593; baseline -0.011 -11"><span class='ocrx_word' id='word_1_86' title='bbox 205 564 251 593; x_wconf 72' lang='lat' dir='ltr'>per</span> <span class='ocrx_word' id='word_1_87' title='bbox 267 557 335 582; x_wconf 81' lang='lat' dir='ltr'>Dux</span> <span class='ocrx_word' id='word_1_88' title='bbox 354 551 444 590; x_wconf 81' lang='lat' dir='ltr'>Suff&#39;,</span> <span class='ocrx_word' id='word_1_89' title='bbox 464 551 612 589; x_wconf 71' lang='lat' dir='ltr'>Johamics</span> <span class='ocrx_word' id='word_1_90' title='bbox 626 559 708 588; x_wconf 78' lang='lat' dir='ltr'>nuper</span> <span class='ocrx_word' id='word_1_91' title='bbox 724 551 794 578; x_wconf 78' lang='lat' dir='ltr'>Dux</span> <span class='ocrx_word' id='word_1_92' title='bbox 802 546 982 582; x_wconf 84' lang='lat' dir='ltr'>Nortumhr&#39;,</span> <span class='ocrx_word' id='word_1_93' title='bbox 997 544 1112 574; x_wconf 80' lang='lat' dir='ltr'><em>Thomas</em></span> <span class='ocrx_word' id='word_1_94' title='bbox 1121 550 1202 580; x_wconf 85' lang='lat' dir='ltr'><em>nuper</em></span> <span class='ocrx_word' id='word_1_95' title='bbox 1211 544 1270 571; x_wconf 86' lang='lat' dir='ltr'>Do-</span> 
     </span>
     <span class='ocr_line' id='line_1_13' title="bbox 207 583 1270 628; baseline -0.013 -6"><span class='ocrx_word' id='word_1_96' title='bbox 207 597 296 624; x_wconf 69' lang='lat' dir='ltr'>minus</span> <span class='ocrx_word' id='word_1_97' title='bbox 313 594 422 628; x_wconf 70' lang='lat' dir='ltr'>Dacre,</span> <span class='ocrx_word' id='word_1_98' title='bbox 444 590 609 619; x_wconf 63' lang='lat' dir='ltr'>Willrelmus</span> <span class='ocrx_word' id='word_1_99' title='bbox 625 598 707 627; x_wconf 68' lang='lat' dir='ltr'>nuper</span> <span class='ocrx_word' id='word_1_100' title='bbox 724 590 856 617; x_wconf 79' lang='lat' dir='ltr'><em>Dominus</em></span> <span class='ocrx_word' id='word_1_101' title='bbox 874 586 1121 620; x_wconf 78' lang='lat' dir='ltr'>Dacre‚Henricus</span> <span class='ocrx_word' id='word_1_102' title='bbox 1130 588 1212 619; x_wconf 88' lang='lat' dir='ltr'><em>nuper</em></span> <span class='ocrx_word' id='word_1_103' title='bbox 1220 583 1270 609; x_wconf 86' lang='lat' dir='ltr'>co-</span> 
     </span>
     <span class='ocr_line' id='line_1_14' title="bbox 208 621 1271 667; baseline -0.013 -6"><span class='ocrx_word' id='word_1_104' title='bbox 208 642 262 662; x_wconf 79' lang='lat' dir='ltr'>·mes</span> <span class='ocrx_word' id='word_1_105' title='bbox 277 629 402 667; x_wconf 78' lang='lat' dir='ltr'>Cumbr&#39;,</span> <span class='ocrx_word' id='word_1_106' title='bbox 419 632 552 658; x_wconf 66' lang='lat' dir='ltr'>Hem-icus</span> <span class='ocrx_word' id='word_1_107' title='bbox 565 636 648 666; x_wconf 68' lang='lat' dir='ltr'>nuper</span> <span class='ocrx_word' id='word_1_108' title='bbox 657 630 789 657; x_wconf 74' lang='lat' dir='ltr'>Dominus</span> <span class='ocrx_word' id='word_1_109' title='bbox 801 623 946 663; x_wconf 81' lang='lat' dir='ltr'>Hunsdon,</span> <span class='ocrx_word' id='word_1_110' title='bbox 960 624 1093 650; x_wconf 83' lang='lat' dir='ltr'>Henricus</span> <span class='ocrx_word' id='word_1_111' title='bbox 1110 627 1192 657; x_wconf 80' lang='lat' dir='ltr'><em>nuper</em></span> <span class='ocrx_word' id='word_1_112' title='bbox 1211 621 1271 660; x_wconf 64' lang='grc' dir='ltr'>Βᾳ-</span> 
     </span>
     <span class='ocr_line' id='line_1_15' title="bbox 211 655 1271 706; baseline -0.013 -7"><span class='ocrx_word' id='word_1_113' title='bbox 211 673 297 700; x_wconf 79' lang='lat' dir='ltr'>minus</span> <span class='ocrx_word' id='word_1_114' title='bbox 311 672 421 706; x_wconf 77' lang='lat' dir='ltr'>Scrope,</span> <span class='ocrx_word' id='word_1_115' title='bbox 441 667 557 697; x_wconf 84' lang='lat' dir='ltr'><em>Thomas</em></span> <span class='ocrx_word' id='word_1_116' title='bbox 573 666 647 696; x_wconf 80' lang='lat' dir='ltr'>modo</span> <span class='ocrx_word' id='word_1_117' title='bbox 665 666 798 696; x_wconf 79' lang='lat' dir='ltr'><em>Dominus</em></span> <span class='ocrx_word' id='word_1_118' title='bbox 815 667 926 702; x_wconf 86' lang='lat' dir='ltr'>Scrope,</span> <span class='ocrx_word' id='word_1_119' title='bbox 944 659 1077 690; x_wconf 77' lang='lat' dir='ltr'>Robertus</span> <span class='ocrx_word' id='word_1_120' title='bbox 1094 661 1193 701; x_wconf 69' lang='lat' dir='ltr'>Bowes</span> <span class='ocrx_word' id='word_1_121' title='bbox 1211 655 1271 700; x_wconf 85' lang='lat' dir='ltr'>Ml-</span> 
     </span>
     <span class='ocr_line' id='line_1_16' title="bbox 210 695 1272 746; baseline -0.015 -7"><span class='ocrx_word' id='word_1_122' title='bbox 210 710 266 746; x_wconf 78' lang='lat' dir='ltr'>les,</span> <span class='ocrx_word' id='word_1_123' title='bbox 285 715 333 737; x_wconf 72' lang='lat' dir='ltr'>aut</span> <span class='ocrx_word' id='word_1_124' title='bbox 351 706 481 736; x_wconf 79' lang='lat' dir='ltr'>Robertus</span> <span class='ocrx_word' id='word_1_125' title='bbox 498 712 582 746; x_wconf 65' lang='lat' dir='ltr'>Carey</span> <span class='ocrx_word' id='word_1_126' title='bbox 600 705 702 741; x_wconf 80' lang='lat' dir='ltr'><strong>Miles,</strong></span> <span class='ocrx_word' id='word_1_127' title='bbox 718 705 763 733; x_wconf 92' lang='lat' dir='ltr'>vel</span> <span class='ocrx_word' id='word_1_128' title='bbox 776 703 872 739; x_wconf 88' lang='lat' dir='ltr'>aliquis</span> <span class='ocrx_word' id='word_1_129' title='bbox 888 708 1007 737; x_wconf 85' lang='lat' dir='ltr'>eorum,</span> <span class='ocrx_word' id='word_1_130' title='bbox 1025 697 1071 727; x_wconf 89' lang='lat' dir='ltr'>vel</span> <span class='ocrx_word' id='word_1_131' title='bbox 1088 697 1187 734; x_wconf 89' lang='lat' dir='ltr'>aliquis</span> <span class='ocrx_word' id='word_1_132' title='bbox 1195 695 1272 731; x_wconf 85' lang='lat' dir='ltr'>alius,</span> 
     </span>
     <span class='ocr_line' id='line_1_17' title="bbox 212 732 1274 784; baseline -0.015 -6"><span class='ocrx_word' id='word_1_133' title='bbox 212 749 257 778; x_wconf 82' lang='lat' dir='ltr'>seu</span> <span class='ocrx_word' id='word_1_134' title='bbox 270 747 354 784; x_wconf 76' lang='lat' dir='ltr'>aliqui</span> <span class='ocrx_word' id='word_1_135' title='bbox 368 746 413 776; x_wconf 89' lang='lat' dir='ltr'>alii</span> <span class='ocrx_word' id='word_1_136' title='bbox 429 745 519 775; x_wconf 81' lang='lat' dir='ltr'>Offic’</span> <span class='ocrx_word' id='word_1_137' title='bbox 534 744 659 782; x_wconf 63' lang='lat' dir='ltr'>praedit‘t’</span> <span class='ocrx_word' id='word_1_138' title='bbox 671 743 715 772; x_wconf 88' lang='lat' dir='ltr'>seu</span> <span class='ocrx_word' id='word_1_139' title='bbox 731 750 834 772; x_wconf 88' lang='lat' dir='ltr'>eorum</span> <span class='ocrx_word' id='word_1_140' title='bbox 851 738 961 776; x_wconf 84' lang='lat' dir='ltr'>aliquod</span> <span class='ocrx_word' id='word_1_141' title='bbox 977 736 1098 766; x_wconf 86' lang='lat' dir='ltr'>antehac</span> <span class='ocrx_word' id='word_1_142' title='bbox 1114 735 1221 764; x_wconf 83' lang='lat' dir='ltr'>habens</span> <span class='ocrx_word' id='word_1_143' title='bbox 1228 732 1274 764; x_wconf 89' lang='lat' dir='ltr'>vel</span> 
     </span>
     <span class='ocr_line' id='line_1_18' title="bbox 210 771 1274 821; baseline -0.015 -4"><span class='ocrx_word' id='word_1_144' title='bbox 210 787 346 817; x_wconf 77' lang='lat' dir='ltr'>habentes</span> <span class='ocrx_word' id='word_1_145' title='bbox 357 806 365 820; x_wconf 55' lang='grc' dir='ltr'><em>Ι</em></span> <span class='ocrx_word' id='word_1_146' title='bbox 383 794 447 815; x_wconf 85' lang='lat' dir='ltr'>ante</span> <span class='ocrx_word' id='word_1_147' title='bbox 462 785 525 814; x_wconf 84' lang='lat' dir='ltr'>haec</span> <span class='ocrx_word' id='word_1_148' title='bbox 541 791 669 821; x_wconf 86' lang='lat' dir='ltr'>tempora</span> <span class='ocrx_word' id='word_1_149' title='bbox 685 781 782 811; x_wconf 89' lang='lat' dir='ltr'>habuit</span> <span class='ocrx_word' id='word_1_150' title='bbox 794 778 838 809; x_wconf 90' lang='lat' dir='ltr'>seu</span> <span class='ocrx_word' id='word_1_151' title='bbox 854 776 983 817; x_wconf 86' lang='lat' dir='ltr'><strong>percepit</strong></span> <span class='ocrx_word' id='word_1_152' title='bbox 997 774 1042 806; x_wconf 90' lang='lat' dir='ltr'>vel</span> <span class='ocrx_word' id='word_1_153' title='bbox 1057 774 1216 804; x_wconf 88' lang='lat' dir='ltr'>habuerunt</span> <span class='ocrx_word' id='word_1_154' title='bbox 1230 771 1274 802; x_wconf 89' lang='lat' dir='ltr'>seu</span> 
     </span>
     <span class='ocr_line' id='line_1_19' title="bbox 210 832 1257 864; baseline -0.011 -11"><span class='ocrx_word' id='word_1_155' title='bbox 210 832 407 864; x_wconf 78' lang='lat' dir='ltr'>perceperunt.</span> <span class='ocrx_word' id='word_1_156' title='bbox 966 853 971 858; x_wconf 31' lang='grc' dir='ltr'>ι</span> <span class='ocrx_word' id='word_1_157' title='bbox 1009 852 1013 857; x_wconf 46' lang='grc'><strong>,</strong></span> <span class='ocrx_word' id='word_1_158' title='bbox 1252 848 1257 854; x_wconf 37' lang='grc' dir='ltr'>ι</span> 
     </span>
    </p>

    <p class='ocr_par' dir='ltr' id='par_1_9' title="bbox 210 848 1291 1714">
     <span class='ocr_line' id='line_1_20' title="bbox 250 848 1277 898; baseline -0.016 -4"><span class='ocrx_word' id='word_1_159' title='bbox 250 864 363 894; x_wconf 81' lang='lat' dir='ltr'>Damus</span> <span class='ocrx_word' id='word_1_160' title='bbox 382 862 508 898; x_wconf 79' lang='lat' dir='ltr'>ulterius⁷</span> <span class='ocrx_word' id='word_1_161' title='bbox 528 870 580 898; x_wconf 85' lang='lat' dir='ltr'>pro</span> <span class='ocrx_word' id='word_1_162' title='bbox 598 856 868 890; x_wconf 77' lang='lat' dir='ltr'>considerationibus</span> <span class='ocrx_word' id='word_1_163' title='bbox 885 852 1047 893; x_wconf 66' lang='lat' dir='ltr'>praedrffis,</span> <span class='ocrx_word' id='word_1_164' title='bbox 1065 859 1099 882; x_wconf 84' lang='lat' dir='ltr'>ac</span> <span class='ocrx_word' id='word_1_165' title='bbox 1118 850 1155 881; x_wconf 91' lang='lat' dir='ltr'>de</span> <span class='ocrx_word' id='word_1_166' title='bbox 1175 848 1277 880; x_wconf 86' lang='lat' dir='ltr'>Gratia</span> 
     </span>
     <span class='ocr_line' id='line_1_21' title="bbox 210 889 1276 940; baseline -0.015 -7"><span class='ocrx_word' id='word_1_167' title='bbox 210 902 307 934; x_wconf 77' lang='lat' dir='ltr'>nostra</span> <span class='ocrx_word' id='word_1_168' title='bbox 322 901 449 940; x_wconf 80' lang='lat' dir='ltr'>speciali,</span> <span class='ocrx_word' id='word_1_169' title='bbox 465 910 498 930; x_wconf 83' lang='lat' dir='ltr'>ac</span> <span class='ocrx_word' id='word_1_170' title='bbox 513 909 546 929; x_wconf 63' lang='lat' dir='ltr'>er</span> <span class='ocrx_word' id='word_1_171' title='bbox 563 907 638 928; x_wconf 81' lang='lat' dir='ltr'>certa</span> <span class='ocrx_word' id='word_1_172' title='bbox 651 897 773 927; x_wconf 88' lang='lat' dir='ltr'>Scientia</span> <span class='ocrx_word' id='word_1_173' title='bbox 782 896 814 925; x_wconf 88' lang='lat'>&amp;</span> <span class='ocrx_word' id='word_1_174' title='bbox 825 902 907 923; x_wconf 90' lang='lat' dir='ltr'>mero</span> <span class='ocrx_word' id='word_1_175' title='bbox 916 891 1004 936; x_wconf 81' lang='lat' dir='ltr'>Motu</span> <span class='ocrx_word' id='word_1_176' title='bbox 1017 889 1136 928; x_wconf 84' lang='lat' dir='ltr'>nostris,</span> <span class='ocrx_word' id='word_1_177' title='bbox 1153 897 1276 933; x_wconf 78' lang='lat' dir='ltr'>necnon</span> 
     </span>
     <span class='ocr_line' id='line_1_22' title="bbox 214 929 1275 973; baseline -0.017 -1"><span class='ocrx_word' id='word_1_178' title='bbox 214 942 250 972; x_wconf 91' lang='lat' dir='ltr'>de</span> <span class='ocrx_word' id='word_1_179' title='bbox 263 942 435 970; x_wconf 80' lang='lat' dir='ltr'>avis-amento</span> <span class='ocrx_word' id='word_1_180' title='bbox 447 937 566 969; x_wconf 76' lang='lat' dir='ltr'>Consilii</span> <span class='ocrx_word' id='word_1_181' title='bbox 582 936 671 966; x_wconf 81' lang='lat' dir='ltr'>nostri</span> <span class='ocrx_word' id='word_1_182' title='bbox 683 933 811 973; x_wconf 66' lang='lat' dir='ltr'>praedie‘ti</span> <span class='ocrx_word' id='word_1_183' title='bbox 831 930 1021 963; x_wconf 79' lang='lat' dir='ltr'>concedimus</span> <span class='ocrx_word' id='word_1_184' title='bbox 1039 929 1158 967; x_wconf 78' lang='lat' dir='ltr'>praefaro</span> <span class='ocrx_word' id='word_1_185' title='bbox 1175 929 1275 957; x_wconf 74' lang='lat' dir='ltr'>comiti</span> 
     </span>
     <span class='ocr_line' id='line_1_23' title="bbox 215 966 1279 1016; baseline -0.014 -6"><span class='ocrx_word' id='word_1_186' title='bbox 215 978 322 1010; x_wconf 82' lang='lat' dir='ltr'>Cumbr’</span> <span class='ocrx_word' id='word_1_187' title='bbox 339 989 390 1016; x_wconf 79' lang='lat' dir='ltr'>pro</span> <span class='ocrx_word' id='word_1_188' title='bbox 403 978 537 1008; x_wconf 77' lang='lat' dir='ltr'>exercitio</span> <span class='ocrx_word' id='word_1_189' title='bbox 551 975 678 1013; x_wconf 72' lang='lat' dir='ltr'>praedicli</span> <span class='ocrx_word' id='word_1_190' title='bbox 692 972 797 1003; x_wconf 84' lang='lat' dir='ltr'>Officii</span> <span class='ocrx_word' id='word_1_191' title='bbox 811 969 948 1001; x_wconf 89' lang='lat' dir='ltr'>Custodis</span> <span class='ocrx_word' id='word_1_192' title='bbox 962 968 1098 998; x_wconf 88' lang='lat' dir='ltr'>Gardiani</span> <span class='ocrx_word' id='word_1_193' title='bbox 1109 969 1143 1000; x_wconf 92' lang='lat'>&amp;</span> <span class='ocrx_word' id='word_1_194' title='bbox 1159 966 1279 998; x_wconf 86' lang='lat' dir='ltr'>Guber-</span> 
     </span>
     <span class='ocr_line' id='line_1_24' title="bbox 216 1005 1279 1049; baseline -0.015 0"><span class='ocrx_word' id='word_1_195' title='bbox 216 1020 323 1049; x_wconf 87' lang='lat' dir='ltr'>natoris</span> <span class='ocrx_word' id='word_1_196' title='bbox 342 1017 415 1048; x_wconf 84' lang='lat' dir='ltr'>dele</span> <span class='ocrx_word' id='word_1_197' title='bbox 430 1013 633 1049; x_wconf 52' lang='lat' dir='ltr'>VVestmarcm</span> <span class='ocrx_word' id='word_1_198' title='bbox 652 1011 738 1042; x_wconf 86' lang='lat' dir='ltr'>Feod‘</span> <span class='ocrx_word' id='word_1_199' title='bbox 757 1012 790 1041; x_wconf 64' lang='grc' dir='ltr'>ὃς</span> <span class='ocrx_word' id='word_1_200' title='bbox 808 1008 880 1040; x_wconf 90' lang='lat' dir='ltr'>Vad&#39;</span> <span class='ocrx_word' id='word_1_201' title='bbox 902 1008 1093 1038; x_wconf 86' lang='lat' dir='ltr'>sexcentarum</span> <span class='ocrx_word' id='word_1_202' title='bbox 1110 1005 1279 1036; x_wconf 86' lang='lat' dir='ltr'>Mercarum</span> 
     </span>
     <span class='ocr_line' id='line_1_25' title="bbox 215 1042 1280 1096; baseline -0.015 -8"><span class='ocrx_word' id='word_1_203' title='bbox 215 1067 265 1096; x_wconf 85' lang='lat' dir='ltr'>per</span> <span class='ocrx_word' id='word_1_204' title='bbox 283 1057 403 1087; x_wconf 86' lang='lat' dir='ltr'>Annum</span> <span class='ocrx_word' id='word_1_205' title='bbox 417 1065 467 1091; x_wconf 83' lang='lat' dir='ltr'>pro</span> <span class='ocrx_word' id='word_1_206' title='bbox 482 1053 582 1091; x_wconf 83' lang='lat' dir='ltr'>seipso,</span> <span class='ocrx_word' id='word_1_207' title='bbox 603 1053 635 1082; x_wconf 66' lang='grc' dir='ltr'>ἃ</span> <span class='ocrx_word' id='word_1_208' title='bbox 650 1060 702 1089; x_wconf 89' lang='lat' dir='ltr'>pro</span> <span class='ocrx_word' id='word_1_209' title='bbox 717 1050 829 1080; x_wconf 90' lang='lat' dir='ltr'>duobus</span> <span class='ocrx_word' id='word_1_210' title='bbox 846 1048 998 1087; x_wconf 90' lang='lat' dir='ltr'>Deputatis</span> <span class='ocrx_word' id='word_1_211' title='bbox 1012 1046 1067 1077; x_wconf 85' lang='lat' dir='ltr'>five</span> <span class='ocrx_word' id='word_1_212' title='bbox 1074 1042 1280 1076; x_wconf 84' lang='lat' dir='ltr'>Substitut’suis</span> 
     </span>
     <span class='ocr_line' id='line_1_26' title="bbox 214 1081 1281 1127; baseline -0.015 0"><span class='ocrx_word' id='word_1_213' title='bbox 214 1096 267 1127; x_wconf 83' lang='lat' dir='ltr'>sub</span> <span class='ocrx_word' id='word_1_214' title='bbox 281 1096 306 1125; x_wconf 88' lang='lat' dir='ltr'>se</span> <span class='ocrx_word' id='word_1_215' title='bbox 322 1097 349 1125; x_wconf 88' lang='lat' dir='ltr'>in</span> <span class='ocrx_word' id='word_1_216' title='bbox 363 1094 442 1124; x_wconf 64' lang='lat' dir='ltr'>diflo</span> <span class='ocrx_word' id='word_1_217' title='bbox 460 1092 571 1122; x_wconf 85' lang='lat' dir='ltr'>Officio</span> <span class='ocrx_word' id='word_1_218' title='bbox 585 1090 621 1120; x_wconf 92' lang='lat' dir='ltr'>de</span> <span class='ocrx_word' id='word_1_219' title='bbox 641 1090 667 1118; x_wconf 92' lang='lat' dir='ltr'>le</span> <span class='ocrx_word' id='word_1_220' title='bbox 689 1087 876 1119; x_wconf 83' lang='lat' dir='ltr'>Westmarch</span> <span class='ocrx_word' id='word_1_221' title='bbox 896 1085 1023 1124; x_wconf 61' lang='lat' dir='ltr'>praedifit&#39;</span> <span class='ocrx_word' id='word_1_222' title='bbox 1048 1081 1206 1122; x_wconf 81' lang='lat' dir='ltr'>(videlicet)</span> <span class='ocrx_word' id='word_1_223' title='bbox 1228 1091 1281 1121; x_wconf 83' lang='lat' dir='ltr'>pro</span> 
     </span>
     <span class='ocr_line' id='line_1_27' title="bbox 217 1119 1282 1172; baseline -0.014 -7"><span class='ocrx_word' id='word_1_224' title='bbox 217 1144 339 1172; x_wconf 85' lang='lat' dir='ltr'>utroque</span> <span class='ocrx_word' id='word_1_225' title='bbox 352 1142 452 1162; x_wconf 83' lang='lat' dir='ltr'>eorum</span> <span class='ocrx_word' id='word_1_226' title='bbox 467 1131 609 1160; x_wconf 84' lang='lat' dir='ltr'>annuatim</span> <span class='ocrx_word' id='word_1_227' title='bbox 623 1128 725 1158; x_wconf 87' lang='lat' dir='ltr'>decem</span> <span class='ocrx_word' id='word_1_228' title='bbox 741 1126 828 1164; x_wconf 83' lang='lat' dir='ltr'>Libr&#39;‚</span> <span class='ocrx_word' id='word_1_229' title='bbox 842 1135 957 1155; x_wconf 89' lang='lat' dir='ltr'>necnon</span> <span class='ocrx_word' id='word_1_230' title='bbox 971 1133 1023 1162; x_wconf 85' lang='lat' dir='ltr'>pro</span> <span class='ocrx_word' id='word_1_231' title='bbox 1036 1123 1149 1153; x_wconf 80' lang='lat' dir='ltr'>duobus</span> <span class='ocrx_word' id='word_1_232' title='bbox 1157 1119 1282 1152; x_wconf 84' lang='lat' dir='ltr'>Officia-</span> 
     </span>
     <span class='ocr_line' id='line_1_28' title="bbox 216 1161 1282 1204; baseline -0.013 -1"><span class='ocrx_word' id='word_1_233' title='bbox 216 1175 261 1203; x_wconf 79' lang='lat' dir='ltr'>riis</span> <span class='ocrx_word' id='word_1_234' title='bbox 276 1174 326 1203; x_wconf 69' lang='lat' dir='ltr'>sub</span> <span class='ocrx_word' id='word_1_235' title='bbox 342 1172 367 1201; x_wconf 86' lang='lat' dir='ltr'>se</span> <span class='ocrx_word' id='word_1_236' title='bbox 382 1170 491 1200; x_wconf 77' lang='lat' dir='ltr'>vocatis</span> <span class='ocrx_word' id='word_1_237' title='bbox 510 1167 630 1198; x_wconf 79' lang='lat' dir='ltr'>Wara&#39;en</span> <span class='ocrx_word' id='word_1_238' title='bbox 643 1166 786 1204; x_wconf 80' lang='lat' dir='ltr'>Serjaunts</span> <span class='ocrx_word' id='word_1_239' title='bbox 801 1164 835 1195; x_wconf 87' lang='lat' dir='ltr'>de</span> <span class='ocrx_word' id='word_1_240' title='bbox 858 1164 884 1194; x_wconf 89' lang='lat' dir='ltr'>le</span> <span class='ocrx_word' id='word_1_241' title='bbox 906 1161 1092 1193; x_wconf 81' lang='lat' dir='ltr'>VVestmarch</span> <span class='ocrx_word' id='word_1_242' title='bbox 1103 1184 1112 1200; x_wconf 88' lang='lat'>,</span> <span class='ocrx_word' id='word_1_243' title='bbox 1131 1170 1183 1198; x_wconf 87' lang='lat' dir='ltr'>pro</span> <span class='ocrx_word' id='word_1_244' title='bbox 1202 1167 1282 1190; x_wconf 90' lang='lat' dir='ltr'>utro-</span> 
     </span>
     <span class='ocr_line' id='line_1_29' title="bbox 216 1197 1283 1249; baseline -0.014 -7"><span class='ocrx_word' id='word_1_245' title='bbox 216 1222 271 1249; x_wconf 86' lang='lat' dir='ltr'>que</span> <span class='ocrx_word' id='word_1_246' title='bbox 288 1219 387 1240; x_wconf 82' lang='lat' dir='ltr'>eorum</span> <span class='ocrx_word' id='word_1_247' title='bbox 412 1209 556 1238; x_wconf 80' lang='lat' dir='ltr'>annuitini</span> <span class='ocrx_word' id='word_1_248' title='bbox 573 1205 646 1243; x_wconf 84' lang='lat' dir='ltr'>quad</span> <span class='ocrx_word' id='word_1_249' title='bbox 655 1205 753 1244; x_wconf 79' lang='lat' dir='ltr'>ragint&#39;</span> <span class='ocrx_word' id='word_1_250' title='bbox 767 1202 871 1234; x_wconf 84' lang='lat' dir='ltr'>Solid’:</span> <span class='ocrx_word' id='word_1_251' title='bbox 887 1212 920 1232; x_wconf 83' lang='lat' dir='ltr'>ac</span> <span class='ocrx_word' id='word_1_252' title='bbox 935 1211 987 1240; x_wconf 89' lang='lat' dir='ltr'>pro</span> <span class='ocrx_word' id='word_1_253' title='bbox 1004 1201 1138 1232; x_wconf 86' lang='lat' dir='ltr'>exercitio</span> <span class='ocrx_word' id='word_1_254' title='bbox 1155 1197 1283 1237; x_wconf 70' lang='lat' dir='ltr'>praeditfi&#39;ci</span> 
     </span>
     <span class='ocr_line' id='line_1_30' title="bbox 218 1237 1284 1280; baseline -0.014 1"><span class='ocrx_word' id='word_1_255' title='bbox 218 1250 322 1280; x_wconf 72' lang='lat' dir='ltr'>Officii</span> <span class='ocrx_word' id='word_1_256' title='bbox 338 1247 471 1278; x_wconf 81' lang='lat' dir='ltr'>Custodis</span> <span class='ocrx_word' id='word_1_257' title='bbox 484 1245 690 1276; x_wconf 75' lang='lat' dir='ltr'>Gubernatoris</span> <span class='ocrx_word' id='word_1_258' title='bbox 705 1243 761 1273; x_wconf 87' lang='lat' dir='ltr'>sive</span> <span class='ocrx_word' id='word_1_259' title='bbox 774 1241 909 1272; x_wconf 87' lang='lat' dir='ltr'>Gardiani</span> <span class='ocrx_word' id='word_1_260' title='bbox 924 1242 959 1271; x_wconf 88' lang='lat' dir='ltr'>de</span> <span class='ocrx_word' id='word_1_261' title='bbox 973 1240 998 1271; x_wconf 93' lang='lat' dir='ltr'>le</span> <span class='ocrx_word' id='word_1_262' title='bbox 1007 1237 1201 1270; x_wconf 82' lang='lat' dir='ltr'>Midlemarch</span> <span class='ocrx_word' id='word_1_263' title='bbox 1210 1245 1284 1278; x_wconf 74' lang='lat' dir='ltr'>prae-</span> 
     </span>
     <span class='ocr_line' id='line_1_31' title="bbox 221 1276 1285 1322; baseline -0.012 -4"><span class='ocrx_word' id='word_1_264' title='bbox 221 1290 289 1318; x_wconf 64' lang='lat' dir='ltr'>dict&#39;</span> <span class='ocrx_word' id='word_1_265' title='bbox 305 1287 392 1318; x_wconf 73' lang='lat' dir='ltr'>Feod&#39;</span> <span class='ocrx_word' id='word_1_266' title='bbox 406 1288 437 1316; x_wconf 62' lang='grc' dir='ltr'>ὃς</span> <span class='ocrx_word' id='word_1_267' title='bbox 459 1284 531 1314; x_wconf 75' lang='lat' dir='ltr'>Vad&#39;</span> <span class='ocrx_word' id='word_1_268' title='bbox 546 1284 764 1322; x_wconf 79' lang='lat' dir='ltr'>quingentarum</span> <span class='ocrx_word' id='word_1_269' title='bbox 781 1280 945 1311; x_wconf 83' lang='lat' dir='ltr'>Marcarum</span> <span class='ocrx_word' id='word_1_270' title='bbox 958 1289 1006 1317; x_wconf 86' lang='lat' dir='ltr'>per</span> <span class='ocrx_word' id='word_1_271' title='bbox 1023 1278 1142 1308; x_wconf 87' lang='lat' dir='ltr'>Annum</span> <span class='ocrx_word' id='word_1_272' title='bbox 1153 1286 1206 1313; x_wconf 90' lang='lat' dir='ltr'>pro</span> <span class='ocrx_word' id='word_1_273' title='bbox 1216 1276 1285 1312; x_wconf 84' lang='lat' dir='ltr'>leip-</span> 
     </span>
     <span class='ocr_line' id='line_1_32' title="bbox 217 1312 1287 1364; baseline -0.012 -8"><span class='ocrx_word' id='word_1_274' title='bbox 217 1328 265 1364; x_wconf 81' lang='lat' dir='ltr'>so,</span> <span class='ocrx_word' id='word_1_275' title='bbox 285 1329 317 1358; x_wconf 84' lang='lat'>&amp;</span> <span class='ocrx_word' id='word_1_276' title='bbox 334 1335 384 1364; x_wconf 78' lang='lat' dir='ltr'>pro</span> <span class='ocrx_word' id='word_1_277' title='bbox 399 1324 512 1353; x_wconf 86' lang='lat' dir='ltr'>duobus</span> <span class='ocrx_word' id='word_1_278' title='bbox 528 1322 682 1361; x_wconf 81' lang='lat' dir='ltr'>Deputatis</span> <span class='ocrx_word' id='word_1_279' title='bbox 697 1320 752 1351; x_wconf 84' lang='lat' dir='ltr'>sive</span> <span class='ocrx_word' id='word_1_280' title='bbox 767 1318 933 1350; x_wconf 88' lang='lat' dir='ltr'>Substitutis</span> <span class='ocrx_word' id='word_1_281' title='bbox 951 1319 1001 1348; x_wconf 89' lang='lat' dir='ltr'>sub</span> <span class='ocrx_word' id='word_1_282' title='bbox 1020 1317 1046 1348; x_wconf 90' lang='lat' dir='ltr'>se</span> <span class='ocrx_word' id='word_1_283' title='bbox 1064 1317 1092 1346; x_wconf 92' lang='lat' dir='ltr'>in</span> <span class='ocrx_word' id='word_1_284' title='bbox 1108 1315 1190 1346; x_wconf 56' lang='lat' dir='ltr'>dieto</span> <span class='ocrx_word' id='word_1_285' title='bbox 1206 1312 1287 1344; x_wconf 86' lang='lat' dir='ltr'>Offi-</span> 
     </span>
     <span class='ocr_line' id='line_1_33' title="bbox 218 1352 1286 1403; baseline -0.014 -7"><span class='ocrx_word' id='word_1_286' title='bbox 218 1367 266 1396; x_wconf 86' lang='lat' dir='ltr'>cio</span> <span class='ocrx_word' id='word_1_287' title='bbox 276 1389 284 1403; x_wconf 95' lang='lat'>,</span> <span class='ocrx_word' id='word_1_288' title='bbox 302 1375 354 1398; x_wconf 71' lang='lat' dir='ltr'>nro</span> <span class='ocrx_word' id='word_1_289' title='bbox 370 1372 492 1400; x_wconf 85' lang='lat' dir='ltr'>utroque</span> <span class='ocrx_word' id='word_1_290' title='bbox 504 1371 606 1393; x_wconf 82' lang='lat' dir='ltr'>eorum</span> <span class='ocrx_word' id='word_1_291' title='bbox 618 1361 779 1395; x_wconf 78' lang='lat' dir='ltr'>annuatim,</span> <span class='ocrx_word' id='word_1_292' title='bbox 795 1358 896 1388; x_wconf 83' lang='lat' dir='ltr'>decem</span> <span class='ocrx_word' id='word_1_293' title='bbox 916 1357 1006 1394; x_wconf 83' lang='lat' dir='ltr'>Libr&#39;‚</span> <span class='ocrx_word' id='word_1_294' title='bbox 1025 1364 1139 1385; x_wconf 85' lang='lat' dir='ltr'>necnon</span> <span class='ocrx_word' id='word_1_295' title='bbox 1153 1352 1286 1391; x_wconf 86' lang='lat' dir='ltr'>produo-</span> 
     </span>
     <span class='ocr_line' id='line_1_34' title="bbox 221 1397 1286 1434; baseline -0.014 0"><span class='ocrx_word' id='word_1_296' title='bbox 221 1406 273 1434; x_wconf 90' lang='lat' dir='ltr'>bus</span> <span class='ocrx_word' id='word_1_297' title='bbox 289 1403 443 1433; x_wconf 72' lang='lat' dir='ltr'>Otlnciariis</span> <span class='ocrx_word' id='word_1_298' title='bbox 456 1401 506 1431; x_wconf 86' lang='lat' dir='ltr'>sub</span> <span class='ocrx_word' id='word_1_299' title='bbox 522 1401 547 1430; x_wconf 91' lang='lat' dir='ltr'>se</span> <span class='ocrx_word' id='word_1_300' title='bbox 563 1401 671 1430; x_wconf 84' lang='lat' dir='ltr'>vocatis</span> <span class='ocrx_word' id='word_1_301' title='bbox 689 1398 811 1428; x_wconf 80' lang='lat' dir='ltr'>Warden</span> <span class='ocrx_word' id='word_1_302' title='bbox 819 1397 976 1434; x_wconf 69' lang='lat' dir='ltr'>Serjauntes</span> <span class='ocrx_word' id='word_1_303' title='bbox 992 1404 1044 1434; x_wconf 87' lang='lat' dir='ltr'>pro</span> <span class='ocrx_word' id='word_1_304' title='bbox 1053 1401 1175 1430; x_wconf 83' lang='lat' dir='ltr'>utroque</span> <span class='ocrx_word' id='word_1_305' title='bbox 1182 1398 1286 1421; x_wconf 86' lang='lat' dir='ltr'>eorum</span> 
     </span>
     <span class='ocr_line' id='line_1_35' title="bbox 222 1430 1289 1478; baseline -0.016 -4"><span class='ocrx_word' id='word_1_306' title='bbox 222 1443 372 1474; x_wconf 81' lang='lat' dir='ltr'>annuatim</span> <span class='ocrx_word' id='word_1_307' title='bbox 396 1440 577 1478; x_wconf 62' lang='lat' dir='ltr'>quadraginta</span> <span class='ocrx_word' id='word_1_308' title='bbox 601 1437 732 1473; x_wconf 78' lang='lat' dir='ltr'>Solidos,</span> <span class='ocrx_word' id='word_1_309' title='bbox 758 1435 794 1466; x_wconf 88' lang='lat' dir='ltr'>Et</span> <span class='ocrx_word' id='word_1_310' title='bbox 811 1445 863 1473; x_wconf 87' lang='lat' dir='ltr'>pro</span> <span class='ocrx_word' id='word_1_311' title='bbox 880 1434 1025 1464; x_wconf 84' lang='lat' dir='ltr'>Exercitio</span> <span class='ocrx_word' id='word_1_312' title='bbox 1043 1433 1076 1463; x_wconf 71' lang='lat' dir='ltr'>«sc</span> <span class='ocrx_word' id='word_1_313' title='bbox 1095 1430 1289 1473; x_wconf 77' lang='lat' dir='ltr'>occupatione</span> 
     </span>
     <span class='ocr_line' id='line_1_36' title="bbox 223 1468 1291 1520; baseline -0.014 -9"><span class='ocrx_word' id='word_1_314' title='bbox 223 1481 353 1520; x_wconf 56' lang='lat' dir='ltr'>praedicii</span> <span class='ocrx_word' id='word_1_315' title='bbox 368 1479 468 1509; x_wconf 83' lang='lat' dir='ltr'>Officii</span> <span class='ocrx_word' id='word_1_316' title='bbox 487 1471 622 1508; x_wconf 87' lang='lat' dir='ltr'>Custodis</span> <span class='ocrx_word' id='word_1_317' title='bbox 638 1476 845 1506; x_wconf 77' lang='lat' dir='ltr'>Gubernatoris</span> <span class='ocrx_word' id='word_1_318' title='bbox 862 1474 916 1503; x_wconf 80' lang='lat' dir='ltr'>sive</span> <span class='ocrx_word' id='word_1_319' title='bbox 932 1472 1080 1509; x_wconf 88' lang='lat' dir='ltr'>Capitanei</span> <span class='ocrx_word' id='word_1_320' title='bbox 1096 1468 1228 1511; x_wconf 78' lang='lat' dir='ltr'>Civitatis</span> <span class='ocrx_word' id='word_1_321' title='bbox 1237 1476 1291 1496; x_wconf 87' lang='lat' dir='ltr'>no-</span> 
     </span>
     <span class='ocr_line' id='line_1_37' title="bbox 222 1504 1289 1555; baseline -0.015 -4"><span class='ocrx_word' id='word_1_322' title='bbox 222 1521 285 1551; x_wconf 79' lang='lat' dir='ltr'>strae</span> <span class='ocrx_word' id='word_1_323' title='bbox 301 1519 416 1549; x_wconf 77' lang='lat' dir='ltr'>Carl‘rol&#39;</span> <span class='ocrx_word' id='word_1_324' title='bbox 432 1517 558 1555; x_wconf 72' lang='lat' dir='ltr'>praediCti</span> <span class='ocrx_word' id='word_1_325' title='bbox 572 1517 604 1546; x_wconf 88' lang='lat'>&amp;</span> <span class='ocrx_word' id='word_1_326' title='bbox 620 1515 712 1545; x_wconf 81' lang='lat' dir='ltr'>Callri</span> <span class='ocrx_word' id='word_1_327' title='bbox 729 1514 851 1550; x_wconf 80' lang='lat' dir='ltr'>ejusdem</span> <span class='ocrx_word' id='word_1_328' title='bbox 867 1510 998 1540; x_wconf 89' lang='lat' dir='ltr'>Civitatis</span> <span class='ocrx_word' id='word_1_329' title='bbox 1012 1510 1045 1541; x_wconf 89' lang='lat'>&amp;</span> <span class='ocrx_word' id='word_1_330' title='bbox 1061 1516 1160 1550; x_wconf 79' lang='lat' dir='ltr'>eorum</span> <span class='ocrx_word' id='word_1_331' title='bbox 1176 1504 1289 1543; x_wconf 69' lang='lat' dir='ltr'>cuiussi-</span> 
     </span>
     <span class='ocr_line' id='line_1_38' title="bbox 219 1545 1290 1596; baseline -0.016 -6"><span class='ocrx_word' id='word_1_332' title='bbox 219 1561 271 1590; x_wconf 81' lang='lat' dir='ltr'>bet</span> <span class='ocrx_word' id='word_1_333' title='bbox 287 1569 334 1596; x_wconf 75' lang='lat' dir='ltr'>pei·</span> <span class='ocrx_word' id='word_1_334' title='bbox 351 1557 441 1594; x_wconf 80' lang='lat' dir='ltr'>ipsum</span> <span class='ocrx_word' id='word_1_335' title='bbox 458 1559 585 1585; x_wconf 79' lang='lat' dir='ltr'>Comitem</span> <span class='ocrx_word' id='word_1_336' title='bbox 599 1555 642 1584; x_wconf 83' lang='lat' dir='ltr'>scu</span> <span class='ocrx_word' id='word_1_337' title='bbox 660 1553 849 1583; x_wconf 87' lang='lat' dir='ltr'>sufficientem</span> <span class='ocrx_word' id='word_1_338' title='bbox 867 1549 1046 1586; x_wconf 83' lang='lat' dir='ltr'>Deputaturn</span> <span class='ocrx_word' id='word_1_339' title='bbox 1063 1550 1119 1576; x_wconf 73' lang='lat' dir='ltr'>live</span> <span class='ocrx_word' id='word_1_340' title='bbox 1129 1545 1290 1583; x_wconf 87' lang='lat' dir='ltr'>Deputatos</span> 
     </span>
     <span class='ocr_line' id='line_1_39' title="bbox 220 1583 1290 1632; baseline -0.014 -4"><span class='ocrx_word' id='word_1_341' title='bbox 220 1598 285 1628; x_wconf 88' lang='lat' dir='ltr'>suos</span> <span class='ocrx_word' id='word_1_342' title='bbox 299 1596 468 1626; x_wconf 77' lang='lat' dir='ltr'>sufficientes</span> <span class='ocrx_word' id='word_1_343' title='bbox 484 1604 537 1632; x_wconf 87' lang='lat' dir='ltr'>pro</span> <span class='ocrx_word' id='word_1_344' title='bbox 554 1593 648 1624; x_wconf 84' lang='lat' dir='ltr'>Vadio</span> <span class='ocrx_word' id='word_1_345' title='bbox 663 1592 732 1621; x_wconf 69' lang='lat' dir='ltr'>dicti</span> <span class='ocrx_word' id='word_1_346' title='bbox 747 1592 858 1619; x_wconf 77' lang='lat' dir='ltr'>Comitis</span> <span class='ocrx_word' id='word_1_347' title='bbox 880 1586 1015 1616; x_wconf 80' lang='lat' dir='ltr'>Cumbrrae</span> <span class='ocrx_word' id='word_1_348' title='bbox 1031 1593 1149 1616; x_wconf 85' lang='lat' dir='ltr'>centum</span> <span class='ocrx_word' id='word_1_349' title='bbox 1175 1583 1290 1614; x_wconf 90' lang='lat' dir='ltr'>Marca-</span> 
     </span>
     <span class='ocr_line' id='line_1_40' title="bbox 223 1622 1290 1670; baseline -0.015 -3"><span class='ocrx_word' id='word_1_350' title='bbox 223 1646 287 1667; x_wconf 77' lang='lat' dir='ltr'>rum</span> <span class='ocrx_word' id='word_1_351' title='bbox 304 1635 517 1667; x_wconf 64' lang='lat' dir='ltr'>Stcrlinftorum</span> <span class='ocrx_word' id='word_1_352' title='bbox 534 1642 583 1670; x_wconf 86' lang='lat' dir='ltr'>per</span> <span class='ocrx_word' id='word_1_353' title='bbox 600 1631 735 1665; x_wconf 83' lang='lat' dir='ltr'>Annum,</span> <span class='ocrx_word' id='word_1_354' title='bbox 757 1630 789 1659; x_wconf 69' lang='grc' dir='ltr'>δε</span> <span class='ocrx_word' id='word_1_355' title='bbox 808 1636 860 1665; x_wconf 73' lang='lat' dir='ltr'>pro</span> <span class='ocrx_word' id='word_1_356' title='bbox 876 1625 970 1656; x_wconf 88' lang='lat' dir='ltr'>Vadio</span> <span class='ocrx_word' id='word_1_357' title='bbox 991 1623 1140 1662; x_wconf 89' lang='lat' dir='ltr'>cujussibet</span> <span class='ocrx_word' id='word_1_358' title='bbox 1160 1622 1229 1653; x_wconf 64' lang='lat' dir='ltr'>di&amp;</span> <span class='ocrx_word' id='word_1_359' title='bbox 1246 1622 1290 1665; x_wconf 78' lang='lat' dir='ltr'>yi-</span> 
     </span>
     <span class='ocr_line' id='line_1_41' title="bbox 223 1660 1289 1714; baseline -0.015 -9"><span class='ocrx_word' id='word_1_360' title='bbox 223 1676 296 1714; x_wconf 85' lang='lat' dir='ltr'>ginti</span> <span class='ocrx_word' id='word_1_361' title='bbox 309 1673 480 1703; x_wconf 82' lang='lat' dir='ltr'>Hominum</span> <span class='ocrx_word' id='word_1_362' title='bbox 496 1669 589 1701; x_wconf 84' lang='lat' dir='ltr'>vocat&#39;</span> <span class='ocrx_word' id='word_1_363' title='bbox 603 1668 738 1698; x_wconf 77' lang='lat' dir='ltr'>Souldiers</span> <span class='ocrx_word' id='word_1_364' title='bbox 752 1666 868 1703; x_wconf 81' lang='lat' dir='ltr'>Equites</span> <span class='ocrx_word' id='word_1_365' title='bbox 883 1665 985 1695; x_wconf 88' lang='lat' dir='ltr'>decem</span> <span class='ocrx_word' id='word_1_366' title='bbox 996 1663 1162 1693; x_wconf 87' lang='lat' dir='ltr'>Marcarum</span> <span class='ocrx_word' id='word_1_367' title='bbox 1171 1660 1289 1692; x_wconf 89' lang='lat' dir='ltr'>Sterlin-</span> 
     </span>
    </p>

    <p class='ocr_par' dir='ltr' id='par_1_10' title="bbox 224 1699 1294 1902">
     <span class='ocr_line' id='line_1_42' title="bbox 243 1699 1291 1750; baseline -0.014 -8"><span class='ocrx_word' id='word_1_368' title='bbox 243 1723 325 1743; x_wconf 85' lang='lat' dir='ltr'>orum</span> <span class='ocrx_word' id='word_1_369' title='bbox 341 1722 387 1750; x_wconf 75' lang='lat' dir='ltr'>per</span> <span class='ocrx_word' id='word_1_370' title='bbox 398 1712 528 1747; x_wconf 74' lang='lat' dir='ltr'>Annum,</span> <span class='ocrx_word' id='word_1_371' title='bbox 543 1712 574 1738; x_wconf 61' lang='grc' dir='ltr'>ἃ</span> <span class='ocrx_word' id='word_1_372' title='bbox 591 1717 643 1745; x_wconf 86' lang='lat' dir='ltr'>pro</span> <span class='ocrx_word' id='word_1_373' title='bbox 662 1706 752 1736; x_wconf 85' lang='lat' dir='ltr'>Vadio</span> <span class='ocrx_word' id='word_1_374' title='bbox 768 1703 916 1740; x_wconf 79' lang='lat' dir='ltr'>cujussibet</span> <span class='ocrx_word' id='word_1_375' title='bbox 932 1704 1021 1733; x_wconf 88' lang='lat' dir='ltr'>trium</span> <span class='ocrx_word' id='word_1_376' title='bbox 1037 1700 1179 1737; x_wconf 84' lang='lat' dir='ltr'>Claviger’</span> <span class='ocrx_word' id='word_1_377' title='bbox 1194 1699 1227 1730; x_wconf 89' lang='lat' dir='ltr'>ad</span> <span class='ocrx_word' id='word_1_378' title='bbox 1236 1707 1291 1728; x_wconf 87' lang='lat' dir='ltr'>tres</span> 
     </span>
     <span class='ocr_line' id='line_1_43' title="bbox 227 1737 1292 1783; baseline -0.015 -1"><span class='ocrx_word' id='word_1_379' title='bbox 227 1780 236 1783; x_wconf 75' lang='grc'><strong><em>,</em></strong></span> <span class='ocrx_word' id='word_1_380' title='bbox 251 1761 325 1781; x_wconf 74' lang='lat' dir='ltr'>ortas</span> <span class='ocrx_word' id='word_1_381' title='bbox 339 1752 423 1780; x_wconf 52' lang='lat' dir='ltr'>didm:</span> <span class='ocrx_word' id='word_1_382' title='bbox 440 1748 569 1778; x_wconf 67' lang='lat' dir='ltr'>Civitatis</span> <span class='ocrx_word' id='word_1_383' title='bbox 585 1745 690 1775; x_wconf 81' lang='lat' dir='ltr'>nostrae</span> <span class='ocrx_word' id='word_1_384' title='bbox 706 1742 886 1774; x_wconf 84' lang='lat' dir='ltr'>Carliolensis</span> <span class='ocrx_word' id='word_1_385' title='bbox 903 1741 1029 1779; x_wconf 62' lang='lat' dir='ltr'>praedift&#39;</span> <span class='ocrx_word' id='word_1_386' title='bbox 1044 1740 1150 1776; x_wconf 86' lang='lat' dir='ltr'>viginti</span> <span class='ocrx_word' id='word_1_387' title='bbox 1157 1738 1201 1769; x_wconf 78' lang='lat' dir='ltr'>sex</span> <span class='ocrx_word' id='word_1_388' title='bbox 1217 1737 1292 1768; x_wconf 85' lang='lat' dir='ltr'>Soli-</span> 
     </span>
     <span class='ocr_line' id='line_1_44' title="bbox 224 1775 1291 1822; baseline -0.014 -2"><span class='ocrx_word' id='word_1_389' title='bbox 224 1791 278 1820; x_wconf 78' lang='lat' dir='ltr'>dos</span> <span class='ocrx_word' id='word_1_390' title='bbox 293 1791 325 1820; x_wconf 82' lang='lat'><strong>&amp;</strong></span> <span class='ocrx_word' id='word_1_391' title='bbox 341 1789 411 1818; x_wconf 78' lang='grc' dir='ltr'>0ἃο</span> <span class='ocrx_word' id='word_1_392' title='bbox 428 1787 567 1816; x_wconf 73' lang='lat' dir='ltr'>Denarios</span> <span class='ocrx_word' id='word_1_393' title='bbox 583 1794 630 1822; x_wconf 87' lang='lat' dir='ltr'>per</span> <span class='ocrx_word' id='word_1_394' title='bbox 648 1784 785 1820; x_wconf 76' lang='lat' dir='ltr'>Annum,</span> <span class='ocrx_word' id='word_1_395' title='bbox 805 1782 858 1812; x_wconf 71' lang='lat' dir='ltr'>una</span> <span class='ocrx_word' id='word_1_396' title='bbox 874 1790 941 1810; x_wconf 89' lang='lat' dir='ltr'>cum</span> <span class='ocrx_word' id='word_1_397' title='bbox 957 1780 1096 1811; x_wconf 89' lang='lat' dir='ltr'>omnibus</span> <span class='ocrx_word' id='word_1_398' title='bbox 1111 1778 1171 1808; x_wconf 89' lang='lat' dir='ltr'>aliis</span> <span class='ocrx_word' id='word_1_399' title='bbox 1195 1775 1291 1807; x_wconf 85' lang='lat' dir='ltr'>Vadiis</span> 
     </span>
     <span class='ocr_line' id='line_1_45' title="bbox 225 1816 1294 1861; baseline -0.013 -2"><span class='ocrx_word' id='word_1_400' title='bbox 225 1829 326 1859; x_wconf 76' lang='lat' dir='ltr'>Fcoiis</span> <span class='ocrx_word' id='word_1_401' title='bbox 342 1830 374 1859; x_wconf 53' lang='grc' dir='ltr'>ὃς</span> <span class='ocrx_word' id='word_1_402' title='bbox 391 1826 529 1861; x_wconf 60' lang='lat' dir='ltr'>Res-gardis</span> <span class='ocrx_word' id='word_1_403' title='bbox 544 1826 648 1854; x_wconf 86' lang='lat' dir='ltr'>eisdem</span> <span class='ocrx_word' id='word_1_404' title='bbox 664 1821 780 1852; x_wconf 89' lang='lat' dir='ltr'>Officiis</span> <span class='ocrx_word' id='word_1_405' title='bbox 803 1820 836 1851; x_wconf 65' lang='grc' dir='ltr'>ὃς</span> <span class='ocrx_word' id='word_1_406' title='bbox 853 1828 955 1850; x_wconf 87' lang='lat' dir='ltr'>eorum</span> <span class='ocrx_word' id='word_1_407' title='bbox 970 1818 1096 1856; x_wconf 66' lang='lat' dir='ltr'>‚cuilibet</span> <span class='ocrx_word' id='word_1_408' title='bbox 1118 1825 1153 1847; x_wconf 86' lang='lat' dir='ltr'>ex</span> <span class='ocrx_word' id='word_1_409' title='bbox 1174 1816 1294 1853; x_wconf 84' lang='lat' dir='ltr'>antiquo</span> 
     </span>
     <span class='ocr_line' id='line_1_46' title="bbox 225 1863 511 1902; baseline -0.014 -5"><span class='ocrx_word' id='word_1_410' title='bbox 225 1867 312 1898; x_wconf 83' lang='lat' dir='ltr'>debit&#39;</span> <span class='ocrx_word' id='word_1_411' title='bbox 327 1868 359 1897; x_wconf 68' lang='grc' dir='ltr'>ὃ(</span> <span class='ocrx_word' id='word_1_412' title='bbox 375 1863 511 1902; x_wconf 83' lang='lat' dir='ltr'>consuet&#39;‚</span> 
     </span>
    </p>

    <p class='ocr_par' dir='ltr' id='par_1_11' title="bbox 226 1892 1310 3446">
     <span class='ocr_line' id='line_1_47' title="bbox 263 1892 1291 1940; baseline -0.011 -5"><span class='ocrx_word' id='word_1_413' title='bbox 263 1905 438 1936; x_wconf 78' lang='lat' dir='ltr'>Habendum</span> <span class='ocrx_word' id='word_1_414' title='bbox 454 1901 650 1940; x_wconf 85' lang='lat' dir='ltr'>recipiendum</span> <span class='ocrx_word' id='word_1_415' title='bbox 665 1900 698 1931; x_wconf 89' lang='lat'>&amp;</span> <span class='ocrx_word' id='word_1_416' title='bbox 719 1899 866 1929; x_wconf 76' lang='lat' dir='ltr'>annuatim</span> <span class='ocrx_word' id='word_1_417' title='bbox 881 1895 1096 1936; x_wconf 82' lang='lat' dir='ltr'>percipiendum</span> <span class='ocrx_word' id='word_1_418' title='bbox 1119 1892 1291 1933; x_wconf 64' lang='lat' dir='ltr'>praedffiium</span> 
     </span>
     <span class='ocr_line' id='line_1_48' title="bbox 226 1934 1293 1974; baseline -0.011 0"><span class='ocrx_word' id='word_1_419' title='bbox 226 1944 354 1974; x_wconf 77' lang='lat' dir='ltr'>Vadium</span> <span class='ocrx_word' id='word_1_420' title='bbox 370 1943 424 1973; x_wconf 86' lang='lat' dir='ltr'>sive</span> <span class='ocrx_word' id='word_1_421' title='bbox 448 1942 578 1972; x_wconf 66' lang='lat' dir='ltr'>Feotium</span> <span class='ocrx_word' id='word_1_422' title='bbox 601 1940 794 1969; x_wconf 85' lang='lat' dir='ltr'>sexcentarum</span> <span class='ocrx_word' id='word_1_423' title='bbox 820 1937 986 1967; x_wconf 84' lang='lat' dir='ltr'>Marcarum</span> <span class='ocrx_word' id='word_1_424' title='bbox 1010 1945 1058 1974; x_wconf 88' lang='lat' dir='ltr'>per</span> <span class='ocrx_word' id='word_1_425' title='bbox 1084 1934 1219 1970; x_wconf 84' lang='lat' dir='ltr'>Annum,</span> <span class='ocrx_word' id='word_1_426' title='bbox 1238 1941 1293 1970; x_wconf 86' lang='lat' dir='ltr'>pro</span> 
     </span>
     <span class='ocr_line' id='line_1_49' title="bbox 226 1971 1294 2019; baseline -0.012 -6"><span class='ocrx_word' id='word_1_427' title='bbox 226 1984 362 2013; x_wconf 80' lang='lat' dir='ltr'>exercitio</span> <span class='ocrx_word' id='word_1_428' title='bbox 376 1981 502 2019; x_wconf 64' lang='lat' dir='ltr'>praedieii</span> <span class='ocrx_word' id='word_1_429' title='bbox 518 1978 618 2009; x_wconf 86' lang='lat' dir='ltr'>Officii</span> <span class='ocrx_word' id='word_1_430' title='bbox 635 1975 768 2008; x_wconf 87' lang='lat' dir='ltr'>Custodis</span> <span class='ocrx_word' id='word_1_431' title='bbox 785 1973 924 2006; x_wconf 80' lang='lat' dir='ltr'>Gardiani</span> <span class='ocrx_word' id='word_1_432' title='bbox 941 1976 973 2007; x_wconf 92' lang='lat'>&amp;</span> <span class='ocrx_word' id='word_1_433' title='bbox 990 1973 1199 2005; x_wconf 83' lang='lat' dir='ltr'>Gubernatoris</span> <span class='ocrx_word' id='word_1_434' title='bbox 1214 1971 1250 2002; x_wconf 93' lang='lat' dir='ltr'>de</span> <span class='ocrx_word' id='word_1_435' title='bbox 1268 1971 1294 2001; x_wconf 90' lang='lat' dir='ltr'>le</span> 
     </span>
     <span class='ocr_line' id='line_1_50' title="bbox 227 2011 1296 2057; baseline -0.011 -6"><span class='ocrx_word' id='word_1_436' title='bbox 227 2021 408 2052; x_wconf 72' lang='lat' dir='ltr'>Mestmarch</span> <span class='ocrx_word' id='word_1_437' title='bbox 423 2019 561 2057; x_wconf 65' lang='lat' dir='ltr'>praeditfit&#39;,</span> <span class='ocrx_word' id='word_1_438' title='bbox 581 2018 614 2047; x_wconf 87' lang='lat'>&amp;</span> <span class='ocrx_word' id='word_1_439' title='bbox 631 2016 755 2055; x_wconf 59' lang='lat' dir='ltr'>praediet’</span> <span class='ocrx_word' id='word_1_440' title='bbox 771 2014 844 2044; x_wconf 88' lang='lat' dir='ltr'>Vad&#39;</span> <span class='ocrx_word' id='word_1_441' title='bbox 861 2016 894 2046; x_wconf 91' lang='lat'>&amp;</span> <span class='ocrx_word' id='word_1_442' title='bbox 911 2012 998 2044; x_wconf 86' lang='lat' dir='ltr'>Feod&#39;</span> <span class='ocrx_word' id='word_1_443' title='bbox 1020 2013 1122 2043; x_wconf 88' lang='lat' dir='ltr'>decem</span> <span class='ocrx_word' id='word_1_444' title='bbox 1145 2011 1296 2041; x_wconf 89' lang='lat' dir='ltr'>Librarum</span> 
     </span>
     <span class='ocr_line' id='line_1_51' title="bbox 226 2049 1298 2098; baseline -0.009 -10"><span class='ocrx_word' id='word_1_445' title='bbox 226 2071 281 2098; x_wconf 68' lang='lat' dir='ltr'>pro</span> <span class='ocrx_word' id='word_1_446' title='bbox 297 2069 419 2096; x_wconf 85' lang='lat' dir='ltr'>utroque</span> <span class='ocrx_word' id='word_1_447' title='bbox 435 2057 640 2096; x_wconf 65' lang='lat' dir='ltr'>praeditfmrum</span> <span class='ocrx_word' id='word_1_448' title='bbox 659 2055 784 2085; x_wconf 90' lang='lat' dir='ltr'>duorum</span> <span class='ocrx_word' id='word_1_449' title='bbox 801 2053 1019 2091; x_wconf 86' lang='lat' dir='ltr'>Deputatorum</span> <span class='ocrx_word' id='word_1_450' title='bbox 1043 2051 1099 2081; x_wconf 85' lang='lat' dir='ltr'>sive</span> <span class='ocrx_word' id='word_1_451' title='bbox 1122 2049 1298 2080; x_wconf 84' lang='lat' dir='ltr'>Substituto-</span> 
     </span>
     <span class='ocr_line' id='line_1_52' title="bbox 227 2088 1297 2130; baseline -0.011 -1"><span class='ocrx_word' id='word_1_452' title='bbox 227 2109 292 2130; x_wconf 88' lang='lat' dir='ltr'>rum</span> <span class='ocrx_word' id='word_1_453' title='bbox 307 2098 421 2128; x_wconf 89' lang='lat' dir='ltr'>suorum</span> <span class='ocrx_word' id='word_1_454' title='bbox 437 2097 485 2126; x_wconf 84' lang='lat' dir='ltr'>sub</span> <span class='ocrx_word' id='word_1_455' title='bbox 502 2096 526 2126; x_wconf 91' lang='lat' dir='ltr'>se</span> <span class='ocrx_word' id='word_1_456' title='bbox 542 2097 571 2125; x_wconf 89' lang='lat' dir='ltr'>iri</span> <span class='ocrx_word' id='word_1_457' title='bbox 587 2095 668 2124; x_wconf 58' lang='lat' dir='ltr'>disto</span> <span class='ocrx_word' id='word_1_458' title='bbox 685 2093 798 2123; x_wconf 80' lang='lat' dir='ltr'>Officio</span> <span class='ocrx_word' id='word_1_459' title='bbox 814 2091 850 2122; x_wconf 92' lang='lat' dir='ltr'>de</span> <span class='ocrx_word' id='word_1_460' title='bbox 867 2092 893 2121; x_wconf 91' lang='lat' dir='ltr'>le</span> <span class='ocrx_word' id='word_1_461' title='bbox 902 2091 943 2120; x_wconf 84' lang='lat' dir='ltr'>W</span> <span class='ocrx_word' id='word_1_462' title='bbox 947 2090 1089 2121; x_wconf 84' lang='lat' dir='ltr'>estmarch</span> <span class='ocrx_word' id='word_1_463' title='bbox 1106 2088 1251 2127; x_wconf 64' lang='lat' dir='ltr'>praedict’‚</span> <span class='ocrx_word' id='word_1_464' title='bbox 1264 2096 1297 2118; x_wconf 87' lang='lat' dir='ltr'>ac</span> 
     </span>
     <span class='ocr_line' id='line_1_53' title="bbox 226 2126 1297 2175; baseline -0.011 -7"><span class='ocrx_word' id='word_1_465' title='bbox 226 2137 355 2175; x_wconf 67' lang='lat' dir='ltr'>praedicst&#39;</span> <span class='ocrx_word' id='word_1_466' title='bbox 373 2136 444 2167; x_wconf 83' lang='lat' dir='ltr'>Vad’</span> <span class='ocrx_word' id='word_1_467' title='bbox 461 2136 492 2166; x_wconf 72' lang='grc' dir='ltr'>δε</span> <span class='ocrx_word' id='word_1_468' title='bbox 512 2133 600 2164; x_wconf 91' lang='lat' dir='ltr'>Feod&#39;</span> <span class='ocrx_word' id='word_1_469' title='bbox 617 2133 801 2171; x_wconf 82' lang='lat' dir='ltr'>quadraginta</span> <span class='ocrx_word' id='word_1_470' title='bbox 815 2130 980 2161; x_wconf 86' lang='lat' dir='ltr'>Solidorum</span> <span class='ocrx_word' id='word_1_471' title='bbox 995 2138 1047 2167; x_wconf 85' lang='lat' dir='ltr'>pro</span> <span class='ocrx_word' id='word_1_472' title='bbox 1070 2137 1189 2166; x_wconf 87' lang='lat' dir='ltr'>utroque</span> <span class='ocrx_word' id='word_1_473' title='bbox 1202 2126 1297 2157; x_wconf 73' lang='lat' dir='ltr'>dieto-</span> 
     </span>
     <span class='ocr_line' id='line_1_54' title="bbox 231 2165 1298 2206; baseline -0.01 0"><span class='ocrx_word' id='word_1_474' title='bbox 231 2186 296 2206; x_wconf 87' lang='lat' dir='ltr'>rum</span> <span class='ocrx_word' id='word_1_475' title='bbox 313 2176 440 2205; x_wconf 88' lang='lat' dir='ltr'>duorum</span> <span class='ocrx_word' id='word_1_476' title='bbox 465 2172 680 2203; x_wconf 84' lang='lat' dir='ltr'>Officiariorurn</span> <span class='ocrx_word' id='word_1_477' title='bbox 704 2170 753 2201; x_wconf 90' lang='lat' dir='ltr'>sub</span> <span class='ocrx_word' id='word_1_478' title='bbox 769 2171 794 2200; x_wconf 89' lang='lat' dir='ltr'>se</span> <span class='ocrx_word' id='word_1_479' title='bbox 815 2169 911 2200; x_wconf 86' lang='lat' dir='ltr'>vocat’</span> <span class='ocrx_word' id='word_1_480' title='bbox 930 2168 1052 2198; x_wconf 82' lang='lat' dir='ltr'>Warden</span> <span class='ocrx_word' id='word_1_481' title='bbox 1075 2167 1201 2206; x_wconf 80' lang='lat' dir='ltr'>Serjants</span> <span class='ocrx_word' id='word_1_482' title='bbox 1219 2165 1255 2195; x_wconf 89' lang='lat' dir='ltr'>de</span> <span class='ocrx_word' id='word_1_483' title='bbox 1272 2165 1298 2195; x_wconf 91' lang='lat' dir='ltr'>le</span> 
     </span>
     <span class='ocr_line' id='line_1_55' title="bbox 228 2203 1301 2250; baseline -0.01 -5"><span class='ocrx_word' id='word_1_484' title='bbox 228 2213 415 2246; x_wconf 68' lang='lat' dir='ltr'>Vv&#39;estmarch</span> <span class='ocrx_word' id='word_1_485' title='bbox 431 2212 555 2250; x_wconf 66' lang='lat' dir='ltr'>praediet’</span> <span class='ocrx_word' id='word_1_486' title='bbox 565 2234 573 2249; x_wconf 90' lang='lat'>,</span> <span class='ocrx_word' id='word_1_487' title='bbox 589 2220 622 2241; x_wconf 84' lang='lat' dir='ltr'>ac</span> <span class='ocrx_word' id='word_1_488' title='bbox 639 2209 766 2248; x_wconf 62' lang='lat' dir='ltr'>prtediit’</span> <span class='ocrx_word' id='word_1_489' title='bbox 777 2208 886 2239; x_wconf 86' lang='lat' dir='ltr'>Vad&#39;&amp;</span> <span class='ocrx_word' id='word_1_490' title='bbox 896 2207 1212 2246; x_wconf 78' lang='lat' dir='ltr'>Feod&#39;quingentarum</span> <span class='ocrx_word' id='word_1_491' title='bbox 1222 2203 1301 2234; x_wconf 86' lang='lat' dir='ltr'>Mar-</span> 
     </span>
     <span class='ocr_line' id='line_1_56' title="bbox 229 2243 1301 2290; baseline -0.011 -6"><span class='ocrx_word' id='word_1_492' title='bbox 229 2263 328 2284; x_wconf 82' lang='lat' dir='ltr'>carum</span> <span class='ocrx_word' id='word_1_493' title='bbox 344 2262 392 2290; x_wconf 88' lang='lat' dir='ltr'>per</span> <span class='ocrx_word' id='word_1_494' title='bbox 411 2253 527 2281; x_wconf 71' lang='lat' dir='ltr'>Annum</span> <span class='ocrx_word' id='word_1_495' title='bbox 544 2260 597 2287; x_wconf 88' lang='lat' dir='ltr'>pro</span> <span class='ocrx_word' id='word_1_496' title='bbox 612 2250 748 2280; x_wconf 81' lang='lat' dir='ltr'>exercitio</span> <span class='ocrx_word' id='word_1_497' title='bbox 761 2247 889 2286; x_wconf 67' lang='lat' dir='ltr'>praedicti</span> <span class='ocrx_word' id='word_1_498' title='bbox 905 2245 1005 2276; x_wconf 81' lang='lat' dir='ltr'>Officii</span> <span class='ocrx_word' id='word_1_499' title='bbox 1022 2244 1160 2275; x_wconf 83' lang='lat' dir='ltr'>Custodis</span> <span class='ocrx_word' id='word_1_500' title='bbox 1177 2243 1301 2274; x_wconf 89' lang='lat' dir='ltr'>Gardia-</span> 
     </span>
     <span class='ocr_line' id='line_1_57' title="bbox 229 2282 1301 2323; baseline -0.009 -1"><span class='ocrx_word' id='word_1_501' title='bbox 229 2294 259 2322; x_wconf 90' lang='lat' dir='ltr'>ni</span> <span class='ocrx_word' id='word_1_502' title='bbox 273 2294 305 2323; x_wconf 67' lang='grc' dir='ltr'>ὃ(</span> <span class='ocrx_word' id='word_1_503' title='bbox 322 2291 531 2321; x_wconf 68' lang='lat' dir='ltr'>Gubernatoris</span> <span class='ocrx_word' id='word_1_504' title='bbox 545 2289 580 2319; x_wconf 89' lang='lat' dir='ltr'>de</span> <span class='ocrx_word' id='word_1_505' title='bbox 596 2289 621 2317; x_wconf 93' lang='lat' dir='ltr'>le</span> <span class='ocrx_word' id='word_1_506' title='bbox 638 2287 786 2317; x_wconf 81' lang='lat' dir='ltr'>Midlemai</span> <span class='ocrx_word' id='word_1_507' title='bbox 794 2287 831 2316; x_wconf 92' lang='lat' dir='ltr'>ch</span> <span class='ocrx_word' id='word_1_508' title='bbox 849 2285 992 2323; x_wconf 65' lang='lat' dir='ltr'>praediff,</span> <span class='ocrx_word' id='word_1_509' title='bbox 1011 2282 1177 2322; x_wconf 59' lang='lat' dir='ltr'>&amp;praedict</span> <span class='ocrx_word' id='word_1_510' title='bbox 1188 2282 1301 2313; x_wconf 88' lang='lat' dir='ltr'>Vad&#39;&amp;</span> 
     </span>
     <span class='ocr_line' id='line_1_58' title="bbox 229 2321 1299 2364; baseline -0.01 -3"><span class='ocrx_word' id='word_1_511' title='bbox 229 2330 318 2361; x_wconf 82' lang='lat' dir='ltr'>Feod’</span> <span class='ocrx_word' id='word_1_512' title='bbox 335 2330 438 2360; x_wconf 87' lang='lat' dir='ltr'>decem</span> <span class='ocrx_word' id='word_1_513' title='bbox 460 2329 611 2358; x_wconf 88' lang='lat' dir='ltr'>Librarum</span> <span class='ocrx_word' id='word_1_514' title='bbox 630 2336 682 2364; x_wconf 83' lang='lat' dir='ltr'>pro</span> <span class='ocrx_word' id='word_1_515' title='bbox 702 2335 823 2363; x_wconf 80' lang='lat' dir='ltr'>utroque</span> <span class='ocrx_word' id='word_1_516' title='bbox 840 2324 986 2355; x_wconf 71' lang='grc' dir='ltr'><strong>(11610τοτο</strong></span> <span class='ocrx_word' id='word_1_517' title='bbox 1005 2322 1221 2360; x_wconf 84' lang='lat' dir='ltr'>Deputatorum</span> <span class='ocrx_word' id='word_1_518' title='bbox 1242 2321 1299 2351; x_wconf 88' lang='lat' dir='ltr'>sive</span> 
     </span>
     <span class='ocr_line' id='line_1_59' title="bbox 230 2359 1303 2399; baseline -0.009 0"><span class='ocrx_word' id='word_1_519' title='bbox 230 2368 455 2399; x_wconf 73' lang='lat' dir='ltr'>substitutorum</span> <span class='ocrx_word' id='word_1_520' title='bbox 477 2368 592 2396; x_wconf 85' lang='lat' dir='ltr'>suorum</span> <span class='ocrx_word' id='word_1_521' title='bbox 613 2366 662 2396; x_wconf 84' lang='lat' dir='ltr'>sub</span> <span class='ocrx_word' id='word_1_522' title='bbox 680 2365 704 2395; x_wconf 89' lang='lat' dir='ltr'>se</span> <span class='ocrx_word' id='word_1_523' title='bbox 725 2367 753 2394; x_wconf 91' lang='lat' dir='ltr'>in</span> <span class='ocrx_word' id='word_1_524' title='bbox 780 2364 859 2394; x_wconf 70' lang='lat' dir='ltr'>dieto</span> <span class='ocrx_word' id='word_1_525' title='bbox 875 2362 988 2393; x_wconf 85' lang='lat' dir='ltr'>Officio</span> <span class='ocrx_word' id='word_1_526' title='bbox 1008 2361 1044 2392; x_wconf 89' lang='lat' dir='ltr'>de</span> <span class='ocrx_word' id='word_1_527' title='bbox 1064 2363 1089 2391; x_wconf 85' lang='lat' dir='ltr'>le</span> <span class='ocrx_word' id='word_1_528' title='bbox 1107 2359 1303 2391; x_wconf 85' lang='lat' dir='ltr'>Midlcrnarch</span> 
     </span>
     <span class='ocr_line' id='line_1_60' title="bbox 230 2398 1302 2444; baseline -0.008 -6"><span class='ocrx_word' id='word_1_529' title='bbox 230 2407 376 2444; x_wconf 59' lang='lat' dir='ltr'>praedift&#39;,</span> <span class='ocrx_word' id='word_1_530' title='bbox 396 2417 430 2436; x_wconf 80' lang='lat' dir='ltr'>ac</span> <span class='ocrx_word' id='word_1_531' title='bbox 447 2405 571 2443; x_wconf 66' lang='lat' dir='ltr'>praedic&#39;t&#39;</span> <span class='ocrx_word' id='word_1_532' title='bbox 589 2403 660 2433; x_wconf 80' lang='lat' dir='ltr'>Vad&#39;</span> <span class='ocrx_word' id='word_1_533' title='bbox 677 2403 857 2442; x_wconf 81' lang='lat' dir='ltr'>quadraginta</span> <span class='ocrx_word' id='word_1_534' title='bbox 873 2401 1041 2432; x_wconf 88' lang='lat' dir='ltr'>Solidorum</span> <span class='ocrx_word' id='word_1_535' title='bbox 1057 2410 1108 2439; x_wconf 86' lang='lat' dir='ltr'>pro</span> <span class='ocrx_word' id='word_1_536' title='bbox 1123 2409 1244 2437; x_wconf 87' lang='lat' dir='ltr'>utroque</span> <span class='ocrx_word' id='word_1_537' title='bbox 1258 2398 1302 2429; x_wconf 89' lang='lat' dir='ltr'>di-</span> 
     </span>
     <span class='ocr_line' id='line_1_61' title="bbox 233 2438 1302 2477; baseline -0.009 -1"><span class='ocrx_word' id='word_1_538' title='bbox 233 2447 348 2476; x_wconf 64' lang='lat' dir='ltr'>ciorum</span> <span class='ocrx_word' id='word_1_539' title='bbox 365 2448 487 2475; x_wconf 77' lang='lat' dir='ltr'>duorum</span> <span class='ocrx_word' id='word_1_540' title='bbox 504 2443 721 2473; x_wconf 80' lang='lat' dir='ltr'>Officiarlorum</span> <span class='ocrx_word' id='word_1_541' title='bbox 737 2442 785 2471; x_wconf 85' lang='lat' dir='ltr'>sub</span> <span class='ocrx_word' id='word_1_542' title='bbox 801 2441 827 2471; x_wconf 89' lang='lat' dir='ltr'>se</span> <span class='ocrx_word' id='word_1_543' title='bbox 843 2448 1016 2471; x_wconf 85' lang='lat' dir='ltr'>vocatorum</span> <span class='ocrx_word' id='word_1_544' title='bbox 1031 2438 1153 2470; x_wconf 87' lang='lat' dir='ltr'>Wara&#39;en</span> <span class='ocrx_word' id='word_1_545' title='bbox 1172 2439 1302 2477; x_wconf 84' lang='lat' dir='ltr'>Serjaun-</span> 
     </span>
     <span class='ocr_line' id='line_1_62' title="bbox 232 2476 1301 2518; baseline -0.007 -5"><span class='ocrx_word' id='word_1_546' title='bbox 232 2492 272 2514; x_wconf 78' lang='lat' dir='ltr'>tes</span> <span class='ocrx_word' id='word_1_547' title='bbox 288 2484 323 2513; x_wconf 91' lang='lat' dir='ltr'>de</span> <span class='ocrx_word' id='word_1_548' title='bbox 339 2484 362 2512; x_wconf 83' lang='lat' dir='ltr'>le</span> <span class='ocrx_word' id='word_1_549' title='bbox 380 2483 571 2512; x_wconf 80' lang='lat' dir='ltr'>Midlemarcli</span> <span class='ocrx_word' id='word_1_550' title='bbox 587 2481 725 2518; x_wconf 63' lang='lat' dir='ltr'>praeditst,</span> <span class='ocrx_word' id='word_1_551' title='bbox 743 2479 863 2516; x_wconf 75' lang='lat' dir='ltr'>prccfato</span> <span class='ocrx_word' id='word_1_552' title='bbox 879 2482 991 2515; x_wconf 72' lang='lat' dir='ltr'>Georgia</span> <span class='ocrx_word' id='word_1_553' title='bbox 1006 2481 1105 2506; x_wconf 75' lang='lat' dir='ltr'>comiti</span> <span class='ocrx_word' id='word_1_554' title='bbox 1123 2476 1301 2506; x_wconf 77' lang='lat' dir='ltr'>Cambriaead</span> 
     </span>
     <span class='ocr_line' id='line_1_63' title="bbox 232 2514 1302 2555; baseline -0.008 -4"><span class='ocrx_word' id='word_1_555' title='bbox 232 2522 313 2552; x_wconf 61' lang='lat' dir='ltr'>Festa</span> <span class='ocrx_word' id='word_1_556' title='bbox 332 2521 427 2550; x_wconf 66' lang='lat' dir='ltr'>Sancti</span> <span class='ocrx_word' id='word_1_557' title='bbox 442 2520 595 2550; x_wconf 84' lang='lat' dir='ltr'>Michaelis</span> <span class='ocrx_word' id='word_1_558' title='bbox 612 2518 782 2555; x_wconf 79' lang='lat' dir='ltr'>Archangeli</span> <span class='ocrx_word' id='word_1_559' title='bbox 798 2519 830 2547; x_wconf 87' lang='lat'>&amp;</span> <span class='ocrx_word' id='word_1_560' title='bbox 843 2516 1079 2546; x_wconf 86' lang='lat' dir='ltr'>Annunciationis</span> <span class='ocrx_word' id='word_1_561' title='bbox 1095 2516 1183 2545; x_wconf 82' lang='lat' dir='ltr'>beatae</span> <span class='ocrx_word' id='word_1_562' title='bbox 1200 2514 1302 2543; x_wconf 78' lang='lat' dir='ltr'>Mariae</span> 
     </span>
     <span class='ocr_line' id='line_1_64' title="bbox 232 2551 1302 2597; baseline -0.009 -7"><span class='ocrx_word' id='word_1_563' title='bbox 232 2560 358 2597; x_wconf 41' lang='lat' dir='ltr'>Virginis</span> <span class='ocrx_word' id='word_1_564' title='bbox 370 2561 457 2596; x_wconf 71' lang='lat' dir='ltr'>aequis</span> <span class='ocrx_word' id='word_1_565' title='bbox 471 2558 655 2588; x_wconf 85' lang='lat' dir='ltr'>Portionibus</span> <span class='ocrx_word' id='word_1_566' title='bbox 670 2557 706 2585; x_wconf 91' lang='lat' dir='ltr'>de</span> <span class='ocrx_word' id='word_1_567' title='bbox 722 2558 743 2584; x_wconf 86' lang='lat' dir='ltr'>&#39;l</span> <span class='ocrx_word' id='word_1_568' title='bbox 755 2555 872 2584; x_wconf 87' lang='lat' dir='ltr'>hesauro</span> <span class='ocrx_word' id='word_1_569' title='bbox 887 2555 985 2583; x_wconf 84' lang='lat' dir='ltr'>nostro</span> <span class='ocrx_word' id='word_1_570' title='bbox 995 2554 1029 2582; x_wconf 88' lang='lat' dir='ltr'>ad</span> <span class='ocrx_word' id='word_1_571' title='bbox 1042 2553 1203 2590; x_wconf 82' lang='lat' dir='ltr'>Receptam</span> <span class='ocrx_word' id='word_1_572' title='bbox 1214 2551 1302 2581; x_wconf 87' lang='lat' dir='ltr'>Scae-</span> 
     </span>
     <span class='ocr_line' id='line_1_65' title="bbox 235 2589 1302 2634; baseline -0.01 -5"><span class='ocrx_word' id='word_1_573' title='bbox 235 2601 302 2630; x_wconf 87' lang='lat' dir='ltr'>carii</span> <span class='ocrx_word' id='word_1_574' title='bbox 322 2597 426 2634; x_wconf 76' lang='lat' dir='ltr'>nostri,</span> <span class='ocrx_word' id='word_1_575' title='bbox 447 2607 495 2634; x_wconf 85' lang='lat' dir='ltr'>per</span> <span class='ocrx_word' id='word_1_576' title='bbox 520 2606 618 2625; x_wconf 85' lang='lat' dir='ltr'>manus</span> <span class='ocrx_word' id='word_1_577' title='bbox 636 2594 813 2624; x_wconf 78' lang='lat' dir='ltr'>Thesaurarii</span> <span class='ocrx_word' id='word_1_578' title='bbox 832 2594 864 2624; x_wconf 72' lang='grc' dir='ltr'>ὃ(</span> <span class='ocrx_word' id='word_1_579' title='bbox 881 2592 1114 2622; x_wconf 87' lang='lat' dir='ltr'>Camerariorum</span> <span class='ocrx_word' id='word_1_580' title='bbox 1139 2589 1302 2619; x_wconf 87' lang='lat' dir='ltr'>nostrorum</span> 
     </span>
     <span class='ocr_line' id='line_1_66' title="bbox 233 2628 1302 2674; baseline -0.009 -7"><span class='ocrx_word' id='word_1_581' title='bbox 233 2638 338 2667; x_wconf 81' lang='lat' dir='ltr'>ibidem</span> <span class='ocrx_word' id='word_1_582' title='bbox 360 2646 413 2674; x_wconf 86' lang='lat' dir='ltr'>pro</span> <span class='ocrx_word' id='word_1_583' title='bbox 429 2644 558 2672; x_wconf 75' lang='lat' dir='ltr'>tempore</span> <span class='ocrx_word' id='word_1_584' title='bbox 574 2632 753 2663; x_wconf 76' lang='lat' dir='ltr'>existentium</span> <span class='ocrx_word' id='word_1_585' title='bbox 772 2632 916 2661; x_wconf 80' lang='lat' dir='ltr'>annuatim</span> <span class='ocrx_word' id='word_1_586' title='bbox 942 2630 1161 2665; x_wconf 85' lang='lat' dir='ltr'>solvendorum,</span> <span class='ocrx_word' id='word_1_587' title='bbox 1184 2628 1302 2658; x_wconf 87' lang='lat' dir='ltr'>durante</span> 
     </span>
     <span class='ocr_line' id='line_1_67' title="bbox 233 2665 1303 2713; baseline -0.011 -6"><span class='ocrx_word' id='word_1_588' title='bbox 233 2676 415 2713; x_wconf 79' lang='lat' dir='ltr'>Beneplacito</span> <span class='ocrx_word' id='word_1_589' title='bbox 430 2677 546 2711; x_wconf 75' lang='lat' dir='ltr'>noitro,</span> <span class='ocrx_word' id='word_1_590' title='bbox 563 2683 596 2702; x_wconf 90' lang='lat' dir='ltr'>ac</span> <span class='ocrx_word' id='word_1_591' title='bbox 611 2673 696 2701; x_wconf 81' lang='lat' dir='ltr'>etiam</span> <span class='ocrx_word' id='word_1_592' title='bbox 715 2669 1037 2706; x_wconf 74' lang='lat' dir='ltr'>habend&#39;recipiend&#39;&amp;</span> <span class='ocrx_word' id='word_1_593' title='bbox 1054 2668 1130 2712; x_wconf 72' lang='lat' dir='ltr'>perci</span> <span class='ocrx_word' id='word_1_594' title='bbox 1156 2665 1303 2697; x_wconf 70' lang='lat' dir='ltr'>iend’dict&#39;</span> 
     </span>
     <span class='ocr_line' id='line_1_68' title="bbox 234 2704 1303 2749; baseline -0.01 -4"><span class='ocrx_word' id='word_1_595' title='bbox 234 2724 353 2745; x_wconf 74' lang='lat' dir='ltr'>centum</span> <span class='ocrx_word' id='word_1_596' title='bbox 372 2713 483 2742; x_wconf 81' lang='lat' dir='ltr'>Marcas</span> <span class='ocrx_word' id='word_1_597' title='bbox 496 2722 548 2749; x_wconf 88' lang='lat' dir='ltr'>pro</span> <span class='ocrx_word' id='word_1_598' title='bbox 562 2711 701 2740; x_wconf 78' lang='lat' dir='ltr'>exercitio</span> <span class='ocrx_word' id='word_1_599' title='bbox 721 2711 753 2741; x_wconf 72' lang='grc' dir='ltr'>ὃ(</span> <span class='ocrx_word' id='word_1_600' title='bbox 772 2709 962 2745; x_wconf 83' lang='lat' dir='ltr'>occupatione</span> <span class='ocrx_word' id='word_1_601' title='bbox 979 2706 1108 2745; x_wconf 62' lang='lat' dir='ltr'>praedicti</span> <span class='ocrx_word' id='word_1_602' title='bbox 1155 2705 1222 2736; x_wconf 88' lang='lat' dir='ltr'>fficii</span> <span class='ocrx_word' id='word_1_603' title='bbox 1239 2704 1303 2735; x_wconf 85' lang='lat' dir='ltr'>Cu-</span> 
     </span>
     <span class='ocr_line' id='line_1_69' title="bbox 236 2743 1302 2785; baseline -0.011 -1"><span class='ocrx_word' id='word_1_604' title='bbox 236 2753 324 2784; x_wconf 82' lang='lat' dir='ltr'>stodis</span> <span class='ocrx_word' id='word_1_605' title='bbox 343 2751 550 2781; x_wconf 71' lang='lat' dir='ltr'>Gubernatoris</span> <span class='ocrx_word' id='word_1_606' title='bbox 571 2750 627 2779; x_wconf 82' lang='lat' dir='ltr'>live</span> <span class='ocrx_word' id='word_1_607' title='bbox 645 2748 791 2785; x_wconf 67' lang='lat' dir='ltr'>Capitanei</span> <span class='ocrx_word' id='word_1_608' title='bbox 815 2747 901 2777; x_wconf 64' lang='lat' dir='ltr'>dietae</span> <span class='ocrx_word' id='word_1_609' title='bbox 920 2745 1051 2776; x_wconf 82' lang='lat' dir='ltr'>Civitatis</span> <span class='ocrx_word' id='word_1_610' title='bbox 1068 2743 1173 2775; x_wconf 78' lang='lat' dir='ltr'>nostrae</span> <span class='ocrx_word' id='word_1_611' title='bbox 1190 2743 1302 2774; x_wconf 89' lang='lat' dir='ltr'>Carlio—</span> 
     </span>
     <span class='ocr_line' id='line_1_70' title="bbox 237 2784 1303 2827; baseline -0.008 -6"><span class='ocrx_word' id='word_1_612' title='bbox 237 2792 315 2822; x_wconf 79' lang='lat' dir='ltr'>lensis</span> <span class='ocrx_word' id='word_1_613' title='bbox 334 2790 494 2827; x_wconf 60' lang='lat' dir='ltr'>praedzChe,</span> <span class='ocrx_word' id='word_1_614' title='bbox 513 2789 544 2818; x_wconf 84' lang='lat'>&amp;</span> <span class='ocrx_word' id='word_1_615' title='bbox 563 2788 688 2826; x_wconf 72' lang='lat' dir='ltr'>praedicii</span> <span class='ocrx_word' id='word_1_616' title='bbox 703 2786 798 2817; x_wconf 77' lang='lat' dir='ltr'>Custri</span> <span class='ocrx_word' id='word_1_617' title='bbox 817 2784 940 2822; x_wconf 83' lang='lat' dir='ltr'>ejusdem</span> <span class='ocrx_word' id='word_1_618' title='bbox 955 2784 1086 2815; x_wconf 81' lang='lat' dir='ltr'>Civitatis</span> <span class='ocrx_word' id='word_1_619' title='bbox 1098 2785 1130 2814; x_wconf 63' lang='grc' dir='ltr'>ὃς</span> <span class='ocrx_word' id='word_1_620' title='bbox 1143 2792 1244 2814; x_wconf 90' lang='lat' dir='ltr'>eorum</span> <span class='ocrx_word' id='word_1_621' title='bbox 1252 2792 1303 2813; x_wconf 90' lang='lat' dir='ltr'>cu-</span> 
     </span>
     <span class='ocr_line' id='line_1_71' title="bbox 236 2821 1303 2867; baseline -0.008 -8"><span class='ocrx_word' id='word_1_622' title='bbox 236 2830 362 2867; x_wconf 77' lang='lat' dir='ltr'>juiiibet,</span> <span class='ocrx_word' id='word_1_623' title='bbox 382 2830 413 2859; x_wconf 71' lang='lat'>8&lt;</span> <span class='ocrx_word' id='word_1_624' title='bbox 431 2828 576 2866; x_wconf 60' lang='lat' dir='ltr'>praedictas</span> <span class='ocrx_word' id='word_1_625' title='bbox 594 2828 694 2857; x_wconf 82' lang='lat' dir='ltr'>decem</span> <span class='ocrx_word' id='word_1_626' title='bbox 715 2825 829 2855; x_wconf 60' lang='lat' dir='ltr'>Marcis</span> <span class='ocrx_word' id='word_1_627' title='bbox 841 2834 889 2862; x_wconf 85' lang='lat' dir='ltr'>per</span> <span class='ocrx_word' id='word_1_628' title='bbox 906 2825 1024 2854; x_wconf 84' lang='lat' dir='ltr'>Annum</span> <span class='ocrx_word' id='word_1_629' title='bbox 1042 2833 1093 2860; x_wconf 86' lang='lat' dir='ltr'>pro</span> <span class='ocrx_word' id='word_1_630' title='bbox 1104 2821 1195 2852; x_wconf 91' lang='lat' dir='ltr'>Vadio</span> <span class='ocrx_word' id='word_1_631' title='bbox 1211 2822 1303 2857; x_wconf 84' lang='lat' dir='ltr'>cujus-</span> 
     </span>
     <span class='ocr_line' id='line_1_72' title="bbox 236 2860 1303 2904; baseline -0.008 -6"><span class='ocrx_word' id='word_1_632' title='bbox 236 2870 306 2899; x_wconf 86' lang='lat' dir='ltr'>libet</span> <span class='ocrx_word' id='word_1_633' title='bbox 326 2869 474 2897; x_wconf 62' lang='lat' dir='ltr'>dierorum</span> <span class='ocrx_word' id='word_1_634' title='bbox 497 2867 595 2904; x_wconf 80' lang='lat' dir='ltr'>viginti</span> <span class='ocrx_word' id='word_1_635' title='bbox 614 2864 778 2895; x_wconf 83' lang='lat' dir='ltr'>Hominum</span> <span class='ocrx_word' id='word_1_636' title='bbox 800 2872 969 2894; x_wconf 83' lang='lat' dir='ltr'>vocatorum</span> <span class='ocrx_word' id='word_1_637' title='bbox 988 2860 1104 2892; x_wconf 81' lang='lat' dir='ltr'>Soldiers</span> <span class='ocrx_word' id='word_1_638' title='bbox 1122 2863 1253 2902; x_wconf 82' lang='lat' dir='ltr'>Equites,</span> <span class='ocrx_word' id='word_1_639' title='bbox 1271 2869 1303 2890; x_wconf 90' lang='lat' dir='ltr'>ac</span> 
     </span>
     <span class='ocr_line' id='line_1_73' title="bbox 236 2897 1304 2947; baseline -0.007 -11"><span class='ocrx_word' id='word_1_640' title='bbox 236 2906 387 2947; x_wconf 64' lang='lat' dir='ltr'>praediclos</span> <span class='ocrx_word' id='word_1_641' title='bbox 405 2906 505 2944; x_wconf 77' lang='lat' dir='ltr'>viginti</span> <span class='ocrx_word' id='word_1_642' title='bbox 521 2907 563 2935; x_wconf 82' lang='lat' dir='ltr'>sex</span> <span class='ocrx_word' id='word_1_643' title='bbox 580 2903 693 2933; x_wconf 76' lang='lat' dir='ltr'>Solidos</span> <span class='ocrx_word' id='word_1_644' title='bbox 706 2904 738 2933; x_wconf 73' lang='grc' dir='ltr'>ὃς</span> <span class='ocrx_word' id='word_1_645' title='bbox 751 2903 824 2933; x_wconf 63' lang='lat' dir='ltr'>octo</span> <span class='ocrx_word' id='word_1_646' title='bbox 842 2902 982 2931; x_wconf 88' lang='lat' dir='ltr'>Denarios</span> <span class='ocrx_word' id='word_1_647' title='bbox 999 2910 1048 2938; x_wconf 82' lang='lat' dir='ltr'>per</span> <span class='ocrx_word' id='word_1_648' title='bbox 1058 2900 1176 2930; x_wconf 84' lang='lat' dir='ltr'>Annum</span> <span class='ocrx_word' id='word_1_649' title='bbox 1185 2908 1236 2938; x_wconf 87' lang='lat' dir='ltr'>pro</span> <span class='ocrx_word' id='word_1_650' title='bbox 1244 2897 1304 2929; x_wconf 88' lang='lat' dir='ltr'>Va-</span> 
     </span>
     <span class='ocr_line' id='line_1_74' title="bbox 237 2937 1304 2981; baseline -0.009 -5"><span class='ocrx_word' id='word_1_651' title='bbox 237 2948 286 2977; x_wconf 79' lang='lat' dir='ltr'>dio</span> <span class='ocrx_word' id='word_1_652' title='bbox 299 2945 446 2980; x_wconf 83' lang='lat' dir='ltr'>cujussibet</span> <span class='ocrx_word' id='word_1_653' title='bbox 459 2945 542 2974; x_wconf 84' lang='lat' dir='ltr'>trium</span> <span class='ocrx_word' id='word_1_654' title='bbox 561 2942 704 2981; x_wconf 74' lang='lat' dir='ltr'>Clavigcr&#39;</span> <span class='ocrx_word' id='word_1_655' title='bbox 717 2941 750 2971; x_wconf 91' lang='lat' dir='ltr'>ad</span> <span class='ocrx_word' id='word_1_656' title='bbox 767 2950 819 2971; x_wconf 86' lang='lat' dir='ltr'>tres</span> <span class='ocrx_word' id='word_1_657' title='bbox 837 2940 934 2971; x_wconf 81' lang='lat' dir='ltr'>Portas</span> <span class='ocrx_word' id='word_1_658' title='bbox 945 2940 1030 2969; x_wconf 60' lang='lat' dir='ltr'>didiae</span> <span class='ocrx_word' id='word_1_659' title='bbox 1051 2938 1183 2969; x_wconf 87' lang='lat' dir='ltr'>Civitatis</span> <span class='ocrx_word' id='word_1_660' title='bbox 1199 2937 1304 2968; x_wconf 82' lang='lat' dir='ltr'>nostrae</span> 
     </span>
     <span class='ocr_line' id='line_1_75' title="bbox 237 2976 1304 3019; baseline -0.007 -6"><span class='ocrx_word' id='word_1_661' title='bbox 237 2985 266 3015; x_wconf 83' lang='lat' dir='ltr'>C</span> <span class='ocrx_word' id='word_1_662' title='bbox 269 2984 414 3013; x_wconf 74' lang='lat' dir='ltr'>arliolensis</span> <span class='ocrx_word' id='word_1_663' title='bbox 424 3006 432 3019; x_wconf 88' lang='lat'>,</span> <span class='ocrx_word' id='word_1_664' title='bbox 453 2983 571 3019; x_wconf 71' lang='lat' dir='ltr'>praefato</span> <span class='ocrx_word' id='word_1_665' title='bbox 587 2984 700 3017; x_wconf 77' lang='lat' dir='ltr'>Georgia</span> <span class='ocrx_word' id='word_1_666' title='bbox 715 2983 813 3010; x_wconf 86' lang='lat' dir='ltr'>Comiti</span> <span class='ocrx_word' id='word_1_667' title='bbox 825 2979 958 3008; x_wconf 79' lang='lat' dir='ltr'>Cambriae</span> <span class='ocrx_word' id='word_1_668' title='bbox 973 2978 1006 3008; x_wconf 89' lang='lat' dir='ltr'>ad</span> <span class='ocrx_word' id='word_1_669' title='bbox 1017 2978 1089 3008; x_wconf 90' lang='lat' dir='ltr'>duos</span> <span class='ocrx_word' id='word_1_670' title='bbox 1101 2976 1304 3007; x_wconf 84' lang='lat' dir='ltr'>AnniTermi-</span> 
     </span>
     <span class='ocr_line' id='line_1_76' title="bbox 239 3014 1305 3058; baseline -0.007 -7"><span class='ocrx_word' id='word_1_671' title='bbox 239 3033 293 3053; x_wconf 88' lang='lat' dir='ltr'>nos</span> <span class='ocrx_word' id='word_1_672' title='bbox 314 3022 470 3058; x_wconf 75' lang='lat' dir='ltr'>(videlicet)</span> <span class='ocrx_word' id='word_1_673' title='bbox 492 3022 527 3050; x_wconf 86' lang='lat' dir='ltr'>ad</span> <span class='ocrx_word' id='word_1_674' title='bbox 552 3020 631 3050; x_wconf 74' lang='lat' dir='ltr'>Festa</span> <span class='ocrx_word' id='word_1_675' title='bbox 652 3018 830 3049; x_wconf 74' lang='lat' dir='ltr'>pentecostes</span> <span class='ocrx_word' id='word_1_676' title='bbox 847 3019 879 3050; x_wconf 89' lang='lat'>&amp;</span> <span class='ocrx_word' id='word_1_677' title='bbox 899 3017 994 3047; x_wconf 64' lang='lat' dir='ltr'>Sancti</span> <span class='ocrx_word' id='word_1_678' title='bbox 1012 3016 1129 3046; x_wconf 83' lang='lat' dir='ltr'>Martini</span> <span class='ocrx_word' id='word_1_679' title='bbox 1153 3016 1181 3045; x_wconf 92' lang='lat' dir='ltr'>in</span> <span class='ocrx_word' id='word_1_680' title='bbox 1198 3014 1305 3046; x_wconf 84' lang='lat' dir='ltr'>Hieme</span> 
     </span>
     <span class='ocr_line' id='line_1_77' title="bbox 240 3054 1307 3100; baseline -0.007 -10"><span class='ocrx_word' id='word_1_681' title='bbox 240 3071 287 3100; x_wconf 84' lang='lat' dir='ltr'>pei·</span> <span class='ocrx_word' id='word_1_682' title='bbox 307 3060 425 3098; x_wconf 74' lang='lat' dir='ltr'>aequales</span> <span class='ocrx_word' id='word_1_683' title='bbox 441 3059 608 3094; x_wconf 75' lang='lat' dir='ltr'>Portiones,</span> <span class='ocrx_word' id='word_1_684' title='bbox 625 3057 750 3088; x_wconf 85' lang='lat' dir='ltr'>solvend’</span> <span class='ocrx_word' id='word_1_685' title='bbox 765 3067 812 3095; x_wconf 88' lang='lat' dir='ltr'>per</span> <span class='ocrx_word' id='word_1_686' title='bbox 830 3066 927 3085; x_wconf 87' lang='lat' dir='ltr'>manus</span> <span class='ocrx_word' id='word_1_687' title='bbox 944 3055 1144 3092; x_wconf 78' lang='lat' dir='ltr'>RecePtorum</span> <span class='ocrx_word' id='word_1_688' title='bbox 1154 3054 1307 3084; x_wconf 85' lang='lat' dir='ltr'>Firmario-</span> 
     </span>
     <span class='ocr_line' id='line_1_78' title="bbox 241 3093 1308 3135; baseline -0.008 -5"><span class='ocrx_word' id='word_1_689' title='bbox 241 3109 305 3130; x_wconf 80' lang='lat' dir='ltr'>runi</span> <span class='ocrx_word' id='word_1_690' title='bbox 321 3099 546 3135; x_wconf 61' lang='lat' dir='ltr'>Occupitorum</span> <span class='ocrx_word' id='word_1_691' title='bbox 562 3097 618 3126; x_wconf 81' lang='lat' dir='ltr'>live</span> <span class='ocrx_word' id='word_1_692' title='bbox 631 3096 753 3126; x_wconf 91' lang='lat' dir='ltr'>aliorum</span> <span class='ocrx_word' id='word_1_693' title='bbox 774 3094 975 3125; x_wconf 85' lang='lat' dir='ltr'>Ministrorum</span> <span class='ocrx_word' id='word_1_694' title='bbox 993 3093 1158 3123; x_wconf 84' lang='lat' dir='ltr'>nostrorum</span> <span class='ocrx_word' id='word_1_695' title='bbox 1174 3093 1218 3123; x_wconf 89' lang='lat' dir='ltr'>vel</span> <span class='ocrx_word' id='word_1_696' title='bbox 1238 3093 1308 3122; x_wconf 91' lang='lat' dir='ltr'>alio-</span> 
     </span>
     <span class='ocr_line' id='line_1_79' title="bbox 241 3130 1308 3169; baseline -0.008 0"><span class='ocrx_word' id='word_1_697' title='bbox 241 3148 305 3169; x_wconf 89' lang='lat' dir='ltr'>rum</span> <span class='ocrx_word' id='word_1_698' title='bbox 324 3136 532 3166; x_wconf 88' lang='lat' dir='ltr'>Dominiorum</span> <span class='ocrx_word' id='word_1_699' title='bbox 552 3135 609 3164; x_wconf 79' lang='lat' dir='ltr'>sive</span> <span class='ocrx_word' id='word_1_700' title='bbox 628 3134 784 3163; x_wconf 86' lang='lat' dir='ltr'>Terrarum</span> <span class='ocrx_word' id='word_1_701' title='bbox 804 3132 965 3163; x_wconf 87' lang='lat' dir='ltr'>nostrarum</span> <span class='ocrx_word' id='word_1_702' title='bbox 981 3132 1016 3161; x_wconf 88' lang='lat' dir='ltr'>de</span> <span class='ocrx_word' id='word_1_703' title='bbox 1030 3131 1152 3161; x_wconf 88' lang='lat' dir='ltr'>Penreth</span> <span class='ocrx_word' id='word_1_704' title='bbox 1175 3130 1308 3161; x_wconf 80' lang='lat' dir='ltr'>Skalkeld</span> 
     </span>
     <span class='ocr_line' id='line_1_80' title="bbox 241 3169 1307 3215; baseline -0.008 -8"><span class='ocrx_word' id='word_1_705' title='bbox 241 3176 350 3213; x_wconf 79' lang='lat' dir='ltr'>Scotby</span> <span class='ocrx_word' id='word_1_706' title='bbox 365 3175 505 3215; x_wconf 87' lang='lat' dir='ltr'>Sowerby</span> <span class='ocrx_word' id='word_1_707' title='bbox 524 3172 716 3212; x_wconf 81' lang='lat' dir='ltr'>Langwhitby</span> <span class='ocrx_word' id='word_1_708' title='bbox 733 3174 766 3203; x_wconf 88' lang='lat'>&amp;</span> <span class='ocrx_word' id='word_1_709' title='bbox 782 3170 941 3209; x_wconf 85' lang='lat' dir='ltr'>Gamlesby</span> <span class='ocrx_word' id='word_1_710' title='bbox 957 3172 985 3199; x_wconf 89' lang='lat' dir='ltr'>in</span> <span class='ocrx_word' id='word_1_711' title='bbox 995 3169 1075 3200; x_wconf 64' lang='lat' dir='ltr'>disto</span> <span class='ocrx_word' id='word_1_712' title='bbox 1090 3169 1242 3200; x_wconf 87' lang='lat' dir='ltr'>Comitatu</span> <span class='ocrx_word' id='word_1_713' title='bbox 1254 3179 1307 3199; x_wconf 90' lang='lat' dir='ltr'>no-</span> 
     </span>
     <span class='ocr_line' id='line_1_81' title="bbox 239 3207 1305 3251; baseline -0.008 -5"><span class='ocrx_word' id='word_1_714' title='bbox 239 3216 298 3246; x_wconf 71' lang='lat' dir='ltr'>stro</span> <span class='ocrx_word' id='word_1_715' title='bbox 313 3215 464 3246; x_wconf 54' lang='lat' dir='ltr'>Cumbrite</span> <span class='ocrx_word' id='word_1_716' title='bbox 480 3223 534 3251; x_wconf 84' lang='lat' dir='ltr'>pro</span> <span class='ocrx_word' id='word_1_717' title='bbox 553 3220 684 3248; x_wconf 82' lang='lat' dir='ltr'>tempore</span> <span class='ocrx_word' id='word_1_718' title='bbox 700 3210 828 3247; x_wconf 77' lang='lat' dir='ltr'>existen&#39;‚</span> <span class='ocrx_word' id='word_1_719' title='bbox 847 3210 881 3239; x_wconf 89' lang='lat' dir='ltr'>de</span> <span class='ocrx_word' id='word_1_720' title='bbox 896 3208 1025 3239; x_wconf 85' lang='lat' dir='ltr'>Exitibus</span> <span class='ocrx_word' id='word_1_721' title='bbox 1038 3209 1070 3238; x_wconf 69' lang='grc' dir='ltr'>ὅ(</span> <span class='ocrx_word' id='word_1_722' title='bbox 1086 3207 1225 3238; x_wconf 84' lang='lat' dir='ltr'>Proficuis</span> <span class='ocrx_word' id='word_1_723' title='bbox 1242 3207 1305 3237; x_wconf 84' lang='lat' dir='ltr'>Re-</span> 
     </span>
     <span class='ocr_line' id='line_1_82' title="bbox 241 3246 1307 3291; baseline -0.008 -7"><span class='ocrx_word' id='word_1_724' title='bbox 241 3263 390 3291; x_wconf 75' lang='lat' dir='ltr'>ceptorum</span> <span class='ocrx_word' id='word_1_725' title='bbox 406 3253 438 3284; x_wconf 72' lang='grc' dir='ltr'>δε</span> <span class='ocrx_word' id='word_1_726' title='bbox 457 3252 673 3282; x_wconf 84' lang='lat' dir='ltr'>Reventionum</span> <span class='ocrx_word' id='word_1_727' title='bbox 690 3248 861 3278; x_wconf 86' lang='lat' dir='ltr'>corumdem</span> <span class='ocrx_word' id='word_1_728' title='bbox 878 3247 1078 3277; x_wconf 68' lang='lat' dir='ltr'>Manet-iorum</span> <span class='ocrx_word' id='word_1_729' title='bbox 1095 3246 1307 3276; x_wconf 89' lang='lat' dir='ltr'>Dominiorum</span> 
     </span>
     <span class='ocr_line' id='line_1_83' title="bbox 245 3285 1307 3324; baseline -0.008 -2"><span class='ocrx_word' id='word_1_730' title='bbox 245 3293 398 3322; x_wconf 79' lang='lat' dir='ltr'>Terrarum</span> <span class='ocrx_word' id='word_1_731' title='bbox 415 3290 459 3320; x_wconf 83' lang='lat' dir='ltr'>seu</span> <span class='ocrx_word' id='word_1_732' title='bbox 477 3289 730 3320; x_wconf 83' lang='lat' dir='ltr'>Tenementorum</span> <span class='ocrx_word' id='word_1_733' title='bbox 749 3286 873 3317; x_wconf 76' lang='lat' dir='ltr'>crescen&#39;</span> <span class='ocrx_word' id='word_1_734' title='bbox 887 3285 1120 3316; x_wconf 74' lang='lat' dir='ltr'>incumbcn&#39;sive</span> <span class='ocrx_word' id='word_1_735' title='bbox 1128 3285 1307 3324; x_wconf 84' lang='lat' dir='ltr'>provenicn&#39;,</span> 
     </span>
     <span class='ocr_line' id='line_1_84' title="bbox 245 3323 1310 3361; baseline -0.008 0"><span class='ocrx_word' id='word_1_736' title='bbox 245 3341 298 3361; x_wconf 79' lang='lat' dir='ltr'>nec</span> <span class='ocrx_word' id='word_1_737' title='bbox 315 3341 375 3361; x_wconf 88' lang='lat' dir='ltr'>non</span> <span class='ocrx_word' id='word_1_738' title='bbox 390 3330 495 3359; x_wconf 46' lang='lat' dir='ltr'>somnia</span> <span class='ocrx_word' id='word_1_739' title='bbox 512 3328 562 3357; x_wconf 77' lang='lat' dir='ltr'>alia</span> <span class='ocrx_word' id='word_1_740' title='bbox 581 3326 669 3356; x_wconf 85' lang='lat' dir='ltr'>Vadia</span> <span class='ocrx_word' id='word_1_741' title='bbox 687 3328 719 3357; x_wconf 67' lang='grc' dir='ltr'>ἃ</span> <span class='ocrx_word' id='word_1_742' title='bbox 747 3325 840 3355; x_wconf 85' lang='lat' dir='ltr'>Feoda</span> <span class='ocrx_word' id='word_1_743' title='bbox 864 3325 946 3354; x_wconf 65' lang='lat' dir='ltr'>dietis</span> <span class='ocrx_word' id='word_1_744' title='bbox 966 3325 984 3343; x_wconf 72' lang='lat'>²*</span> <span class='ocrx_word' id='word_1_745' title='bbox 1001 3323 1116 3353; x_wconf 87' lang='lat' dir='ltr'>Officiis</span> <span class='ocrx_word' id='word_1_746' title='bbox 1128 3346 1136 3361; x_wconf 85' lang='grc'>,</span> <span class='ocrx_word' id='word_1_747' title='bbox 1155 3324 1188 3354; x_wconf 70' lang='grc' dir='ltr'>δε</span> <span class='ocrx_word' id='word_1_748' title='bbox 1207 3333 1310 3353; x_wconf 89' lang='lat' dir='ltr'>eorum</span> 
     </span>
     <span class='ocr_line' id='line_1_85' title="bbox 247 3361 1308 3400; baseline -0.008 0"><span class='ocrx_word' id='word_1_749' title='bbox 247 3371 365 3400; x_wconf 86' lang='lat' dir='ltr'>cuilibet</span> <span class='ocrx_word' id='word_1_750' title='bbox 380 3368 467 3398; x_wconf 85' lang='lat' dir='ltr'>debit&#39;</span> <span class='ocrx_word' id='word_1_751' title='bbox 483 3368 516 3399; x_wconf 75' lang='grc' dir='ltr'>δε</span> <span class='ocrx_word' id='word_1_752' title='bbox 532 3365 658 3396; x_wconf 83' lang='lat' dir='ltr'>consuet&#39;</span> <span class='ocrx_word' id='word_1_753' title='bbox 674 3365 708 3394; x_wconf 87' lang='lat' dir='ltr'>ad</span> <span class='ocrx_word' id='word_1_754' title='bbox 723 3365 859 3394; x_wconf 87' lang='lat' dir='ltr'>terminos</span> <span class='ocrx_word' id='word_1_755' title='bbox 871 3362 978 3393; x_wconf 85' lang='lat' dir='ltr'>ibidem</span> <span class='ocrx_word' id='word_1_756' title='bbox 996 3362 1081 3392; x_wconf 86' lang='lat' dir='ltr'>usitat’</span> <span class='ocrx_word' id='word_1_757' title='bbox 1097 3362 1214 3392; x_wconf 88' lang='lat' dir='ltr'>durante</span> <span class='ocrx_word' id='word_1_758' title='bbox 1222 3361 1308 3392; x_wconf 88' lang='lat' dir='ltr'>Bene-</span> 
     </span>
     <span class='ocr_line' id='line_1_86' title="bbox 248 3406 484 3446; baseline 0.004 -11"><span class='ocrx_word' id='word_1_759' title='bbox 248 3408 352 3446; x_wconf 67' lang='lat' dir='ltr'>placito</span> <span class='ocrx_word' id='word_1_760' title='bbox 364 3406 427 3436; x_wconf 80' lang='lat' dir='ltr'>nost</span> <span class='ocrx_word' id='word_1_761' title='bbox 436 3417 484 3445; x_wconf 87' lang='lat' dir='ltr'>io,</span> 
     </span>
    </p>

    <p class='ocr_par' dir='ltr' id='par_1_12' title="bbox 249 3437 1317 3711">
     <span class='ocr_line' id='line_1_87' title="bbox 284 3437 1311 3478; baseline -0.009 -2"><span class='ocrx_word' id='word_1_762' title='bbox 284 3446 321 3475; x_wconf 78' lang='lat' dir='ltr'>Et</span> <span class='ocrx_word' id='word_1_763' title='bbox 334 3447 465 3475; x_wconf 84' lang='lat' dir='ltr'>volumus</span> <span class='ocrx_word' id='word_1_764' title='bbox 480 3445 512 3475; x_wconf 85' lang='lat'>&amp;</span> <span class='ocrx_word' id='word_1_765' title='bbox 527 3442 715 3474; x_wconf 84' lang='lat' dir='ltr'>concedimus</span> <span class='ocrx_word' id='word_1_766' title='bbox 727 3441 808 3478; x_wconf 77' lang='lat' dir='ltr'>quod</span> <span class='ocrx_word' id='word_1_767' title='bbox 824 3439 984 3478; x_wconf 85' lang='lat' dir='ltr'>hujusmodi</span> <span class='ocrx_word' id='word_1_768' title='bbox 994 3438 1168 3476; x_wconf 80' lang='lat' dir='ltr'>Receptores</span> <span class='ocrx_word' id='word_1_769' title='bbox 1184 3437 1311 3468; x_wconf 80' lang='lat' dir='ltr'>Firmarii</span> 
     </span>
     <span class='ocr_line' id='line_1_88' title="bbox 250 3477 1313 3521; baseline -0.007 -7"><span class='ocrx_word' id='word_1_770' title='bbox 250 3484 447 3521; x_wconf 76' lang='lat' dir='ltr'>Occupatorcs</span> <span class='ocrx_word' id='word_1_771' title='bbox 462 3486 494 3515; x_wconf 85' lang='lat'>&amp;</span> <span class='ocrx_word' id='word_1_772' title='bbox 516 3481 645 3512; x_wconf 84' lang='lat' dir='ltr'>Ministri</span> <span class='ocrx_word' id='word_1_773' title='bbox 660 3479 862 3518; x_wconf 57' lang='lat' dir='ltr'>praedictorum</span> <span class='ocrx_word' id='word_1_774' title='bbox 887 3478 1085 3507; x_wconf 84' lang='lat' dir='ltr'>Maneriorum</span> <span class='ocrx_word' id='word_1_775' title='bbox 1104 3477 1313 3507; x_wconf 82' lang='lat' dir='ltr'>Dominiorum</span> 
     </span>
     <span class='ocr_line' id='line_1_89' title="bbox 249 3515 1314 3557; baseline -0.008 -5"><span class='ocrx_word' id='word_1_776' title='bbox 249 3522 404 3552; x_wconf 70' lang='lat' dir='ltr'>Terrarum</span> <span class='ocrx_word' id='word_1_777' title='bbox 420 3523 474 3551; x_wconf 75' lang='lat' dir='ltr'>sive</span> <span class='ocrx_word' id='word_1_778' title='bbox 487 3522 741 3551; x_wconf 81' lang='lat' dir='ltr'>Tenenientorum</span> <span class='ocrx_word' id='word_1_779' title='bbox 756 3518 919 3557; x_wconf 84' lang='lat' dir='ltr'>hujusmodi</span> <span class='ocrx_word' id='word_1_780' title='bbox 935 3516 1075 3546; x_wconf 89' lang='lat' dir='ltr'>Solution’</span> <span class='ocrx_word' id='word_1_781' title='bbox 1090 3515 1163 3545; x_wconf 87' lang='lat' dir='ltr'>Vad&#39;</span> <span class='ocrx_word' id='word_1_782' title='bbox 1175 3516 1207 3545; x_wconf 90' lang='lat'><strong>&amp;</strong></span> <span class='ocrx_word' id='word_1_783' title='bbox 1225 3515 1314 3544; x_wconf 89' lang='lat' dir='ltr'>Feod’</span> 
     </span>
     <span class='ocr_line' id='line_1_90' title="bbox 253 3553 1316 3598; baseline -0.006 -10"><span class='ocrx_word' id='word_1_784' title='bbox 253 3559 377 3598; x_wconf 55' lang='lat' dir='ltr'>praedltft’</span> <span class='ocrx_word' id='word_1_785' title='bbox 396 3561 512 3595; x_wconf 47' lang='lat' dir='ltr'>praefato</span> <span class='ocrx_word' id='word_1_786' title='bbox 529 3563 626 3588; x_wconf 82' lang='lat' dir='ltr'>Comiti</span> <span class='ocrx_word' id='word_1_787' title='bbox 642 3560 670 3587; x_wconf 89' lang='lat' dir='ltr'>in</span> <span class='ocrx_word' id='word_1_788' title='bbox 684 3559 778 3587; x_wconf 87' lang='lat' dir='ltr'>forma</span> <span class='ocrx_word' id='word_1_789' title='bbox 796 3556 929 3593; x_wconf 69' lang='lat' dir='ltr'>praedicta</span> <span class='ocrx_word' id='word_1_790' title='bbox 948 3554 1083 3592; x_wconf 81' lang='lat' dir='ltr'>solvend&#39;‚</span> <span class='ocrx_word' id='word_1_791' title='bbox 1100 3554 1152 3584; x_wconf 85' lang='lat' dir='ltr'>sint</span> <span class='ocrx_word' id='word_1_792' title='bbox 1168 3561 1234 3591; x_wconf 85' lang='lat' dir='ltr'>erga</span> <span class='ocrx_word' id='word_1_793' title='bbox 1247 3553 1281 3583; x_wconf 93' lang='lat' dir='ltr'>N</span> <span class='ocrx_word' id='word_1_794' title='bbox 1284 3563 1316 3583; x_wconf 79' lang='lat' dir='ltr'>os</span> 
     </span>
     <span class='ocr_line' id='line_1_91' title="bbox 254 3592 1315 3630; baseline -0.008 -1"><span class='ocrx_word' id='word_1_795' title='bbox 254 3601 288 3629; x_wconf 71' lang='grc' dir='ltr'>ὀί</span> <span class='ocrx_word' id='word_1_796' title='bbox 307 3598 440 3627; x_wconf 56' lang='lat' dir='ltr'>Heredes</span> <span class='ocrx_word' id='word_1_797' title='bbox 453 3598 562 3628; x_wconf 83' lang='lat' dir='ltr'>nostros</span> <span class='ocrx_word' id='word_1_798' title='bbox 577 3597 758 3627; x_wconf 68' lang='lat' dir='ltr'>AuCtoritatc</span> <span class='ocrx_word' id='word_1_799' title='bbox 779 3595 961 3625; x_wconf 81' lang='lat' dir='ltr'>Praesentium</span> <span class='ocrx_word' id='word_1_800' title='bbox 981 3603 1079 3624; x_wconf 73' lang='lat' dir='ltr'>coram</span> <span class='ocrx_word' id='word_1_801' title='bbox 1100 3592 1315 3630; x_wconf 80' lang='lat' dir='ltr'>quibuscunque</span> 
     </span>
     <span class='ocr_line' id='line_1_92' title="bbox 256 3631 1317 3680; baseline -0.008 -13"><span class='ocrx_word' id='word_1_802' title='bbox 256 3636 441 3679; x_wconf 62' lang='lat' dir='ltr'>:Xuiitoribus</span> <span class='ocrx_word' id='word_1_803' title='bbox 455 3636 556 3680; x_wconf 66' lang='lat' dir='ltr'>nostris</span> <span class='ocrx_word' id='word_1_804' title='bbox 570 3638 603 3667; x_wconf 63' lang='grc' dir='ltr'>ὃς</span> <span class='ocrx_word' id='word_1_805' title='bbox 619 3637 646 3665; x_wconf 90' lang='lat' dir='ltr'>in</span> <span class='ocrx_word' id='word_1_806' title='bbox 661 3633 877 3674; x_wconf 86' lang='lat' dir='ltr'>quibuscunque</span> <span class='ocrx_word' id='word_1_807' title='bbox 893 3631 991 3663; x_wconf 86' lang='lat' dir='ltr'>Curiis</span> <span class='ocrx_word' id='word_1_808' title='bbox 1001 3631 1101 3662; x_wconf 84' lang='lat' dir='ltr'>nostris</span> <span class='ocrx_word' id='word_1_809' title='bbox 1112 3631 1317 3669; x_wconf 73' lang='lat' dir='ltr'>quien&amp;ex0-</span> 
     </span>
     <span class='ocr_line' id='line_1_93' title="bbox 257 3683 578 3711; baseline 0 -7"><span class='ocrx_word' id='word_1_810' title='bbox 257 3683 343 3705; x_wconf 66' lang='lat' dir='ltr'>n‘esatl</span> <span class='ocrx_word' id='word_1_811' title='bbox 360 3683 578 3711; x_wconf 52' lang='lat' dir='ltr'>lll&#39;lpespkltssssm-</span> 
     </span>
    </p>

    <p class='ocr_par' dir='ltr' id='par_1_13' title="bbox 257 3707 1319 3945">
     <span class='ocr_line' id='line_1_94' title="bbox 295 3707 1315 3754; baseline -0.006 -12"><span class='ocrx_word' id='word_1_812' title='bbox 295 3712 406 3754; x_wconf 72' lang='lat' dir='ltr'>Damus</span> <span class='ocrx_word' id='word_1_813' title='bbox 417 3712 538 3749; x_wconf 83' lang='lat' dir='ltr'>ulterius,</span> <span class='ocrx_word' id='word_1_814' title='bbox 560 3715 592 3744; x_wconf 70' lang='grc' dir='ltr'>ὅ(</span> <span class='ocrx_word' id='word_1_815' title='bbox 610 3713 644 3742; x_wconf 90' lang='lat' dir='ltr'>de</span> <span class='ocrx_word' id='word_1_816' title='bbox 662 3712 786 3741; x_wconf 88' lang='lat' dir='ltr'>uberiori</span> <span class='ocrx_word' id='word_1_817' title='bbox 800 3710 900 3740; x_wconf 88' lang='lat' dir='ltr'>Gratia</span> <span class='ocrx_word' id='word_1_818' title='bbox 919 3709 1012 3740; x_wconf 88' lang='lat' dir='ltr'>nostra</span> <span class='ocrx_word' id='word_1_819' title='bbox 1024 3707 1151 3748; x_wconf 84' lang='lat' dir='ltr'>speciali,</span> <span class='ocrx_word' id='word_1_820' title='bbox 1168 3716 1201 3737; x_wconf 85' lang='lat' dir='ltr'>ac</span> <span class='ocrx_word' id='word_1_821' title='bbox 1212 3715 1245 3736; x_wconf 73' lang='lat' dir='ltr'>ex</span> <span class='ocrx_word' id='word_1_822' title='bbox 1255 3717 1315 3737; x_wconf 87' lang='lat' dir='ltr'>cer-</span> 
     </span>
     <span class='ocr_line' id='line_1_95' title="bbox 258 3746 1317 3787; baseline -0.008 -4"><span class='ocrx_word' id='word_1_823' title='bbox 258 3761 284 3783; x_wconf 70' lang='lat' dir='ltr'>ta</span> <span class='ocrx_word' id='word_1_824' title='bbox 300 3752 422 3780; x_wconf 59' lang='lat' dir='ltr'>&amp;clenna</span> <span class='ocrx_word' id='word_1_825' title='bbox 434 3751 465 3778; x_wconf 55' lang='grc' dir='ltr'>ἃ</span> <span class='ocrx_word' id='word_1_826' title='bbox 483 3759 562 3779; x_wconf 84' lang='lat' dir='ltr'>mero</span> <span class='ocrx_word' id='word_1_827' title='bbox 581 3751 668 3780; x_wconf 77' lang='lat' dir='ltr'>Motu</span> <span class='ocrx_word' id='word_1_828' title='bbox 686 3750 805 3787; x_wconf 83' lang='lat' dir='ltr'>nostris,</span> <span class='ocrx_word' id='word_1_829' title='bbox 825 3759 874 3787; x_wconf 89' lang='lat' dir='ltr'>per</span> <span class='ocrx_word' id='word_1_830' title='bbox 889 3749 1042 3779; x_wconf 77' lang='lat' dir='ltr'>Praesciites</span> <span class='ocrx_word' id='word_1_831' title='bbox 1050 3746 1238 3778; x_wconf 86' lang='lat' dir='ltr'>concedimus</span> <span class='ocrx_word' id='word_1_832' title='bbox 1246 3755 1317 3783; x_wconf 76' lang='lat' dir='ltr'>prae-</span> 
     </span>
     <span class='ocr_line' id='line_1_96' title="bbox 257 3785 1319 3829; baseline -0.005 -10"><span class='ocrx_word' id='word_1_833' title='bbox 257 3791 441 3829; x_wconf 67' lang='lat' dir='ltr'>fitoceorgm</span> <span class='ocrx_word' id='word_1_834' title='bbox 455 3791 551 3816; x_wconf 73' lang='lat' dir='ltr'>Comrti</span> <span class='ocrx_word' id='word_1_835' title='bbox 568 3789 714 3825; x_wconf 75' lang='lat' dir='ltr'>Cunzbri&#39;ae,</span> <span class='ocrx_word' id='word_1_836' title='bbox 735 3798 788 3826; x_wconf 84' lang='lat' dir='ltr'>pro</span> <span class='ocrx_word' id='word_1_837' title='bbox 801 3788 940 3818; x_wconf 82' lang='lat' dir='ltr'>exercitio</span> <span class='ocrx_word' id='word_1_838' title='bbox 949 3786 1174 3823; x_wconf 83' lang='lat' dir='ltr'>&amp;occupatione</span> <span class='ocrx_word' id='word_1_839' title='bbox 1184 3785 1319 3814; x_wconf 86' lang='lat' dir='ltr'>omniurn</span> 
     </span>
     <span class='ocr_line' id='line_1_97' title="bbox 260 3822 1319 3869; baseline -0.004 -14"><span class='ocrx_word' id='word_1_840' title='bbox 260 3829 293 3859; x_wconf 64' lang='grc' dir='ltr'>ὃς</span> <span class='ocrx_word' id='word_1_841' title='bbox 310 3827 480 3869; x_wconf 67' lang='lat' dir='ltr'>ungulorum</span> <span class='ocrx_word' id='word_1_842' title='bbox 497 3826 672 3857; x_wconf 76' lang='lat' dir='ltr'>Officiorum</span> <span class='ocrx_word' id='word_1_843' title='bbox 692 3826 895 3865; x_wconf 57' lang='lat' dir='ltr'>praedictorum</span> <span class='ocrx_word' id='word_1_844' title='bbox 911 3827 943 3856; x_wconf 72' lang='grc' dir='ltr'>ὃ(</span> <span class='ocrx_word' id='word_1_845' title='bbox 956 3834 1056 3855; x_wconf 86' lang='lat' dir='ltr'>eorum</span> <span class='ocrx_word' id='word_1_846' title='bbox 1068 3822 1233 3860; x_wconf 84' lang='lat' dir='ltr'>cujussibet,</span> <span class='ocrx_word' id='word_1_847' title='bbox 1252 3832 1319 3852; x_wconf 90' lang='lat' dir='ltr'>orn-</span> 
     </span>
     <span class='ocr_line' id='line_1_98' title="bbox 262 3861 1319 3903; baseline -0.005 -7"><span class='ocrx_word' id='word_1_848' title='bbox 262 3868 307 3896; x_wconf 78' lang='lat' dir='ltr'>nia</span> <span class='ocrx_word' id='word_1_849' title='bbox 322 3865 370 3893; x_wconf 78' lang='lat' dir='ltr'>alia</span> <span class='ocrx_word' id='word_1_850' title='bbox 384 3863 470 3892; x_wconf 70' lang='lat' dir='ltr'>Vadm</span> <span class='ocrx_word' id='word_1_851' title='bbox 487 3864 579 3893; x_wconf 78' lang='lat' dir='ltr'>Feoda</span> <span class='ocrx_word' id='word_1_852' title='bbox 595 3865 723 3903; x_wconf 68' lang='lat' dir='ltr'>Regarda</span> <span class='ocrx_word' id='word_1_853' title='bbox 741 3865 933 3894; x_wconf 80' lang='lat' dir='ltr'>Allocationes</span> <span class='ocrx_word' id='word_1_854' title='bbox 945 3863 1080 3894; x_wconf 82' lang='lat' dir='ltr'>Proficua</span> <span class='ocrx_word' id='word_1_855' title='bbox 1096 3862 1249 3891; x_wconf 86' lang='lat' dir='ltr'>Libertates</span> <span class='ocrx_word' id='word_1_856' title='bbox 1257 3861 1319 3891; x_wconf 91' lang='lat' dir='ltr'>Pri-</span> 
     </span>
     <span class='ocr_line' id='line_1_99' title="bbox 260 3899 1319 3945; baseline -0.008 -9"><span class='ocrx_word' id='word_1_857' title='bbox 260 3902 596 3945; x_wconf 46' lang='lat' dir='ltr'>vilegiziPraehenwinent&#39;</span> <span class='ocrx_word' id='word_1_858' title='bbox 607 3903 797 3939; x_wconf 64' lang='lat' dir='ltr'>jurii‘ditstion’</span> <span class='ocrx_word' id='word_1_859' title='bbox 809 3902 842 3932; x_wconf 87' lang='lat'>&amp;</span> <span class='ocrx_word' id='word_1_860' title='bbox 858 3901 1000 3932; x_wconf 86' lang='lat' dir='ltr'>Pertinen’</span> <span class='ocrx_word' id='word_1_861' title='bbox 1017 3909 1196 3939; x_wconf 83' lang='lat' dir='ltr'>quaecunque</span> <span class='ocrx_word' id='word_1_862' title='bbox 1215 3899 1319 3929; x_wconf 86' lang='lat' dir='ltr'>eisdem</span> 
     </span>
    </p>

    <p class='ocr_par' dir='ltr' id='par_1_14' title="bbox 262 3937 1322 4094">
     <span class='ocr_line' id='line_1_100' title="bbox 265 3937 1319 3982; baseline -0.004 -10"><span class='ocrx_word' id='word_1_863' title='bbox 265 3943 385 3972; x_wconf 68' lang='lat' dir='ltr'>Orneus</span> <span class='ocrx_word' id='word_1_864' title='bbox 401 3949 446 3969; x_wconf 88' lang='lat' dir='ltr'>aut</span> <span class='ocrx_word' id='word_1_865' title='bbox 460 3949 558 3982; x_wconf 84' lang='lat' dir='ltr'>eorum</span> <span class='ocrx_word' id='word_1_866' title='bbox 573 3940 654 3970; x_wconf 87' lang='lat' dir='ltr'>alicui</span> <span class='ocrx_word' id='word_1_867' title='bbox 666 3941 802 3978; x_wconf 82' lang='lat' dir='ltr'>pertinen&#39;</span> <span class='ocrx_word' id='word_1_868' title='bbox 815 3940 937 3978; x_wconf 69' lang='lat' dir='ltr'>speetan’</span> <span class='ocrx_word' id='word_1_869' title='bbox 947 3941 1001 3970; x_wconf 79' lang='lat' dir='ltr'>live</span> <span class='ocrx_word' id='word_1_870' title='bbox 1009 3940 1045 3970; x_wconf 89' lang='lat' dir='ltr'>de</span> <span class='ocrx_word' id='word_1_871' title='bbox 1056 3939 1118 3977; x_wconf 84' lang='lat' dir='ltr'>jure</span> <span class='ocrx_word' id='word_1_872' title='bbox 1129 3937 1267 3974; x_wconf 87' lang='lat' dir='ltr'>consuet’,</span> <span class='ocrx_word' id='word_1_873' title='bbox 1286 3938 1319 3968; x_wconf 91' lang='lat'>&amp;</span> 
     </span>
     <span class='ocr_line' id='line_1_101' title="bbox 263 3975 1321 4016; baseline -0.007 -5"><span class='ocrx_word' id='word_1_874' title='bbox 263 3984 292 4011; x_wconf 92' lang='lat' dir='ltr'>in</span> <span class='ocrx_word' id='word_1_875' title='bbox 308 3990 366 4011; x_wconf 80' lang='lat' dir='ltr'>tam</span> <span class='ocrx_word' id='word_1_876' title='bbox 383 3979 481 4015; x_wconf 77' lang='lat' dir='ltr'>amplis</span> <span class='ocrx_word' id='word_1_877' title='bbox 496 3980 586 4007; x_wconf 86' lang='lat' dir='ltr'>modo</span> <span class='ocrx_word' id='word_1_878' title='bbox 600 3982 632 4009; x_wconf 64' lang='grc' dir='ltr'>ὃς</span> <span class='ocrx_word' id='word_1_879' title='bbox 650 3979 741 4008; x_wconf 82' lang='lat' dir='ltr'>foi-ma</span> <span class='ocrx_word' id='word_1_880' title='bbox 757 3987 841 4016; x_wconf 80' lang='lat' dir='ltr'>prout</span> <span class='ocrx_word' id='word_1_881' title='bbox 876 3978 995 4008; x_wconf 58' lang='lat' dir='ltr'>ohannes</span> <span class='ocrx_word' id='word_1_882' title='bbox 1002 3986 1083 4016; x_wconf 78' lang='lat' dir='ltr'>nuper</span> <span class='ocrx_word' id='word_1_883' title='bbox 1090 3975 1321 4007; x_wconf 82' lang='lat' dir='ltr'>DuxNorthum-</span> 
     </span>
     <span class='ocr_line' id='line_1_102' title="bbox 264 4014 1322 4055; baseline -0.006 -6"><span class='ocrx_word' id='word_1_884' title='bbox 264 4021 348 4055; x_wconf 64' lang='grc' dir='ltr'><em>ἰήιε,</em></span> <span class='ocrx_word' id='word_1_885' title='bbox 367 4019 501 4047; x_wconf 62' lang='grc' dir='ltr'>Ηοῑενίιιπ</span> <span class='ocrx_word' id='word_1_886' title='bbox 523 4024 604 4053; x_wconf 81' lang='lat' dir='ltr'>nuper</span> <span class='ocrx_word' id='word_1_887' title='bbox 628 4016 756 4046; x_wconf 63' lang='lat' dir='ltr'>filarchio</span> <span class='ocrx_word' id='word_1_888' title='bbox 776 4020 836 4046; x_wconf 91' lang='lat' dir='ltr'>Dor</span> <span class='ocrx_word' id='word_1_889' title='bbox 851 4020 930 4053; x_wconf 80' lang='lat' dir='ltr'>etiae,</span> <span class='ocrx_word' id='word_1_890' title='bbox 946 4016 983 4051; x_wconf 57' lang='grc' dir='ltr'><em>ό</em></span> <span class='ocrx_word' id='word_1_891' title='bbox 996 4020 1066 4046; x_wconf 82' lang='lat' dir='ltr'>Dux</span> <span class='ocrx_word' id='word_1_892' title='bbox 1080 4014 1226 4054; x_wconf 76' lang='lat' dir='ltr'>Suffblciae‚</span> <span class='ocrx_word' id='word_1_893' title='bbox 1244 4016 1322 4043; x_wconf 81' lang='lat' dir='ltr'>Hen-</span> 
     </span>
     <span class='ocr_line' id='line_1_103' title="bbox 262 4052 1321 4094; baseline -0.004 -6"><span class='ocrx_word' id='word_1_894' title='bbox 262 4063 327 4088; x_wconf 53' lang='lat' dir='ltr'>ri&#39;rus</span> <span class='ocrx_word' id='word_1_895' title='bbox 343 4060 431 4086; x_wconf 69' lang='lat' dir='ltr'>Comes</span> <span class='ocrx_word' id='word_1_896' title='bbox 446 4054 596 4094; x_wconf 66' lang='lat' dir='ltr'>cumbriae,</span> <span class='ocrx_word' id='word_1_897' title='bbox 613 4054 727 4084; x_wconf 67' lang='lat' dir='ltr'>Thomas</span> <span class='ocrx_word' id='word_1_898' title='bbox 741 4063 824 4091; x_wconf 79' lang='lat' dir='ltr'>nuper</span> <span class='ocrx_word' id='word_1_899' title='bbox 832 4057 963 4086; x_wconf 82' lang='lat' dir='ltr'>Dominus</span> <span class='ocrx_word' id='word_1_900' title='bbox 970 4058 1061 4085; x_wconf 86' lang='lat' dir='ltr'>Dacre</span> <span class='ocrx_word' id='word_1_901' title='bbox 1069 4077 1080 4092; x_wconf 88' lang='lat'>,</span> <span class='ocrx_word' id='word_1_902' title='bbox 1097 4056 1138 4085; x_wconf 86' lang='lat' dir='ltr'><em>W</em></span> <span class='ocrx_word' id='word_1_903' title='bbox 1138 4052 1321 4085; x_wconf 85' lang='lat' dir='ltr'>illielmusnu-</span> 
     </span>
    </p>
   </div>
   <div class='ocr_carea' id='block_1_9' title="bbox 611 142 1407 195">
    <p class='ocr_par' dir='ltr' id='par_1_15' title="bbox 611 142 1407 195">
     <span class='ocr_line' id='line_1_104' title="bbox 611 142 1407 195; baseline -0.016 1"><span class='ocrx_word' id='word_1_904' title='bbox 611 142 1407 195; x_wconf 88' lang='lat' dir='ltr'>CONVENTIONES‚</span> 
     </span>
    </p>
   </div>
   <div class='ocr_carea' id='block_1_10' title="bbox 1496 140 1885 188">
    <p class='ocr_par' dir='ltr' id='par_1_16' title="bbox 1496 140 1885 188">
     <span class='ocr_line' id='line_1_105' title="bbox 1496 140 1885 188; baseline 0.01 -4"><span class='ocrx_word' id='word_1_905' title='bbox 1496 140 1885 188; x_wconf 83' lang='lat' dir='ltr'><strong>LITERAE·‚</strong></span> 
     </span>
    </p>
   </div>
   <div class='ocr_carea' id='block_1_11' title="bbox 1304 218 2541 309">
    <p class='ocr_par' dir='ltr' id='par_1_17' title="bbox 1304 218 2541 309">
     <span class='ocr_line' id='line_1_106' title="bbox 1304 218 2541 270; baseline -0.013 -10"><span class='ocrx_word' id='word_1_906' title='bbox 1304 239 1355 270; x_wconf 84' lang='lat' dir='ltr'>per</span> <span class='ocrx_word' id='word_1_907' title='bbox 1370 230 1505 260; x_wconf 80' lang='lat' dir='ltr'>Dominus</span> <span class='ocrx_word' id='word_1_908' title='bbox 1516 229 1637 266; x_wconf 80' lang='lat' dir='ltr'>&#39;Dacre‚</span> <span class='ocrx_word' id='word_1_909' title='bbox 1654 231 1790 258; x_wconf 81' lang='lat' dir='ltr'>Henricus</span> <span class='ocrx_word' id='word_1_910' title='bbox 1804 234 1885 265; x_wconf 82' lang='lat' dir='ltr'>nuper</span> <span class='ocrx_word' id='word_1_911' title='bbox 1907 226 1984 255; x_wconf 86' lang='lat' dir='ltr'>Baro</span> <span class='ocrx_word' id='word_1_912' title='bbox 2005 221 2039 253; x_wconf 86' lang='lat' dir='ltr'>de</span> <span class='ocrx_word' id='word_1_913' title='bbox 2061 220 2219 262; x_wconf 62' lang='lat' dir='ltr'>Hunsdon}</span> <span class='ocrx_word' id='word_1_914' title='bbox 2239 218 2378 249; x_wconf 69' lang='lat' dir='ltr'>Henricus</span> <span class='ocrx_word' id='word_1_915' title='bbox 2388 228 2518 262; x_wconf 39' lang='lat' dir='ltr'>Arm-3.</span> <span class='ocrx_word' id='word_1_916' title='bbox 2528 224 2541 255; x_wconf 20' lang='grc' dir='ltr'><em>Ἀ</em></span> 
     </span>
     <span class='ocr_line' id='line_1_107' title="bbox 1308 257 2495 309; baseline -0.01 -11"><span class='ocrx_word' id='word_1_917' title='bbox 1308 278 1392 307; x_wconf 78' lang='lat' dir='ltr'>nuper</span> <span class='ocrx_word' id='word_1_918' title='bbox 1406 271 1540 298; x_wconf 80' lang='lat' dir='ltr'>Dominus</span> <span class='ocrx_word' id='word_1_919' title='bbox 1553 271 1662 305; x_wconf 62' lang='lat' dir='ltr'>Scrofae,</span> <span class='ocrx_word' id='word_1_920' title='bbox 1678 266 1794 296; x_wconf 84' lang='lat' dir='ltr'>Thomas</span> <span class='ocrx_word' id='word_1_921' title='bbox 1807 264 1883 296; x_wconf 75' lang='lat' dir='ltr'>modo</span> <span class='ocrx_word' id='word_1_922' title='bbox 1898 266 2029 293; x_wconf 81' lang='lat' dir='ltr'>Dominus</span> <span class='ocrx_word' id='word_1_923' title='bbox 2042 266 2152 302; x_wconf 85' lang='lat' dir='ltr'>Scrope,</span> <span class='ocrx_word' id='word_1_924' title='bbox 2167 258 2300 289; x_wconf 83' lang='lat' dir='ltr'>Robertus</span> <span class='ocrx_word' id='word_1_925' title='bbox 2314 257 2371 284; x_wconf 73' lang='lat' dir='ltr'>Bo·</span> <span class='ocrx_word' id='word_1_926' title='bbox 2407 270 2495 309; x_wconf 84' lang='lat'>1603.</span> 
     </span>
    </p>
   </div>
   <div class='ocr_carea' id='block_1_12' title="bbox 1307 294 2417 3168">
    <p class='ocr_par' dir='ltr' id='par_1_18' title="bbox 1307 294 2374 344">
     <span class='ocr_line' id='line_1_108' title="bbox 1307 294 2374 344; baseline -0.008 -9"><span class='ocrx_word' id='word_1_927' title='bbox 1307 318 1364 336; x_wconf 81' lang='lat' dir='ltr'>wes</span> <span class='ocrx_word' id='word_1_928' title='bbox 1385 306 1488 344; x_wconf 81' lang='lat' dir='ltr'>Miles,</span> <span class='ocrx_word' id='word_1_929' title='bbox 1506 314 1553 335; x_wconf 91' lang='lat' dir='ltr'>aut</span> <span class='ocrx_word' id='word_1_930' title='bbox 1567 306 1698 335; x_wconf 77' lang='lat' dir='ltr'>Robertus</span> <span class='ocrx_word' id='word_1_931' title='bbox 1709 308 1793 344; x_wconf 80' lang='lat' dir='ltr'>Carey</span> <span class='ocrx_word' id='word_1_932' title='bbox 1803 327 1813 342; x_wconf 89' lang='lat'>‚</span> <span class='ocrx_word' id='word_1_933' title='bbox 1831 303 1935 340; x_wconf 77' lang='lat' dir='ltr'>Miles,</span> <span class='ocrx_word' id='word_1_934' title='bbox 1952 311 2000 333; x_wconf 89' lang='lat' dir='ltr'>aut</span> <span class='ocrx_word' id='word_1_935' title='bbox 2015 310 2116 332; x_wconf 87' lang='lat' dir='ltr'>eorum</span> <span class='ocrx_word' id='word_1_936' title='bbox 2129 300 2164 331; x_wconf 84' lang='lat' dir='ltr'>ali</span> <span class='ocrx_word' id='word_1_937' title='bbox 2186 298 2244 336; x_wconf 88' lang='lat' dir='ltr'>uis,</span> <span class='ocrx_word' id='word_1_938' title='bbox 2261 303 2309 328; x_wconf 90' lang='lat' dir='ltr'>aut</span> <span class='ocrx_word' id='word_1_939' title='bbox 2324 294 2374 337; x_wconf 58' lang='lat' dir='ltr'>gli-</span> 
     </span>
    </p>

    <p class='ocr_par' dir='ltr' id='par_1_19' title="bbox 1307 337 2375 383">
     <span class='ocr_line' id='line_1_109' title="bbox 1307 337 2375 383; baseline -0.007 -9"><span class='ocrx_word' id='word_1_940' title='bbox 1307 346 1371 383; x_wconf 90' lang='lat' dir='ltr'>quis</span> <span class='ocrx_word' id='word_1_941' title='bbox 1390 344 1457 375; x_wconf 87' lang='lat' dir='ltr'>alius</span> <span class='ocrx_word' id='word_1_942' title='bbox 1471 343 1605 382; x_wconf 66' lang='lat' dir='ltr'>praedicta</span> <span class='ocrx_word' id='word_1_943' title='bbox 1618 343 1727 373; x_wconf 79' lang='lat' dir='ltr'>Officia</span> <span class='ocrx_word' id='word_1_944' title='bbox 1743 352 1789 373; x_wconf 89' lang='lat' dir='ltr'>aut</span> <span class='ocrx_word' id='word_1_945' title='bbox 1803 349 1904 373; x_wconf 89' lang='lat' dir='ltr'>eorum</span> <span class='ocrx_word' id='word_1_946' title='bbox 1917 340 2033 379; x_wconf 88' lang='lat' dir='ltr'>aliquod</span> <span class='ocrx_word' id='word_1_947' title='bbox 2047 338 2165 370; x_wconf 80' lang='lat' dir='ltr'>antehac</span> <span class='ocrx_word' id='word_1_948' title='bbox 2196 337 2309 367; x_wconf 86' lang='lat' dir='ltr'>abentes</span> <span class='ocrx_word' id='word_1_949' title='bbox 2317 337 2375 363; x_wconf 76' lang='lat' dir='ltr'>hve</span> 
     </span>
    </p>

    <p class='ocr_par' dir='ltr' id='par_1_20' title="bbox 1307 371 2374 420">
     <span class='ocr_line' id='line_1_110' title="bbox 1307 371 2374 420; baseline -0.01 -7"><span class='ocrx_word' id='word_1_950' title='bbox 1307 391 1482 420; x_wconf 79' lang='lat' dir='ltr'>exercenteS,</span> <span class='ocrx_word' id='word_1_951' title='bbox 1495 382 1602 412; x_wconf 81' lang='lat' dir='ltr'>habens</span> <span class='ocrx_word' id='word_1_952' title='bbox 1613 391 1659 412; x_wconf 88' lang='lat' dir='ltr'>aut</span> <span class='ocrx_word' id='word_1_953' title='bbox 1674 389 1820 418; x_wconf 78' lang='lat' dir='ltr'>exercen3‚</span> <span class='ocrx_word' id='word_1_954' title='bbox 1839 380 1940 410; x_wconf 85' lang='lat' dir='ltr'>habuit</span> <span class='ocrx_word' id='word_1_955' title='bbox 1948 380 2003 410; x_wconf 89' lang='lat' dir='ltr'>sive</span> <span class='ocrx_word' id='word_1_956' title='bbox 2015 378 2155 418; x_wconf 84' lang='lat' dir='ltr'>percepit,</span> <span class='ocrx_word' id='word_1_957' title='bbox 2171 371 2374 410; x_wconf 73' lang='lat' dir='ltr'>habueruntsi-</span> 
     </span>
    </p>

    <p class='ocr_par' dir='ltr' id='par_1_21' title="bbox 1308 412 2378 466">
     <span class='ocr_line' id='line_1_111' title="bbox 1308 412 2378 466; baseline -0.009 -14"><span class='ocrx_word' id='word_1_958' title='bbox 1308 432 1345 466; x_wconf 75' lang='lat' dir='ltr'>ve</span> <span class='ocrx_word' id='word_1_959' title='bbox 1358 429 1560 460; x_wconf 78' lang='lat' dir='ltr'>perceperunt,</span> <span class='ocrx_word' id='word_1_960' title='bbox 1578 421 1688 451; x_wconf 82' lang='lat' dir='ltr'>ratione</span> <span class='ocrx_word' id='word_1_961' title='bbox 1701 419 1871 450; x_wconf 88' lang='lat' dir='ltr'>eorumdem</span> <span class='ocrx_word' id='word_1_962' title='bbox 1885 417 2062 449; x_wconf 88' lang='lat' dir='ltr'>Officiorum</span> <span class='ocrx_word' id='word_1_963' title='bbox 2084 417 2140 448; x_wconf 85' lang='lat' dir='ltr'>five</span> <span class='ocrx_word' id='word_1_964' title='bbox 2161 423 2262 446; x_wconf 87' lang='lat' dir='ltr'>eorum</span> <span class='ocrx_word' id='word_1_965' title='bbox 2285 412 2378 447; x_wconf 46' lang='lat' dir='ltr'>alicus</span> 
     </span>
    </p>

    <p class='ocr_par' dir='ltr' id='par_1_22' title="bbox 1324 469 1362 490">
     <span class='ocr_line' id='line_1_112' title="bbox 1324 469 1362 490; baseline -0.053 0"><span class='ocrx_word' id='word_1_966' title='bbox 1324 469 1362 490; x_wconf 77' lang='lat' dir='ltr'>uS.</span> 
     </span>
    </p>

    <p class='ocr_par' dir='ltr' id='par_1_23' title="bbox 1307 471 2377 536">
     <span class='ocr_line' id='line_1_113' title="bbox 1307 471 2377 536; baseline -0.007 -8"><span class='ocrx_word' id='word_1_967' title='bbox 1307 471 1318 499; x_wconf 64' lang='lat' dir='ltr'>J</span> <span class='ocrx_word' id='word_1_968' title='bbox 1349 498 1449 528; x_wconf 88' lang='lat' dir='ltr'>Sciatis</span> <span class='ocrx_word' id='word_1_969' title='bbox 1467 497 1582 529; x_wconf 86' lang='lat' dir='ltr'>ulterius</span> <span class='ocrx_word' id='word_1_970' title='bbox 1602 496 1700 536; x_wconf 80' lang='lat' dir='ltr'>quod,</span> <span class='ocrx_word' id='word_1_971' title='bbox 1719 496 1790 527; x_wconf 75' lang='lat' dir='ltr'>cum</span> <span class='ocrx_word' id='word_1_972' title='bbox 1816 493 1932 527; x_wconf 84' lang='lat' dir='ltr'>diversae</span> <span class='ocrx_word' id='word_1_973' title='bbox 1953 492 2173 525; x_wconf 63' lang='lat' dir='ltr'>Insurred’tiones</span> <span class='ocrx_word' id='word_1_974' title='bbox 2191 489 2377 524; x_wconf 75' lang='lat' dir='ltr'>Proditionoe</span> 
     </span>
    </p>

    <p class='ocr_par' dir='ltr' id='par_1_24' title="bbox 1311 531 2376 574">
     <span class='ocr_line' id='line_1_114' title="bbox 1311 531 2376 574; baseline -0.006 -7"><span class='ocrx_word' id='word_1_975' title='bbox 1311 535 1482 567; x_wconf 87' lang='lat' dir='ltr'>Homicidia</span> <span class='ocrx_word' id='word_1_976' title='bbox 1489 536 1721 574; x_wconf 87' lang='lat' dir='ltr'>Conspirationes</span> <span class='ocrx_word' id='word_1_977' title='bbox 1731 535 1852 566; x_wconf 88' lang='lat' dir='ltr'>Murdra</span> <span class='ocrx_word' id='word_1_978' title='bbox 1862 534 1884 564; x_wconf 90' lang='lat' dir='ltr'>F</span> <span class='ocrx_word' id='word_1_979' title='bbox 1885 533 1979 564; x_wconf 86' lang='lat' dir='ltr'>clonia</span> <span class='ocrx_word' id='word_1_980' title='bbox 1986 555 1996 570; x_wconf 83' lang='lat'>‚</span> <span class='ocrx_word' id='word_1_981' title='bbox 2007 540 2101 570; x_wconf 87' lang='lat' dir='ltr'>raptus</span> <span class='ocrx_word' id='word_1_982' title='bbox 2108 531 2265 563; x_wconf 81' lang='lat' dir='ltr'>Mulierum</span> <span class='ocrx_word' id='word_1_983' title='bbox 2275 553 2285 570; x_wconf 88' lang='lat'>‚</span> <span class='ocrx_word' id='word_1_984' title='bbox 2299 531 2376 562; x_wconf 86' lang='lat' dir='ltr'>Rio-</span> 
     </span>
    </p>

    <p class='ocr_par' dir='ltr' id='par_1_25' title="bbox 1310 569 2375 612">
     <span class='ocr_line' id='line_1_115' title="bbox 1310 569 2375 612; baseline -0.007 -6"><span class='ocrx_word' id='word_1_985' title='bbox 1310 583 1350 606; x_wconf 86' lang='lat' dir='ltr'>tae</span> <span class='ocrx_word' id='word_1_986' title='bbox 1373 575 1496 612; x_wconf 81' lang='lat' dir='ltr'>illicitae,</span> <span class='ocrx_word' id='word_1_987' title='bbox 1516 574 1739 606; x_wconf 90' lang='lat' dir='ltr'>Conventiculae</span> <span class='ocrx_word' id='word_1_988' title='bbox 1757 574 1880 611; x_wconf 82' lang='lat' dir='ltr'>illicitae,</span> <span class='ocrx_word' id='word_1_989' title='bbox 1899 571 2137 603; x_wconf 76' lang='lat' dir='ltr'>Affemblationes</span> <span class='ocrx_word' id='word_1_990' title='bbox 2155 570 2280 608; x_wconf 85' lang='lat' dir='ltr'>illicitae,</span> <span class='ocrx_word' id='word_1_991' title='bbox 2300 569 2375 600; x_wconf 89' lang='lat' dir='ltr'>Ver-</span> 
     </span>
    </p>

    <p class='ocr_par' dir='ltr' id='par_1_26' title="bbox 1312 608 2377 653">
     <span class='ocr_line' id='line_1_116' title="bbox 1312 608 2377 653; baseline -0.003 -10"><span class='ocrx_word' id='word_1_992' title='bbox 1312 614 1416 644; x_wconf 85' lang='lat' dir='ltr'>borum</span> <span class='ocrx_word' id='word_1_993' title='bbox 1425 614 1619 652; x_wconf 80' lang='lat' dir='ltr'>Prolationes,</span> <span class='ocrx_word' id='word_1_994' title='bbox 1638 623 1672 644; x_wconf 90' lang='lat' dir='ltr'>ac</span> <span class='ocrx_word' id='word_1_995' title='bbox 1684 612 1889 653; x_wconf 84' lang='lat' dir='ltr'>quamplurima</span> <span class='ocrx_word' id='word_1_996' title='bbox 1904 611 1955 641; x_wconf 84' lang='lat' dir='ltr'>alia</span> <span class='ocrx_word' id='word_1_997' title='bbox 1963 608 2116 640; x_wconf 62' lang='lat' dir='ltr'>Malefatsta</span> <span class='ocrx_word' id='word_1_998' title='bbox 2131 618 2218 646; x_wconf 83' lang='lat' dir='ltr'>nuper</span> <span class='ocrx_word' id='word_1_999' title='bbox 2225 613 2292 642; x_wconf 73' lang='lat' dir='ltr'>torta</span> <span class='ocrx_word' id='word_1_1000' title='bbox 2307 609 2377 640; x_wconf 83' lang='lat' dir='ltr'>inita</span> 
     </span>
    </p>

    <p class='ocr_par' dir='ltr' id='par_1_27' title="bbox 1313 646 2378 692">
     <span class='ocr_line' id='line_1_117' title="bbox 1313 646 2378 692; baseline -0.004 -10"><span class='ocrx_word' id='word_1_1001' title='bbox 1313 652 1347 682; x_wconf 92' lang='lat'>&amp;</span> <span class='ocrx_word' id='word_1_1002' title='bbox 1363 660 1519 692; x_wconf 78' lang='lat' dir='ltr'>perpetrata</span> <span class='ocrx_word' id='word_1_1003' title='bbox 1539 652 1655 684; x_wconf 86' lang='lat' dir='ltr'>fuerunt</span> <span class='ocrx_word' id='word_1_1004' title='bbox 1672 653 1701 682; x_wconf 90' lang='lat' dir='ltr'>in</span> <span class='ocrx_word' id='word_1_1005' title='bbox 1721 651 1848 683; x_wconf 87' lang='lat' dir='ltr'>Partibus</span> <span class='ocrx_word' id='word_1_1006' title='bbox 1873 649 1975 680; x_wconf 85' lang='lat' dir='ltr'>nostris</span> <span class='ocrx_word' id='word_1_1007' title='bbox 1994 647 2155 678; x_wconf 86' lang='lat' dir='ltr'>Borealibus</span> <span class='ocrx_word' id='word_1_1008' title='bbox 2173 646 2270 687; x_wconf 80' lang='lat' dir='ltr'>Regni</span> <span class='ocrx_word' id='word_1_1009' title='bbox 2288 647 2378 678; x_wconf 86' lang='lat' dir='ltr'>nostri</span> 
     </span>
    </p>

    <p class='ocr_par' dir='ltr' id='par_1_28' title="bbox 1313 687 2380 731">
     <span class='ocr_line' id='line_1_118' title="bbox 1313 687 2380 731; baseline -0.004 -9"><span class='ocrx_word' id='word_1_1010' title='bbox 1313 691 1444 730; x_wconf 82' lang='lat' dir='ltr'>Angliae‚</span> <span class='ocrx_word' id='word_1_1011' title='bbox 1461 700 1509 731; x_wconf 86' lang='lat' dir='ltr'>per</span> <span class='ocrx_word' id='word_1_1012' title='bbox 1522 690 1648 722; x_wconf 90' lang='lat' dir='ltr'>diversos</span> <span class='ocrx_word' id='word_1_1013' title='bbox 1661 689 1798 722; x_wconf 87' lang='lat' dir='ltr'>Subditos</span> <span class='ocrx_word' id='word_1_1014' title='bbox 1813 689 1926 720; x_wconf 88' lang='lat' dir='ltr'>nostros</span> <span class='ocrx_word' id='word_1_1015' title='bbox 1940 687 2050 719; x_wconf 89' lang='lat' dir='ltr'>ibidem</span> <span class='ocrx_word' id='word_1_1016' title='bbox 2066 694 2296 725; x_wconf 85' lang='lat' dir='ltr'>commorantes,</span> <span class='ocrx_word' id='word_1_1017' title='bbox 2305 696 2380 718; x_wconf 88' lang='lat' dir='ltr'>con-</span> 
     </span>
    </p>

    <p class='ocr_par' dir='ltr' id='par_1_29' title="bbox 1314 724 2380 774">
     <span class='ocr_line' id='line_1_119' title="bbox 1314 724 2380 774; baseline -0.004 -14"><span class='ocrx_word' id='word_1_1018' title='bbox 1314 738 1356 774; x_wconf 82' lang='lat' dir='ltr'>tra</span> <span class='ocrx_word' id='word_1_1019' title='bbox 1373 729 1522 761; x_wconf 88' lang='lat' dir='ltr'>Coronam</span> <span class='ocrx_word' id='word_1_1020' title='bbox 1541 731 1574 762; x_wconf 91' lang='lat'>&amp;</span> <span class='ocrx_word' id='word_1_1021' title='bbox 1602 729 1746 767; x_wconf 81' lang='lat' dir='ltr'>Regalem</span> <span class='ocrx_word' id='word_1_1022' title='bbox 1766 728 1947 767; x_wconf 84' lang='lat' dir='ltr'>Dignitatem</span> <span class='ocrx_word' id='word_1_1023' title='bbox 1971 724 2096 763; x_wconf 86' lang='lat' dir='ltr'>nostras,</span> <span class='ocrx_word' id='word_1_1024' title='bbox 2123 734 2157 756; x_wconf 90' lang='lat' dir='ltr'>ac</span> <span class='ocrx_word' id='word_1_1025' title='bbox 2175 733 2276 756; x_wconf 88' lang='lat' dir='ltr'>contra</span> <span class='ocrx_word' id='word_1_1026' title='bbox 2301 725 2380 756; x_wconf 85' lang='lat' dir='ltr'>Alle—</span> 
     </span>
    </p>

    <p class='ocr_par' dir='ltr' id='par_1_30' title="bbox 1313 762 2381 806">
     <span class='ocr_line' id='line_1_120' title="bbox 1313 762 2381 806; baseline -0.003 -7"><span class='ocrx_word' id='word_1_1027' title='bbox 1313 770 1430 806; x_wconf 76' lang='lat' dir='ltr'>giantias</span> <span class='ocrx_word' id='word_1_1028' title='bbox 1448 768 1638 800; x_wconf 87' lang='lat' dir='ltr'>Subditorum</span> <span class='ocrx_word' id='word_1_1029' title='bbox 1657 767 1817 799; x_wconf 87' lang='lat' dir='ltr'>nostrorum</span> <span class='ocrx_word' id='word_1_1030' title='bbox 1838 765 2043 805; x_wconf 64' lang='lat' dir='ltr'>praedictorum</span> <span class='ocrx_word' id='word_1_1031' title='bbox 2067 762 2223 802; x_wconf 81' lang='lat' dir='ltr'>debit&#39;,·ad</span> <span class='ocrx_word' id='word_1_1032' title='bbox 2245 773 2381 804; x_wconf 77' lang='lat' dir='ltr'>magnam</span> 
     </span>
    </p>

    <p class='ocr_par' dir='ltr' id='par_1_31' title="bbox 1315 803 2383 843">
     <span class='ocr_line' id='line_1_121' title="bbox 1315 803 2383 843; baseline -0.003 -6"><span class='ocrx_word' id='word_1_1033' title='bbox 1315 806 1564 839; x_wconf 73' lang='lat' dir='ltr'>Pei‘turbationem</span> <span class='ocrx_word' id='word_1_1034' title='bbox 1595 806 1827 838; x_wconf 88' lang='lat' dir='ltr'>Divastationem</span> <span class='ocrx_word' id='word_1_1035' title='bbox 1851 807 1884 836; x_wconf 89' lang='lat'>&amp;</span> <span class='ocrx_word' id='word_1_1036' title='bbox 1912 803 2192 843; x_wconf 86' lang='lat' dir='ltr'>Depauperationem</span> <span class='ocrx_word' id='word_1_1037' title='bbox 2218 803 2383 834; x_wconf 85' lang='lat' dir='ltr'>earumdem</span> 
     </span>
    </p>

    <p class='ocr_par' dir='ltr' id='par_1_32' title="bbox 1315 840 2386 962">
     <span class='ocr_line' id='line_1_122' title="bbox 1316 840 2385 885; baseline -0.005 -8"><span class='ocrx_word' id='word_1_1038' title='bbox 1316 848 1455 885; x_wconf 78' lang='lat' dir='ltr'>partium,</span> <span class='ocrx_word' id='word_1_1039' title='bbox 1472 857 1504 876; x_wconf 89' lang='lat' dir='ltr'>ac</span> <span class='ocrx_word' id='word_1_1040' title='bbox 1520 854 1621 878; x_wconf 88' lang='lat' dir='ltr'>contra</span> <span class='ocrx_word' id='word_1_1041' title='bbox 1635 844 1741 876; x_wconf 85' lang='lat' dir='ltr'>Pacem</span> <span class='ocrx_word' id='word_1_1042' title='bbox 1756 844 1900 883; x_wconf 86' lang='lat' dir='ltr'>nostram,</span> <span class='ocrx_word' id='word_1_1043' title='bbox 1917 853 1970 874; x_wconf 77' lang='lat' dir='ltr'>nos</span> <span class='ocrx_word' id='word_1_1044' title='bbox 1985 841 2134 881; x_wconf 58' lang='lat' dir='ltr'>praedffias</span> <span class='ocrx_word' id='word_1_1045' title='bbox 2149 848 2237 880; x_wconf 87' lang='lat' dir='ltr'>partes</span> <span class='ocrx_word' id='word_1_1046' title='bbox 2256 840 2319 872; x_wconf 66' lang='lat' dir='ltr'>sana</span> <span class='ocrx_word' id='word_1_1047' title='bbox 2334 840 2385 872; x_wconf 91' lang='lat' dir='ltr'>In-</span> 
     </span>
     <span class='ocr_line' id='line_1_123' title="bbox 1315 878 2386 921; baseline -0.007 -5"><span class='ocrx_word' id='word_1_1048' title='bbox 1315 885 1421 916; x_wconf 70' lang='lat' dir='ltr'>dustria</span> <span class='ocrx_word' id='word_1_1049' title='bbox 1440 884 1535 915; x_wconf 67' lang='lat' dir='ltr'>nostra</span> <span class='ocrx_word' id='word_1_1050' title='bbox 1547 886 1581 916; x_wconf 91' lang='lat'>&amp;</span> <span class='ocrx_word' id='word_1_1051' title='bbox 1600 884 1836 914; x_wconf 87' lang='lat' dir='ltr'>Consiliariorum</span> <span class='ocrx_word' id='word_1_1052' title='bbox 1854 882 2036 921; x_wconf 83' lang='lat' dir='ltr'>nostrorum,</span> <span class='ocrx_word' id='word_1_1053' title='bbox 2053 881 2165 912; x_wconf 88' lang='lat' dir='ltr'>favente</span> <span class='ocrx_word' id='word_1_1054' title='bbox 2176 878 2337 918; x_wconf 85' lang='lat' dir='ltr'>Altisfimo,</span> <span class='ocrx_word' id='word_1_1055' title='bbox 2353 879 2386 910; x_wconf 85' lang='lat' dir='ltr'>in</span> 
     </span>
     <span class='ocr_line' id='line_1_124' title="bbox 1317 919 2385 962; baseline -0.005 -8"><span class='ocrx_word' id='word_1_1056' title='bbox 1317 925 1428 955; x_wconf 89' lang='lat' dir='ltr'>bonum</span> <span class='ocrx_word' id='word_1_1057' title='bbox 1443 925 1477 954; x_wconf 87' lang='lat'>&amp;</span> <span class='ocrx_word' id='word_1_1058' title='bbox 1493 922 1646 961; x_wconf 85' lang='lat' dir='ltr'>pacificum</span> <span class='ocrx_word' id='word_1_1059' title='bbox 1660 922 1804 962; x_wconf 86' lang='lat' dir='ltr'>Regimen</span> <span class='ocrx_word' id='word_1_1060' title='bbox 1819 923 1852 953; x_wconf 93' lang='lat'>&amp;</span> <span class='ocrx_word' id='word_1_1061' title='bbox 1869 921 2121 952; x_wconf 81' lang='lat' dir='ltr'>Gubernationem</span> <span class='ocrx_word' id='word_1_1062' title='bbox 2136 920 2172 950; x_wconf 88' lang='lat' dir='ltr'>de</span> <span class='ocrx_word' id='word_1_1063' title='bbox 2186 927 2294 950; x_wconf 85' lang='lat' dir='ltr'>caetero</span> <span class='ocrx_word' id='word_1_1064' title='bbox 2310 919 2385 950; x_wconf 86' lang='lat' dir='ltr'>redi-</span> 
     </span>
    </p>

    <p class='ocr_par' dir='ltr' id='par_1_33' title="bbox 1320 955 2404 1619">
     <span class='ocr_line' id='line_1_125' title="bbox 1321 955 2388 1001; baseline -0.005 -8"><span class='ocrx_word' id='word_1_1065' title='bbox 1321 972 1386 1001; x_wconf 77' lang='lat' dir='ltr'>gere</span> <span class='ocrx_word' id='word_1_1066' title='bbox 1402 964 1434 994; x_wconf 88' lang='lat'>&amp;</span> <span class='ocrx_word' id='word_1_1067' title='bbox 1450 962 1556 993; x_wconf 73' lang='lat' dir='ltr'>Poenas</span> <span class='ocrx_word' id='word_1_1068' title='bbox 1573 961 1746 999; x_wconf 85' lang='lat' dir='ltr'>Delinquen&#39;</span> <span class='ocrx_word' id='word_1_1069' title='bbox 1757 961 1787 992; x_wconf 92' lang='lat' dir='ltr'>di</span> <span class='ocrx_word' id='word_1_1070' title='bbox 1808 959 1912 991; x_wconf 86' lang='lat' dir='ltr'>niffim&#39;</span> <span class='ocrx_word' id='word_1_1071' title='bbox 1927 960 2074 997; x_wconf 87' lang='lat' dir='ltr'>imponere</span> <span class='ocrx_word' id='word_1_1072' title='bbox 2089 958 2216 989; x_wconf 89' lang='lat' dir='ltr'>volentes</span> <span class='ocrx_word' id='word_1_1073' title='bbox 2229 968 2264 989; x_wconf 91' lang='lat' dir='ltr'>ac</span> <span class='ocrx_word' id='word_1_1074' title='bbox 2273 955 2388 996; x_wconf 85' lang='lat' dir='ltr'>probo·</span> 
     </span>
     <span class='ocr_line' id='line_1_126' title="bbox 1321 996 2389 1040; baseline -0.004 -8"><span class='ocrx_word' id='word_1_1075' title='bbox 1321 1012 1361 1032; x_wconf 91' lang='lat' dir='ltr'>no</span> <span class='ocrx_word' id='word_1_1076' title='bbox 1376 1001 1408 1032; x_wconf 91' lang='lat'>&amp;</span> <span class='ocrx_word' id='word_1_1077' title='bbox 1425 1002 1544 1040; x_wconf 87' lang='lat' dir='ltr'>publico</span> <span class='ocrx_word' id='word_1_1078' title='bbox 1560 998 1713 1039; x_wconf 79' lang='lat' dir='ltr'>Regimine</span> <span class='ocrx_word' id='word_1_1079' title='bbox 1730 1002 1762 1033; x_wconf 70' lang='grc' dir='ltr'>ὃ(</span> <span class='ocrx_word' id='word_1_1080' title='bbox 1815 999 2002 1029; x_wconf 88' lang='lat' dir='ltr'>ubernatione</span> <span class='ocrx_word' id='word_1_1081' title='bbox 2019 997 2224 1037; x_wconf 72' lang='lat' dir='ltr'>praedictorum</span> <span class='ocrx_word' id='word_1_1082' title='bbox 2252 996 2389 1029; x_wconf 85' lang='lat' dir='ltr'>Comita-</span> 
     </span>
     <span class='ocr_line' id='line_1_127' title="bbox 1320 1035 2390 1073; baseline -0.004 -3"><span class='ocrx_word' id='word_1_1083' title='bbox 1320 1049 1405 1071; x_wconf 89' lang='lat' dir='ltr'>tuum</span> <span class='ocrx_word' id='word_1_1084' title='bbox 1430 1038 1596 1070; x_wconf 88' lang='lat' dir='ltr'>nostrorum</span> <span class='ocrx_word' id='word_1_1085' title='bbox 1613 1038 1738 1069; x_wconf 87' lang='lat' dir='ltr'>Cumbr&#39;</span> <span class='ocrx_word' id='word_1_1086' title='bbox 1763 1036 2011 1069; x_wconf 86' lang='lat' dir='ltr'>Westmerlandiae</span> <span class='ocrx_word' id='word_1_1087' title='bbox 2036 1037 2069 1067; x_wconf 66' lang='grc' dir='ltr'>ὃς</span> <span class='ocrx_word' id='word_1_1088' title='bbox 2085 1035 2330 1073; x_wconf 83' lang='lat' dir='ltr'>Northumbriae,</span> <span class='ocrx_word' id='word_1_1089' title='bbox 2354 1045 2390 1067; x_wconf 85' lang='lat' dir='ltr'>ac</span> 
     </span>
     <span class='ocr_line' id='line_1_128' title="bbox 1324 1074 2389 1117; baseline -0.004 -8"><span class='ocrx_word' id='word_1_1090' title='bbox 1324 1079 1469 1117; x_wconf 62' lang='lat' dir='ltr'>praedictae</span> <span class='ocrx_word' id='word_1_1091' title='bbox 1493 1078 1575 1108; x_wconf 80' lang='lat' dir='ltr'>Villae</span> <span class='ocrx_word' id='word_1_1092' title='bbox 1594 1077 1698 1107; x_wconf 85' lang='lat' dir='ltr'>nostrae</span> <span class='ocrx_word' id='word_1_1093' title='bbox 1717 1077 1802 1108; x_wconf 92' lang='lat' dir='ltr'>Novi</span> <span class='ocrx_word' id='word_1_1094' title='bbox 1823 1075 1919 1107; x_wconf 79' lang='lat' dir='ltr'>Castri</span> <span class='ocrx_word' id='word_1_1095' title='bbox 1936 1075 2016 1113; x_wconf 87' lang='lat' dir='ltr'>super</span> <span class='ocrx_word' id='word_1_1096' title='bbox 2038 1074 2148 1105; x_wconf 87' lang='lat' dir='ltr'>Tinam</span> <span class='ocrx_word' id='word_1_1097' title='bbox 2163 1075 2197 1105; x_wconf 76' lang='grc' dir='ltr'>δε</span> <span class='ocrx_word' id='word_1_1098' title='bbox 2212 1074 2302 1105; x_wconf 85' lang='lat' dir='ltr'>Com’</span> <span class='ocrx_word' id='word_1_1099' title='bbox 2317 1074 2389 1114; x_wconf 89' lang='lat' dir='ltr'>ejus-</span> 
     </span>
     <span class='ocr_line' id='line_1_129' title="bbox 1323 1113 2388 1152; baseline -0.004 -4"><span class='ocrx_word' id='word_1_1100' title='bbox 1323 1118 1391 1148; x_wconf 84' lang='lat' dir='ltr'>dem</span> <span class='ocrx_word' id='word_1_1101' title='bbox 1407 1116 1491 1148; x_wconf 86' lang='lat' dir='ltr'>Villae</span> <span class='ocrx_word' id='word_1_1102' title='bbox 1506 1118 1539 1148; x_wconf 72' lang='grc' dir='ltr'>ὅ(</span> <span class='ocrx_word' id='word_1_1103' title='bbox 1558 1116 1747 1146; x_wconf 86' lang='lat' dir='ltr'>Subditorum</span> <span class='ocrx_word' id='word_1_1104' title='bbox 1764 1115 1927 1146; x_wconf 79' lang='lat' dir='ltr'>nostrorum</span> <span class='ocrx_word' id='word_1_1105' title='bbox 1944 1114 2050 1144; x_wconf 89' lang='lat' dir='ltr'>ibidem</span> <span class='ocrx_word' id='word_1_1106' title='bbox 2069 1114 2333 1152; x_wconf 86' lang='lat' dir='ltr'>commorantium,</span> <span class='ocrx_word' id='word_1_1107' title='bbox 2350 1113 2388 1144; x_wconf 89' lang='lat' dir='ltr'>de</span> 
     </span>
     <span class='ocr_line' id='line_1_130' title="bbox 1324 1150 2394 1192; baseline -0.005 -5"><span class='ocrx_word' id='word_1_1108' title='bbox 1324 1166 1430 1187; x_wconf 86' lang='lat' dir='ltr'>caetero</span> <span class='ocrx_word' id='word_1_1109' title='bbox 1473 1155 1602 1187; x_wconf 85' lang='lat' dir='ltr'>rovidere</span> <span class='ocrx_word' id='word_1_1110' title='bbox 1620 1155 1815 1192; x_wconf 77' lang='lat' dir='ltr'>intendentes,</span> <span class='ocrx_word' id='word_1_1111' title='bbox 1832 1155 1867 1185; x_wconf 90' lang='lat' dir='ltr'>de</span> <span class='ocrx_word' id='word_1_1112' title='bbox 1885 1153 2016 1183; x_wconf 86' lang='lat' dir='ltr'>fidelitate</span> <span class='ocrx_word' id='word_1_1113' title='bbox 2034 1151 2212 1190; x_wconf 82' lang='lat' dir='ltr'>providentia</span> <span class='ocrx_word' id='word_1_1114' title='bbox 2229 1150 2394 1183; x_wconf 89' lang='lat' dir='ltr'>strenuitate</span> 
     </span>
     <span class='ocr_line' id='line_1_131' title="bbox 1325 1190 2394 1231; baseline -0.006 -5"><span class='ocrx_word' id='word_1_1115' title='bbox 1325 1196 1358 1226; x_wconf 90' lang='lat'>&amp;</span> <span class='ocrx_word' id='word_1_1116' title='bbox 1374 1195 1441 1226; x_wconf 91' lang='lat' dir='ltr'>indu</span> <span class='ocrx_word' id='word_1_1117' title='bbox 1471 1195 1507 1224; x_wconf 85' lang='lat' dir='ltr'>ria</span> <span class='ocrx_word' id='word_1_1118' title='bbox 1521 1194 1662 1231; x_wconf 82' lang='lat' dir='ltr'>diligentia</span> <span class='ocrx_word' id='word_1_1119' title='bbox 1674 1193 1843 1231; x_wconf 85' lang='lat' dir='ltr'>experientia</span> <span class='ocrx_word' id='word_1_1120' title='bbox 1862 1193 1895 1223; x_wconf 91' lang='lat'>&amp;</span> <span class='ocrx_word' id='word_1_1121' title='bbox 1915 1192 2073 1230; x_wconf 82' lang='lat' dir='ltr'>integritate</span> <span class='ocrx_word' id='word_1_1122' title='bbox 2090 1190 2160 1221; x_wconf 69' lang='lat' dir='ltr'>dieti</span> <span class='ocrx_word' id='word_1_1123' title='bbox 2175 1193 2286 1220; x_wconf 79' lang='lat' dir='ltr'>comitis</span> <span class='ocrx_word' id='word_1_1124' title='bbox 2309 1193 2394 1221; x_wconf 81' lang='lat' dir='ltr'>Cum-</span> 
     </span>
     <span class='ocr_line' id='line_1_132' title="bbox 1326 1228 2393 1272; baseline -0.001 -10"><span class='ocrx_word' id='word_1_1125' title='bbox 1326 1234 1392 1263; x_wconf 84' lang='lat' dir='ltr'>briae</span> <span class='ocrx_word' id='word_1_1126' title='bbox 1405 1234 1562 1272; x_wconf 88' lang='lat' dir='ltr'>plurimum</span> <span class='ocrx_word' id='word_1_1127' title='bbox 1576 1231 1769 1269; x_wconf 80' lang='lat' dir='ltr'>confidentes,</span> <span class='ocrx_word' id='word_1_1128' title='bbox 1789 1230 1987 1269; x_wconf 82' lang='lat' dir='ltr'>affignavimus</span> <span class='ocrx_word' id='word_1_1129' title='bbox 2006 1228 2206 1260; x_wconf 89' lang='lat' dir='ltr'>constituimus</span> <span class='ocrx_word' id='word_1_1130' title='bbox 2223 1230 2257 1261; x_wconf 89' lang='lat'>&amp;</span> <span class='ocrx_word' id='word_1_1131' title='bbox 2273 1229 2393 1268; x_wconf 86' lang='lat' dir='ltr'>deputa-</span> 
     </span>
     <span class='ocr_line' id='line_1_133' title="bbox 1327 1267 2397 1309; baseline -0.004 -7"><span class='ocrx_word' id='word_1_1132' title='bbox 1327 1274 1439 1308; x_wconf 79' lang='lat' dir='ltr'>vimus,</span> <span class='ocrx_word' id='word_1_1133' title='bbox 1459 1281 1491 1302; x_wconf 87' lang='lat' dir='ltr'>ac</span> <span class='ocrx_word' id='word_1_1134' title='bbox 1518 1280 1566 1309; x_wconf 87' lang='lat' dir='ltr'>per</span> <span class='ocrx_word' id='word_1_1135' title='bbox 1584 1269 1738 1301; x_wconf 85' lang='lat' dir='ltr'>Praesentes</span> <span class='ocrx_word' id='word_1_1136' title='bbox 1761 1269 1926 1308; x_wconf 71' lang='lat' dir='ltr'>assignamus</span> <span class='ocrx_word' id='word_1_1137' title='bbox 1950 1268 2152 1299; x_wconf 85' lang='lat' dir='ltr'>constituimus</span> <span class='ocrx_word' id='word_1_1138' title='bbox 2174 1268 2208 1298; x_wconf 77' lang='grc' dir='ltr'>δε</span> <span class='ocrx_word' id='word_1_1139' title='bbox 2228 1267 2397 1305; x_wconf 80' lang='lat' dir='ltr'>deputamus</span> 
     </span>
     <span class='ocr_line' id='line_1_134' title="bbox 1326 1305 2394 1340; baseline -0.002 0"><span class='ocrx_word' id='word_1_1140' title='bbox 1326 1311 1450 1340; x_wconf 88' lang='lat' dir='ltr'>eundem</span> <span class='ocrx_word' id='word_1_1141' title='bbox 1464 1313 1595 1340; x_wconf 84' lang='lat' dir='ltr'>Comitem</span> <span class='ocrx_word' id='word_1_1142' title='bbox 1610 1308 1742 1338; x_wconf 79' lang='lat' dir='ltr'>Cambriae</span> <span class='ocrx_word' id='word_1_1143' title='bbox 1761 1307 2023 1338; x_wconf 86' lang='lat' dir='ltr'>Locumtenentem</span> <span class='ocrx_word' id='word_1_1144' title='bbox 2037 1305 2168 1337; x_wconf 83' lang='lat' dir='ltr'>nostrum</span> <span class='ocrx_word' id='word_1_1145' title='bbox 2176 1305 2394 1338; x_wconf 82' lang='lat' dir='ltr'>Generaiem&amp;</span> 
     </span>
     <span class='ocr_line' id='line_1_135' title="bbox 1326 1343 2404 1385; baseline -0.004 -6"><span class='ocrx_word' id='word_1_1146' title='bbox 1326 1347 1560 1379; x_wconf 82' lang='lat' dir='ltr'>Gubernatorem</span> <span class='ocrx_word' id='word_1_1147' title='bbox 1575 1347 1703 1385; x_wconf 62' lang='lat' dir='ltr'>praedi&amp;</span> <span class='ocrx_word' id='word_1_1148' title='bbox 1723 1346 1813 1377; x_wconf 85' lang='lat' dir='ltr'>Com&#39;</span> <span class='ocrx_word' id='word_1_1149' title='bbox 1832 1344 1964 1376; x_wconf 88' lang='lat' dir='ltr'>Cumbr’.</span> <span class='ocrx_word' id='word_1_1150' title='bbox 1982 1344 2158 1376; x_wconf 88' lang='lat' dir='ltr'>Nortumbr&#39;</span> <span class='ocrx_word' id='word_1_1151' title='bbox 2177 1345 2210 1376; x_wconf 88' lang='lat'>&amp;</span> <span class='ocrx_word' id='word_1_1152' title='bbox 2228 1343 2404 1379; x_wconf 70' lang='lat' dir='ltr'>Westmerl&#39;,</span> 
     </span>
     <span class='ocr_line' id='line_1_136' title="bbox 1327 1382 2397 1425; baseline -0.001 -10"><span class='ocrx_word' id='word_1_1153' title='bbox 1327 1396 1360 1417; x_wconf 95' lang='lat' dir='ltr'>ac</span> <span class='ocrx_word' id='word_1_1154' title='bbox 1376 1386 1505 1425; x_wconf 63' lang='lat' dir='ltr'>praediet&#39;</span> <span class='ocrx_word' id='word_1_1155' title='bbox 1519 1386 1603 1416; x_wconf 87' lang='lat' dir='ltr'>Villae</span> <span class='ocrx_word' id='word_1_1156' title='bbox 1618 1386 1705 1416; x_wconf 89' lang='lat' dir='ltr'>Novi</span> <span class='ocrx_word' id='word_1_1157' title='bbox 1722 1384 1814 1416; x_wconf 82' lang='lat' dir='ltr'>Castri</span> <span class='ocrx_word' id='word_1_1158' title='bbox 1829 1384 1909 1424; x_wconf 89' lang='lat' dir='ltr'>super</span> <span class='ocrx_word' id='word_1_1159' title='bbox 1921 1384 2031 1414; x_wconf 80' lang='lat' dir='ltr'>Tinam</span> <span class='ocrx_word' id='word_1_1160' title='bbox 2046 1384 2080 1415; x_wconf 90' lang='lat'>&amp;</span> <span class='ocrx_word' id='word_1_1161' title='bbox 2094 1382 2185 1413; x_wconf 90' lang='lat' dir='ltr'>Com&#39;</span> <span class='ocrx_word' id='word_1_1162' title='bbox 2201 1382 2325 1419; x_wconf 79' lang='lat' dir='ltr'>eiusdem</span> <span class='ocrx_word' id='word_1_1163' title='bbox 2333 1383 2397 1414; x_wconf 87' lang='lat' dir='ltr'>Vil-</span> 
     </span>
     <span class='ocr_line' id='line_1_137' title="bbox 1328 1421 2399 1462; baseline -0.002 -6"><span class='ocrx_word' id='word_1_1164' title='bbox 1328 1425 1381 1462; x_wconf 84' lang='lat' dir='ltr'>lae,</span> <span class='ocrx_word' id='word_1_1165' title='bbox 1400 1435 1434 1456; x_wconf 89' lang='lat' dir='ltr'>ac</span> <span class='ocrx_word' id='word_1_1166' title='bbox 1451 1427 1482 1456; x_wconf 90' lang='lat' dir='ltr'>in</span> <span class='ocrx_word' id='word_1_1167' title='bbox 1499 1425 1636 1456; x_wconf 85' lang='lat' dir='ltr'>omnibus</span> <span class='ocrx_word' id='word_1_1168' title='bbox 1655 1426 1688 1457; x_wconf 86' lang='lat'>&amp;</span> <span class='ocrx_word' id='word_1_1169' title='bbox 1708 1424 1822 1462; x_wconf 80' lang='lat' dir='ltr'>fingulis</span> <span class='ocrx_word' id='word_1_1170' title='bbox 1839 1425 1896 1454; x_wconf 87' lang='lat' dir='ltr'>aliis</span> <span class='ocrx_word' id='word_1_1171' title='bbox 1914 1423 2086 1455; x_wconf 89' lang='lat' dir='ltr'>Civitatibus</span> <span class='ocrx_word' id='word_1_1172' title='bbox 2104 1422 2188 1453; x_wconf 90' lang='lat' dir='ltr'>Villis</span> <span class='ocrx_word' id='word_1_1173' title='bbox 2208 1423 2242 1453; x_wconf 94' lang='lat'>&amp;</span> <span class='ocrx_word' id='word_1_1174' title='bbox 2262 1421 2348 1452; x_wconf 87' lang='lat' dir='ltr'>Locis</span> <span class='ocrx_word' id='word_1_1175' title='bbox 2363 1423 2399 1454; x_wconf 73' lang='grc' dir='ltr'>ὃς</span> 
     </span>
     <span class='ocr_line' id='line_1_138' title="bbox 1331 1461 2400 1508; baseline -0.002 -14"><span class='ocrx_word' id='word_1_1176' title='bbox 1331 1463 1412 1494; x_wconf 91' lang='lat' dir='ltr'>Dalis</span> <span class='ocrx_word' id='word_1_1177' title='bbox 1425 1473 1484 1508; x_wconf 83' lang='lat' dir='ltr'>tam</span> <span class='ocrx_word' id='word_1_1178' title='bbox 1499 1464 1570 1494; x_wconf 87' lang='lat' dir='ltr'>infra</span> <span class='ocrx_word' id='word_1_1179' title='bbox 1585 1463 1742 1494; x_wconf 88' lang='lat' dir='ltr'>Libertates</span> <span class='ocrx_word' id='word_1_1180' title='bbox 1764 1464 1849 1502; x_wconf 76' lang='lat' dir='ltr'>quam</span> <span class='ocrx_word' id='word_1_1181' title='bbox 1868 1471 1960 1500; x_wconf 80' lang='lat' dir='ltr'>extra,</span> <span class='ocrx_word' id='word_1_1182' title='bbox 1979 1462 2048 1492; x_wconf 83' lang='lat' dir='ltr'>infra</span> <span class='ocrx_word' id='word_1_1183' title='bbox 2067 1461 2188 1492; x_wconf 86' lang='lat' dir='ltr'>Limites</span> <span class='ocrx_word' id='word_1_1184' title='bbox 2211 1462 2244 1492; x_wconf 92' lang='lat'>&amp;</span> <span class='ocrx_word' id='word_1_1185' title='bbox 2269 1461 2400 1492; x_wconf 83' lang='lat' dir='ltr'>Praecin-</span> 
     </span>
     <span class='ocr_line' id='line_1_139' title="bbox 1330 1499 2400 1533; baseline -0.004 0"><span class='ocrx_word' id='word_1_1186' title='bbox 1330 1503 1413 1533; x_wconf 67' lang='lat' dir='ltr'>&lt;stum</span> <span class='ocrx_word' id='word_1_1187' title='bbox 1427 1502 1576 1533; x_wconf 54' lang='lat' dir='ltr'>dictorum</span> <span class='ocrx_word' id='word_1_1188' title='bbox 1592 1501 1794 1533; x_wconf 85' lang='lat' dir='ltr'>Comitatuum</span> <span class='ocrx_word' id='word_1_1189' title='bbox 1814 1500 1980 1532; x_wconf 86' lang='lat' dir='ltr'>nostrorum</span> <span class='ocrx_word' id='word_1_1190' title='bbox 2004 1500 2153 1531; x_wconf 88' lang='lat' dir='ltr'>Cumbriae</span> <span class='ocrx_word' id='word_1_1191' title='bbox 2173 1499 2400 1530; x_wconf 83' lang='lat' dir='ltr'>Northumbriae</span> 
     </span>
     <span class='ocr_line' id='line_1_140' title="bbox 1331 1537 2404 1577; baseline -0.003 -5"><span class='ocrx_word' id='word_1_1192' title='bbox 1331 1542 1364 1574; x_wconf 91' lang='lat'>&amp;</span> <span class='ocrx_word' id='word_1_1193' title='bbox 1380 1541 1629 1572; x_wconf 83' lang='lat' dir='ltr'>Westmerlandiae</span> <span class='ocrx_word' id='word_1_1194' title='bbox 1643 1540 1699 1571; x_wconf 86' lang='lat' dir='ltr'>sive</span> <span class='ocrx_word' id='word_1_1195' title='bbox 1714 1539 1796 1572; x_wconf 83' lang='lat' dir='ltr'>Villae</span> <span class='ocrx_word' id='word_1_1196' title='bbox 1812 1540 1898 1577; x_wconf 84' lang='lat' dir='ltr'>Novi</span> <span class='ocrx_word' id='word_1_1197' title='bbox 1916 1538 2011 1571; x_wconf 86' lang='lat' dir='ltr'>Castri</span> <span class='ocrx_word' id='word_1_1198' title='bbox 2033 1539 2111 1577; x_wconf 85' lang='lat' dir='ltr'>super</span> <span class='ocrx_word' id='word_1_1199' title='bbox 2128 1538 2237 1570; x_wconf 87' lang='lat' dir='ltr'>Tinam</span> <span class='ocrx_word' id='word_1_1200' title='bbox 2255 1540 2289 1572; x_wconf 74' lang='grc' dir='ltr'>δε</span> <span class='ocrx_word' id='word_1_1201' title='bbox 2309 1537 2404 1573; x_wconf 63' lang='lat' dir='ltr'>Com&#39;,</span> 
     </span>
     <span class='ocr_line' id='line_1_141' title="bbox 1332 1577 2120 1619; baseline -0.004 -8"><span class='ocrx_word' id='word_1_1202' title='bbox 1332 1580 1457 1619; x_wconf 84' lang='lat' dir='ltr'>ejusdem</span> <span class='ocrx_word' id='word_1_1203' title='bbox 1472 1579 1557 1610; x_wconf 88' lang='lat' dir='ltr'>Villae</span> <span class='ocrx_word' id='word_1_1204' title='bbox 1573 1580 1620 1610; x_wconf 89' lang='lat' dir='ltr'>seu</span> <span class='ocrx_word' id='word_1_1205' title='bbox 1637 1589 1741 1610; x_wconf 88' lang='lat' dir='ltr'>eorum</span> <span class='ocrx_word' id='word_1_1206' title='bbox 1754 1577 1887 1617; x_wconf 69' lang='lat' dir='ltr'>alicujus,</span> <span class='ocrx_word' id='word_1_1207' title='bbox 2114 1605 2120 1609; x_wconf 68' lang='grc'>,</span> 
     </span>
    </p>

    <p class='ocr_par' dir='ltr' id='par_1_34' title="bbox 1333 1615 2407 1813">
     <span class='ocr_line' id='line_1_142' title="bbox 1369 1615 2402 1656; baseline -0.001 -7"><span class='ocrx_word' id='word_1_1208' title='bbox 1369 1619 1477 1650; x_wconf 88' lang='lat' dir='ltr'>Dantes</span> <span class='ocrx_word' id='word_1_1209' title='bbox 1494 1621 1527 1651; x_wconf 72' lang='grc' dir='ltr'>ὅ(</span> <span class='ocrx_word' id='word_1_1210' title='bbox 1542 1619 1735 1650; x_wconf 85' lang='lat' dir='ltr'>concedentes</span> <span class='ocrx_word' id='word_1_1211' title='bbox 1748 1618 1841 1648; x_wconf 86' lang='lat' dir='ltr'>eidem</span> <span class='ocrx_word' id='word_1_1212' title='bbox 1858 1617 2011 1655; x_wconf 78' lang='lat' dir='ltr'>Comiti,in</span> <span class='ocrx_word' id='word_1_1213' title='bbox 2021 1616 2144 1648; x_wconf 87' lang='lat' dir='ltr'>absentia</span> <span class='ocrx_word' id='word_1_1214' title='bbox 2155 1615 2250 1647; x_wconf 87' lang='lat' dir='ltr'>nostra</span> <span class='ocrx_word' id='word_1_1215' title='bbox 2259 1640 2269 1656; x_wconf 91' lang='lat'>,</span> <span class='ocrx_word' id='word_1_1216' title='bbox 2285 1616 2402 1656; x_wconf 86' lang='lat' dir='ltr'>plenam</span> 
     </span>
     <span class='ocr_line' id='line_1_143' title="bbox 1333 1655 2402 1694; baseline -0.003 -4"><span class='ocrx_word' id='word_1_1217' title='bbox 1333 1657 1508 1690; x_wconf 86' lang='lat' dir='ltr'>Potestatem</span> <span class='ocrx_word' id='word_1_1218' title='bbox 1523 1659 1556 1690; x_wconf 89' lang='lat'>&amp;</span> <span class='ocrx_word' id='word_1_1219' title='bbox 1577 1657 1788 1688; x_wconf 85' lang='lat' dir='ltr'>Authoritatem</span> <span class='ocrx_word' id='word_1_1220' title='bbox 1807 1655 1968 1693; x_wconf 88' lang='lat' dir='ltr'>generalem</span> <span class='ocrx_word' id='word_1_1221' title='bbox 1984 1656 2016 1686; x_wconf 88' lang='lat'>&amp;</span> <span class='ocrx_word' id='word_1_1222' title='bbox 2033 1656 2182 1694; x_wconf 86' lang='lat' dir='ltr'>specialem</span> <span class='ocrx_word' id='word_1_1223' title='bbox 2198 1657 2337 1687; x_wconf 89' lang='lat' dir='ltr'>omnes&amp;</span> <span class='ocrx_word' id='word_1_1224' title='bbox 2347 1656 2402 1687; x_wconf 80' lang='lat' dir='ltr'>sin-</span> 
     </span>
     <span class='ocr_line' id='line_1_144' title="bbox 1333 1693 2404 1736; baseline 0 -10"><span class='ocrx_word' id='word_1_1225' title='bbox 1333 1697 1414 1736; x_wconf 87' lang='lat' dir='ltr'>gulos</span> <span class='ocrx_word' id='word_1_1226' title='bbox 1434 1696 1570 1727; x_wconf 88' lang='lat' dir='ltr'>Subditos</span> <span class='ocrx_word' id='word_1_1227' title='bbox 1590 1695 1702 1726; x_wconf 89' lang='lat' dir='ltr'>nostros</span> <span class='ocrx_word' id='word_1_1228' title='bbox 1721 1695 1831 1725; x_wconf 86' lang='lat' dir='ltr'>ibidem</span> <span class='ocrx_word' id='word_1_1229' title='bbox 1850 1696 2014 1732; x_wconf 86' lang='lat' dir='ltr'>ubicunque</span> <span class='ocrx_word' id='word_1_1230' title='bbox 2037 1702 2254 1725; x_wconf 85' lang='lat' dir='ltr'>commorantes</span> <span class='ocrx_word' id='word_1_1231' title='bbox 2275 1695 2306 1724; x_wconf 90' lang='lat' dir='ltr'>in</span> <span class='ocrx_word' id='word_1_1232' title='bbox 2326 1693 2404 1726; x_wconf 83' lang='lat' dir='ltr'>Pace</span> 
     </span>
     <span class='ocr_line' id='line_1_145' title="bbox 1334 1732 2407 1773; baseline 0 -8"><span class='ocrx_word' id='word_1_1233' title='bbox 1334 1735 1429 1766; x_wconf 85' lang='lat' dir='ltr'>nostra</span> <span class='ocrx_word' id='word_1_1234' title='bbox 1445 1736 1477 1765; x_wconf 88' lang='lat'>&amp;</span> <span class='ocrx_word' id='word_1_1235' title='bbox 1493 1735 1542 1765; x_wconf 92' lang='lat' dir='ltr'>sub</span> <span class='ocrx_word' id='word_1_1236' title='bbox 1556 1736 1639 1765; x_wconf 91' lang='lat' dir='ltr'>bono</span> <span class='ocrx_word' id='word_1_1237' title='bbox 1657 1734 1814 1773; x_wconf 81' lang='lat' dir='ltr'>Regimine</span> <span class='ocrx_word' id='word_1_1238' title='bbox 1827 1733 2010 1764; x_wconf 89' lang='lat' dir='ltr'>conservand&#39;</span> <span class='ocrx_word' id='word_1_1239' title='bbox 2024 1735 2058 1766; x_wconf 88' lang='lat'>&amp;</span> <span class='ocrx_word' id='word_1_1240' title='bbox 2072 1732 2246 1772; x_wconf 83' lang='lat' dir='ltr'>gubernand’</span> <span class='ocrx_word' id='word_1_1241' title='bbox 2251 1734 2330 1772; x_wconf 81' lang='lat' dir='ltr'>juxta</span> <span class='ocrx_word' id='word_1_1242' title='bbox 2346 1732 2407 1765; x_wconf 85' lang='lat' dir='ltr'>Le-</span> 
     </span>
     <span class='ocr_line' id='line_1_146' title="bbox 1334 1771 2009 1813; baseline -0.003 -9"><span class='ocrx_word' id='word_1_1243' title='bbox 1334 1783 1401 1813; x_wconf 86' lang='lat' dir='ltr'>gem</span> <span class='ocrx_word' id='word_1_1244' title='bbox 1415 1775 1448 1803; x_wconf 91' lang='lat'>&amp;</span> <span class='ocrx_word' id='word_1_1245' title='bbox 1471 1773 1647 1804; x_wconf 88' lang='lat' dir='ltr'>Consuetud’</span> <span class='ocrx_word' id='word_1_1246' title='bbox 1663 1773 1757 1811; x_wconf 84' lang='lat' dir='ltr'>Regni</span> <span class='ocrx_word' id='word_1_1247' title='bbox 1775 1771 1864 1802; x_wconf 91' lang='lat' dir='ltr'>nostri</span> <span class='ocrx_word' id='word_1_1248' title='bbox 1879 1772 1926 1803; x_wconf 82' lang='lat' dir='ltr'>An</span> <span class='ocrx_word' id='word_1_1249' title='bbox 1947 1773 2009 1810; x_wconf 87' lang='lat' dir='ltr'>liae,</span> 
     </span>
    </p>

    <p class='ocr_par' dir='ltr' id='par_1_35' title="bbox 1336 1808 2408 1999">
     <span class='ocr_line' id='line_1_147' title="bbox 1373 1808 2406 1843; baseline -0.003 0"><span class='ocrx_word' id='word_1_1250' title='bbox 1373 1812 1410 1843; x_wconf 88' lang='lat' dir='ltr'>Et</span> <span class='ocrx_word' id='word_1_1251' title='bbox 1425 1812 1461 1842; x_wconf 92' lang='lat' dir='ltr'>ad</span> <span class='ocrx_word' id='word_1_1252' title='bbox 1477 1810 1662 1843; x_wconf 84' lang='lat' dir='ltr'>Submiffion’</span> <span class='ocrx_word' id='word_1_1253' title='bbox 1681 1811 1855 1841; x_wconf 78' lang='lat' dir='ltr'>Sacrament&#39;</span> <span class='ocrx_word' id='word_1_1254' title='bbox 1873 1812 1907 1843; x_wconf 91' lang='lat'>&amp;</span> <span class='ocrx_word' id='word_1_1255' title='bbox 1953 1810 2067 1841; x_wconf 87' lang='lat' dir='ltr'>idelitat&#39;</span> <span class='ocrx_word' id='word_1_1256' title='bbox 2084 1809 2271 1841; x_wconf 89' lang='lat' dir='ltr'>Subditorum</span> <span class='ocrx_word' id='word_1_1257' title='bbox 2287 1808 2406 1842; x_wconf 88' lang='lat' dir='ltr'>nostro-</span> 
     </span>
     <span class='ocr_line' id='line_1_148' title="bbox 1337 1848 2406 1889; baseline -0.001 -8"><span class='ocrx_word' id='word_1_1258' title='bbox 1337 1861 1401 1882; x_wconf 90' lang='lat' dir='ltr'>rum</span> <span class='ocrx_word' id='word_1_1259' title='bbox 1414 1851 1621 1889; x_wconf 61' lang='lat' dir='ltr'>praedffiorum</span> <span class='ocrx_word' id='word_1_1260' title='bbox 1636 1851 1667 1881; x_wconf 85' lang='lat'>&amp;</span> <span class='ocrx_word' id='word_1_1261' title='bbox 1682 1850 1803 1880; x_wconf 88' lang='lat' dir='ltr'>aliorum</span> <span class='ocrx_word' id='word_1_1262' title='bbox 1821 1859 1911 1888; x_wconf 90' lang='lat' dir='ltr'>nuper</span> <span class='ocrx_word' id='word_1_1263' title='bbox 1933 1848 2172 1888; x_wconf 89' lang='lat' dir='ltr'>Delinquentium</span> <span class='ocrx_word' id='word_1_1264' title='bbox 2193 1849 2276 1880; x_wconf 86' lang='lat' dir='ltr'>nobis</span> <span class='ocrx_word' id='word_1_1265' title='bbox 2294 1849 2406 1880; x_wconf 79' lang='lat' dir='ltr'>fiendo-</span> 
     </span>
     <span class='ocr_line' id='line_1_149' title="bbox 1336 1887 2406 1927; baseline -0.002 -7"><span class='ocrx_word' id='word_1_1266' title='bbox 1336 1900 1401 1921; x_wconf 86' lang='lat' dir='ltr'>rum</span> <span class='ocrx_word' id='word_1_1267' title='bbox 1412 1913 1421 1927; x_wconf 84' lang='lat'>,</span> <span class='ocrx_word' id='word_1_1268' title='bbox 1441 1889 1459 1920; x_wconf 90' lang='lat' dir='ltr'>si</span> <span class='ocrx_word' id='word_1_1269' title='bbox 1475 1890 1556 1920; x_wconf 63' lang='lat' dir='ltr'>dicito</span> <span class='ocrx_word' id='word_1_1270' title='bbox 1565 1891 1663 1919; x_wconf 80' lang='lat' dir='ltr'>Comiti</span> <span class='ocrx_word' id='word_1_1271' title='bbox 1678 1896 1854 1927; x_wconf 89' lang='lat' dir='ltr'>oportunum</span> <span class='ocrx_word' id='word_1_1272' title='bbox 1869 1887 2029 1925; x_wconf 78' lang='lat' dir='ltr'>videbitur,</span> <span class='ocrx_word' id='word_1_1273' title='bbox 2048 1897 2096 1925; x_wconf 85' lang='lat' dir='ltr'>per</span> <span class='ocrx_word' id='word_1_1274' title='bbox 2107 1887 2133 1918; x_wconf 92' lang='lat' dir='ltr'>se</span> <span class='ocrx_word' id='word_1_1275' title='bbox 2141 1887 2187 1918; x_wconf 86' lang='lat' dir='ltr'>vel</span> <span class='ocrx_word' id='word_1_1276' title='bbox 2201 1897 2251 1924; x_wconf 89' lang='lat' dir='ltr'>per</span> <span class='ocrx_word' id='word_1_1277' title='bbox 2265 1887 2406 1919; x_wconf 87' lang='lat' dir='ltr'>sufficien-</span> 
     </span>
     <span class='ocr_line' id='line_1_150' title="bbox 1336 1925 2408 1999; baseline -0.003 -39"><span class='ocrx_word' id='word_1_1278' title='bbox 1336 1938 1396 1974; x_wconf 82' lang='lat' dir='ltr'>tem</span> <span class='ocrx_word' id='word_1_1279' title='bbox 1405 1927 1594 1999; x_wconf 58' lang='lat' dir='ltr'>dipeputatum</span> <span class='ocrx_word' id='word_1_1280' title='bbox 1609 1928 1654 1960; x_wconf 90' lang='lat' dir='ltr'>vel</span> <span class='ocrx_word' id='word_1_1281' title='bbox 1669 1926 1830 1967; x_wconf 87' lang='lat' dir='ltr'>Deputatos</span> <span class='ocrx_word' id='word_1_1282' title='bbox 1842 1925 1905 1958; x_wconf 91' lang='lat' dir='ltr'>suos</span> <span class='ocrx_word' id='word_1_1283' title='bbox 1921 1925 2107 1965; x_wconf 84' lang='lat' dir='ltr'>sufficientes,</span> <span class='ocrx_word' id='word_1_1284' title='bbox 2125 1926 2256 1965; x_wconf 84' lang='lat' dir='ltr'>capiend’</span> <span class='ocrx_word' id='word_1_1285' title='bbox 2267 1927 2302 1959; x_wconf 61' lang='grc' dir='ltr'>ὃς</span> <span class='ocrx_word' id='word_1_1286' title='bbox 2315 1926 2408 1967; x_wconf 83' lang='lat' dir='ltr'>perci-</span> 
     </span>
    </p>

    <p class='ocr_par' dir='ltr' id='par_1_36' title="bbox 1358 1977 1402 1999">
     <span class='ocr_line' id='line_1_151' title="bbox 1358 1977 1402 1999; baseline -0.045 0"><span class='ocrx_word' id='word_1_1287' title='bbox 1358 1977 1402 1999; x_wconf 84' lang='lat' dir='ltr'>ren</span> 
     </span>
    </p>

    <p class='ocr_par' dir='ltr' id='par_1_37' title="bbox 1336 1978 2416 3011">
     <span class='ocr_line' id='line_1_152' title="bbox 1336 1978 2406 2051; baseline -0.001 -14"><span class='ocrx_word' id='word_1_1288' title='bbox 1336 1978 1507 2051; x_wconf 21' lang='lat' dir='ltr'>thec’non</span> <span class='ocrx_word' id='word_1_1289' title='bbox 1524 2006 1558 2037; x_wconf 91' lang='lat' dir='ltr'>ad</span> <span class='ocrx_word' id='word_1_1290' title='bbox 1572 2015 1674 2037; x_wconf 84' lang='lat' dir='ltr'>omnes</span> <span class='ocrx_word' id='word_1_1291' title='bbox 1687 2006 1720 2038; x_wconf 76' lang='grc' dir='ltr'>δε</span> <span class='ocrx_word' id='word_1_1292' title='bbox 1742 2005 1863 2045; x_wconf 82' lang='lat' dir='ltr'>singulos</span> <span class='ocrx_word' id='word_1_1293' title='bbox 1878 2003 2014 2036; x_wconf 87' lang='lat' dir='ltr'>Subditos</span> <span class='ocrx_word' id='word_1_1294' title='bbox 2027 2002 2140 2035; x_wconf 88' lang='lat' dir='ltr'>nostros</span> <span class='ocrx_word' id='word_1_1295' title='bbox 2152 2004 2187 2035; x_wconf 86' lang='lat' dir='ltr'>ad</span> <span class='ocrx_word' id='word_1_1296' title='bbox 2195 2001 2339 2036; x_wconf 87' lang='lat' dir='ltr'>Guerram</span> <span class='ocrx_word' id='word_1_1297' title='bbox 2351 2002 2406 2036; x_wconf 44' lang='lat' dir='ltr'>ha*</span> 
     </span>
     <span class='ocr_line' id='line_1_153' title="bbox 1338 2042 2410 2085; baseline -0.003 -9"><span class='ocrx_word' id='word_1_1298' title='bbox 1338 2046 1423 2085; x_wconf 86' lang='lat' dir='ltr'>biles,</span> <span class='ocrx_word' id='word_1_1299' title='bbox 1439 2045 1635 2085; x_wconf 87' lang='lat' dir='ltr'>cujuscunque</span> <span class='ocrx_word' id='word_1_1300' title='bbox 1651 2044 1737 2076; x_wconf 64' lang='lat' dir='ltr'>statiis</span> <span class='ocrx_word' id='word_1_1301' title='bbox 1749 2044 1851 2083; x_wconf 71' lang='lat' dir='ltr'>gradus</span> <span class='ocrx_word' id='word_1_1302' title='bbox 1863 2044 1920 2075; x_wconf 86' lang='lat' dir='ltr'>five</span> <span class='ocrx_word' id='word_1_1303' title='bbox 1927 2044 2102 2075; x_wconf 87' lang='lat' dir='ltr'>conditionis</span> <span class='ocrx_word' id='word_1_1304' title='bbox 2110 2042 2232 2083; x_wconf 81' lang='lat' dir='ltr'>fuerint,</span> <span class='ocrx_word' id='word_1_1305' title='bbox 2253 2043 2326 2074; x_wconf 84' lang='lat' dir='ltr'>infra</span> <span class='ocrx_word' id='word_1_1306' title='bbox 2355 2053 2410 2074; x_wconf 81' lang='lat' dir='ltr'>rae-</span> 
     </span>
     <span class='ocr_line' id='line_1_154' title="bbox 1339 2081 2406 2120; baseline -0.002 -5"><span class='ocrx_word' id='word_1_1307' title='bbox 1339 2084 1432 2115; x_wconf 71' lang='lat' dir='ltr'>dietos</span> <span class='ocrx_word' id='word_1_1308' title='bbox 1445 2084 1532 2116; x_wconf 89' lang='lat' dir='ltr'>Com&#39;</span> <span class='ocrx_word' id='word_1_1309' title='bbox 1550 2083 1745 2115; x_wconf 87' lang='lat' dir='ltr'>Northumbr&#39;</span> <span class='ocrx_word' id='word_1_1310' title='bbox 1758 2083 1882 2114; x_wconf 85' lang='lat' dir='ltr'>Cumbr&#39;</span> <span class='ocrx_word' id='word_1_1311' title='bbox 1896 2083 1930 2114; x_wconf 68' lang='grc' dir='ltr'>ὅ(</span> <span class='ocrx_word' id='word_1_1312' title='bbox 1946 2081 2115 2113; x_wconf 86' lang='lat' dir='ltr'>Westmerl’</span> <span class='ocrx_word' id='word_1_1313' title='bbox 2129 2084 2162 2114; x_wconf 90' lang='lat'>&amp;</span> <span class='ocrx_word' id='word_1_1314' title='bbox 2177 2082 2302 2120; x_wconf 71' lang='lat' dir='ltr'>praediet’</span> <span class='ocrx_word' id='word_1_1315' title='bbox 2349 2082 2406 2113; x_wconf 83' lang='lat' dir='ltr'>illae</span> 
     </span>
     <span class='ocr_line' id='line_1_155' title="bbox 1339 2120 2408 2161; baseline -0.001 -7"><span class='ocrx_word' id='word_1_1316' title='bbox 1339 2123 1425 2154; x_wconf 92' lang='lat' dir='ltr'>Novi</span> <span class='ocrx_word' id='word_1_1317' title='bbox 1445 2123 1539 2154; x_wconf 89' lang='lat' dir='ltr'>Castri</span> <span class='ocrx_word' id='word_1_1318' title='bbox 1553 2123 1632 2161; x_wconf 88' lang='lat' dir='ltr'>super</span> <span class='ocrx_word' id='word_1_1319' title='bbox 1649 2123 1758 2153; x_wconf 81' lang='lat' dir='ltr'>Tinam</span> <span class='ocrx_word' id='word_1_1320' title='bbox 1775 2123 1807 2153; x_wconf 90' lang='lat'>&amp;</span> <span class='ocrx_word' id='word_1_1321' title='bbox 1823 2121 1913 2152; x_wconf 86' lang='lat' dir='ltr'>Com&#39;</span> <span class='ocrx_word' id='word_1_1322' title='bbox 1925 2121 2050 2159; x_wconf 86' lang='lat' dir='ltr'>ejusdem</span> <span class='ocrx_word' id='word_1_1323' title='bbox 2065 2120 2163 2159; x_wconf 82' lang='lat' dir='ltr'>Villae,</span> <span class='ocrx_word' id='word_1_1324' title='bbox 2181 2131 2215 2152; x_wconf 89' lang='lat' dir='ltr'>ac</span> <span class='ocrx_word' id='word_1_1325' title='bbox 2230 2123 2257 2151; x_wconf 90' lang='lat' dir='ltr'>in</span> <span class='ocrx_word' id='word_1_1326' title='bbox 2271 2122 2408 2153; x_wconf 83' lang='lat' dir='ltr'>omnibus</span> 
     </span>
     <span class='ocr_line' id='line_1_156' title="bbox 1341 2158 2407 2203; baseline -0.004 -10"><span class='ocrx_word' id='word_1_1327' title='bbox 1341 2163 1374 2194; x_wconf 92' lang='lat'>&amp;</span> <span class='ocrx_word' id='word_1_1328' title='bbox 1388 2163 1499 2203; x_wconf 83' lang='lat' dir='ltr'>singulis</span> <span class='ocrx_word' id='word_1_1329' title='bbox 1514 2163 1572 2193; x_wconf 91' lang='lat' dir='ltr'>aliis</span> <span class='ocrx_word' id='word_1_1330' title='bbox 1585 2161 1759 2192; x_wconf 86' lang='lat' dir='ltr'>Civitatibus</span> <span class='ocrx_word' id='word_1_1331' title='bbox 1776 2160 1854 2191; x_wconf 90' lang='lat' dir='ltr'>Villis</span> <span class='ocrx_word' id='word_1_1332' title='bbox 1870 2160 1959 2190; x_wconf 90' lang='lat' dir='ltr'>Locis</span> <span class='ocrx_word' id='word_1_1333' title='bbox 1975 2160 2009 2191; x_wconf 63' lang='grc' dir='ltr'>ὃς</span> <span class='ocrx_word' id='word_1_1334' title='bbox 2027 2158 2126 2194; x_wconf 71' lang='lat' dir='ltr'>Dalis,</span> <span class='ocrx_word' id='word_1_1335' title='bbox 2141 2168 2199 2190; x_wconf 90' lang='lat' dir='ltr'>tam</span> <span class='ocrx_word' id='word_1_1336' title='bbox 2215 2160 2288 2190; x_wconf 84' lang='lat' dir='ltr'>infra</span> <span class='ocrx_word' id='word_1_1337' title='bbox 2304 2158 2407 2190; x_wconf 88' lang='lat' dir='ltr'>Liber·-</span> 
     </span>
     <span class='ocr_line' id='line_1_157' title="bbox 1339 2197 2407 2240; baseline -0.004 -8"><span class='ocrx_word' id='word_1_1338' title='bbox 1339 2210 1409 2232; x_wconf 89' lang='lat' dir='ltr'>tates</span> <span class='ocrx_word' id='word_1_1339' title='bbox 1425 2202 1511 2240; x_wconf 71' lang='lat' dir='ltr'>quam</span> <span class='ocrx_word' id='word_1_1340' title='bbox 1528 2210 1622 2237; x_wconf 65' lang='lat' dir='ltr'>eirtra,</span> <span class='ocrx_word' id='word_1_1341' title='bbox 1640 2200 1710 2230; x_wconf 76' lang='lat' dir='ltr'>infra</span> <span class='ocrx_word' id='word_1_1342' title='bbox 1727 2199 1848 2230; x_wconf 88' lang='lat' dir='ltr'>Limites</span> <span class='ocrx_word' id='word_1_1343' title='bbox 1862 2199 1896 2229; x_wconf 90' lang='lat'>&amp;</span> <span class='ocrx_word' id='word_1_1344' title='bbox 1912 2198 2088 2229; x_wconf 69' lang='lat' dir='ltr'>Praecinetos</span> <span class='ocrx_word' id='word_1_1345' title='bbox 2104 2197 2196 2229; x_wconf 86' lang='lat' dir='ltr'>Com‘</span> <span class='ocrx_word' id='word_1_1346' title='bbox 2207 2197 2407 2229; x_wconf 87' lang='lat' dir='ltr'>Northumbr’</span> 
     </span>
     <span class='ocr_line' id='line_1_158' title="bbox 1343 2235 2410 2278; baseline -0.003 -7"><span class='ocrx_word' id='word_1_1347' title='bbox 1343 2240 1470 2271; x_wconf 87' lang='lat' dir='ltr'>Cumbr’</span> <span class='ocrx_word' id='word_1_1348' title='bbox 1485 2240 1517 2270; x_wconf 91' lang='lat'>&amp;</span> <span class='ocrx_word' id='word_1_1349' title='bbox 1534 2239 1699 2270; x_wconf 85' lang='lat' dir='ltr'>Westmerl’</span> <span class='ocrx_word' id='word_1_1350' title='bbox 1714 2239 1747 2270; x_wconf 90' lang='lat'>&amp;</span> <span class='ocrx_word' id='word_1_1351' title='bbox 1763 2237 1889 2278; x_wconf 71' lang='lat' dir='ltr'>praedist&#39;</span> <span class='ocrx_word' id='word_1_1352' title='bbox 1904 2237 1990 2268; x_wconf 83' lang='lat' dir='ltr'>Villae</span> <span class='ocrx_word' id='word_1_1353' title='bbox 2003 2235 2090 2267; x_wconf 91' lang='lat' dir='ltr'>Novi</span> <span class='ocrx_word' id='word_1_1354' title='bbox 2099 2236 2193 2268; x_wconf 88' lang='lat' dir='ltr'>Castri</span> <span class='ocrx_word' id='word_1_1355' title='bbox 2208 2236 2410 2275; x_wconf 82' lang='lat' dir='ltr'>superTinarn</span> 
     </span>
     <span class='ocr_line' id='line_1_159' title="bbox 1343 2275 2412 2317; baseline -0.002 -8"><span class='ocrx_word' id='word_1_1356' title='bbox 1343 2280 1377 2310; x_wconf 67' lang='grc' dir='ltr'>ὃς</span> <span class='ocrx_word' id='word_1_1357' title='bbox 1391 2278 1483 2309; x_wconf 83' lang='lat' dir='ltr'>Com&#39;</span> <span class='ocrx_word' id='word_1_1358' title='bbox 1497 2278 1621 2317; x_wconf 84' lang='lat' dir='ltr'>ejusdem</span> <span class='ocrx_word' id='word_1_1359' title='bbox 1637 2277 1720 2308; x_wconf 72' lang='lat' dir='ltr'>Villae</span> <span class='ocrx_word' id='word_1_1360' title='bbox 1736 2277 1784 2307; x_wconf 80' lang='lat' dir='ltr'>seu</span> <span class='ocrx_word' id='word_1_1361' title='bbox 1801 2285 1901 2307; x_wconf 89' lang='lat' dir='ltr'>eorum</span> <span class='ocrx_word' id='word_1_1362' title='bbox 1915 2275 2033 2313; x_wconf 84' lang='lat' dir='ltr'>alicujus</span> <span class='ocrx_word' id='word_1_1363' title='bbox 2042 2298 2052 2314; x_wconf 83' lang='lat'>,</span> <span class='ocrx_word' id='word_1_1364' title='bbox 2071 2276 2091 2307; x_wconf 87' lang='lat' dir='ltr'>si</span> <span class='ocrx_word' id='word_1_1365' title='bbox 2104 2285 2177 2314; x_wconf 86' lang='lat' dir='ltr'>opus</span> <span class='ocrx_word' id='word_1_1366' title='bbox 2191 2276 2274 2307; x_wconf 89' lang='lat' dir='ltr'>fuerit</span> <span class='ocrx_word' id='word_1_1367' title='bbox 2283 2298 2294 2315; x_wconf 82' lang='grc'>,</span> <span class='ocrx_word' id='word_1_1368' title='bbox 2308 2285 2412 2307; x_wconf 86' lang='lat' dir='ltr'>contra</span> 
     </span>
     <span class='ocr_line' id='line_1_160' title="bbox 1344 2313 2412 2358; baseline -0.002 -9"><span class='ocrx_word' id='word_1_1369' title='bbox 1344 2319 1530 2358; x_wconf 87' lang='lat' dir='ltr'>quoscunque</span> <span class='ocrx_word' id='word_1_1370' title='bbox 1547 2316 1681 2348; x_wconf 88' lang='lat' dir='ltr'>Rebelles</span> <span class='ocrx_word' id='word_1_1371' title='bbox 1695 2315 1857 2346; x_wconf 84' lang='lat' dir='ltr'>Proditores</span> <span class='ocrx_word' id='word_1_1372' title='bbox 1871 2315 1904 2345; x_wconf 89' lang='lat'>&amp;</span> <span class='ocrx_word' id='word_1_1373' title='bbox 1920 2314 2003 2345; x_wconf 85' lang='lat' dir='ltr'>Pacis</span> <span class='ocrx_word' id='word_1_1374' title='bbox 2017 2314 2122 2344; x_wconf 85' lang='lat' dir='ltr'>nostrae</span> <span class='ocrx_word' id='word_1_1375' title='bbox 2137 2313 2364 2346; x_wconf 63' lang='lat' dir='ltr'>Conturbator&amp;</span> <span class='ocrx_word' id='word_1_1376' title='bbox 2376 2316 2412 2347; x_wconf 78' lang='grc' dir='ltr'>δε</span> 
     </span>
     <span class='ocr_line' id='line_1_161' title="bbox 1342 2353 2411 2390; baseline -0.003 -3"><span class='ocrx_word' id='word_1_1377' title='bbox 1342 2359 1382 2388; x_wconf 87' lang='lat' dir='ltr'>eis</span> <span class='ocrx_word' id='word_1_1378' title='bbox 1397 2357 1582 2387; x_wconf 79' lang='lat' dir='ltr'>Adhaerentes</span> <span class='ocrx_word' id='word_1_1379' title='bbox 1597 2356 1626 2386; x_wconf 90' lang='lat' dir='ltr'>in</span> <span class='ocrx_word' id='word_1_1380' title='bbox 1641 2354 1765 2386; x_wconf 86' lang='lat' dir='ltr'>Armatis</span> <span class='ocrx_word' id='word_1_1381' title='bbox 1779 2354 1813 2385; x_wconf 76' lang='grc' dir='ltr'>δε</span> <span class='ocrx_word' id='word_1_1382' title='bbox 1827 2353 1995 2384; x_wconf 81' lang='lat' dir='ltr'>exercitibus</span> <span class='ocrx_word' id='word_1_1383' title='bbox 2004 2353 2078 2390; x_wconf 83' lang='lat' dir='ltr'>juxta</span> <span class='ocrx_word' id='word_1_1384' title='bbox 2090 2355 2186 2384; x_wconf 84' lang='lat' dir='ltr'>sanam</span> <span class='ocrx_word' id='word_1_1385' title='bbox 2195 2353 2411 2385; x_wconf 78' lang='lat' dir='ltr'>Discretionem</span> 
     </span>
     <span class='ocr_line' id='line_1_162' title="bbox 1343 2391 2411 2433; baseline -0.004 -7"><span class='ocrx_word' id='word_1_1386' title='bbox 1343 2396 1420 2427; x_wconf 87' lang='lat' dir='ltr'>suam</span> <span class='ocrx_word' id='word_1_1387' title='bbox 1435 2395 1471 2426; x_wconf 90' lang='lat' dir='ltr'>de</span> <span class='ocrx_word' id='word_1_1388' title='bbox 1485 2404 1614 2433; x_wconf 86' lang='lat' dir='ltr'>ternpore</span> <span class='ocrx_word' id='word_1_1389' title='bbox 1629 2395 1659 2424; x_wconf 92' lang='lat' dir='ltr'>in</span> <span class='ocrx_word' id='word_1_1390' title='bbox 1673 2402 1786 2430; x_wconf 87' lang='lat' dir='ltr'>tempus</span> <span class='ocrx_word' id='word_1_1391' title='bbox 1803 2393 1822 2412; x_wconf 75' lang='grc'>*</span> <span class='ocrx_word' id='word_1_1392' title='bbox 1837 2391 2072 2431; x_wconf 82' lang='lat' dir='ltr'>congregandum</span> <span class='ocrx_word' id='word_1_1393' title='bbox 2093 2391 2319 2424; x_wconf 84' lang='lat' dir='ltr'>convocandum</span> <span class='ocrx_word' id='word_1_1394' title='bbox 2336 2402 2411 2423; x_wconf 90' lang='lat' dir='ltr'>con-</span> 
     </span>
     <span class='ocr_line' id='line_1_163' title="bbox 1345 2430 2411 2470; baseline -0.004 -4"><span class='ocrx_word' id='word_1_1395' title='bbox 1345 2435 1514 2466; x_wconf 87' lang='lat' dir='ltr'>tinuandum</span> <span class='ocrx_word' id='word_1_1396' title='bbox 1533 2436 1566 2466; x_wconf 91' lang='lat'>&amp;</span> <span class='ocrx_word' id='word_1_1397' title='bbox 1584 2433 1780 2469; x_wconf 87' lang='lat' dir='ltr'>retinendum,</span> <span class='ocrx_word' id='word_1_1398' title='bbox 1797 2441 1829 2462; x_wconf 86' lang='lat' dir='ltr'>ac</span> <span class='ocrx_word' id='word_1_1399' title='bbox 1845 2441 1894 2462; x_wconf 87' lang='lat' dir='ltr'>eos</span> <span class='ocrx_word' id='word_1_1400' title='bbox 1906 2431 2082 2462; x_wconf 88' lang='lat' dir='ltr'>arraiandum</span> <span class='ocrx_word' id='word_1_1401' title='bbox 2097 2433 2130 2463; x_wconf 88' lang='lat'>&amp;</span> <span class='ocrx_word' id='word_1_1402' title='bbox 2147 2431 2306 2470; x_wconf 83' lang='lat' dir='ltr'>triandum‚</span> <span class='ocrx_word' id='word_1_1403' title='bbox 2324 2430 2411 2470; x_wconf 82' lang='lat' dir='ltr'>ipsos-</span> 
     </span>
     <span class='ocr_line' id='line_1_164' title="bbox 1343 2470 2411 2512; baseline -0.001 -9"><span class='ocrx_word' id='word_1_1404' title='bbox 1343 2484 1399 2511; x_wconf 90' lang='lat' dir='ltr'>que</span> <span class='ocrx_word' id='word_1_1405' title='bbox 1409 2475 1486 2512; x_wconf 86' lang='lat' dir='ltr'>juxta</span> <span class='ocrx_word' id='word_1_1406' title='bbox 1502 2482 1602 2503; x_wconf 89' lang='lat' dir='ltr'>eorum</span> <span class='ocrx_word' id='word_1_1407' title='bbox 1638 2472 1719 2503; x_wconf 90' lang='lat' dir='ltr'>radus</span> <span class='ocrx_word' id='word_1_1408' title='bbox 1738 2472 1771 2502; x_wconf 87' lang='lat'><strong>&amp;</strong></span> <span class='ocrx_word' id='word_1_1409' title='bbox 1791 2470 1936 2501; x_wconf 88' lang='lat' dir='ltr'>facultates</span> <span class='ocrx_word' id='word_1_1410' title='bbox 1953 2470 2027 2500; x_wconf 77' lang='lat' dir='ltr'>bene</span> <span class='ocrx_word' id='word_1_1411' title='bbox 2043 2471 2076 2501; x_wconf 89' lang='lat'>&amp;</span> <span class='ocrx_word' id='word_1_1412' title='bbox 2095 2470 2284 2502; x_wconf 85' lang='lat' dir='ltr'>defenfibilter</span> <span class='ocrx_word' id='word_1_1413' title='bbox 2309 2470 2411 2502; x_wconf 81' lang='lat' dir='ltr'>armari</span> 
     </span>
     <span class='ocr_line' id='line_1_165' title="bbox 1345 2507 2411 2554; baseline -0.005 -11"><span class='ocrx_word' id='word_1_1414' title='bbox 1345 2514 1378 2543; x_wconf 88' lang='lat'>&amp;</span> <span class='ocrx_word' id='word_1_1415' title='bbox 1396 2511 1506 2554; x_wconf 40' lang='lat' dir='ltr'>muniri.</span> <span class='ocrx_word' id='word_1_1416' title='bbox 1518 2511 1610 2541; x_wconf 86' lang='lat' dir='ltr'>facien</span> <span class='ocrx_word' id='word_1_1417' title='bbox 1646 2534 1655 2546; x_wconf 82' lang='lat'>,</span> <span class='ocrx_word' id='word_1_1418' title='bbox 1675 2511 1708 2540; x_wconf 86' lang='lat'>&amp;</span> <span class='ocrx_word' id='word_1_1419' title='bbox 1725 2508 1858 2539; x_wconf 87' lang='lat' dir='ltr'>Monstra</span> <span class='ocrx_word' id='word_1_1420' title='bbox 1872 2508 1928 2538; x_wconf 82' lang='lat' dir='ltr'>sive</span> <span class='ocrx_word' id='word_1_1421' title='bbox 1944 2507 2172 2539; x_wconf 86' lang='lat' dir='ltr'>Monstrationes</span> <span class='ocrx_word' id='word_1_1422' title='bbox 2190 2508 2360 2540; x_wconf 85' lang='lat' dir='ltr'>eorumdem</span> <span class='ocrx_word' id='word_1_1423' title='bbox 2380 2510 2411 2539; x_wconf 91' lang='lat' dir='ltr'>in</span> 
     </span>
     <span class='ocr_line' id='line_1_166' title="bbox 1345 2546 2413 2586; baseline -0.002 -8"><span class='ocrx_word' id='word_1_1424' title='bbox 1345 2550 1415 2579; x_wconf 86' lang='lat' dir='ltr'>locis</span> <span class='ocrx_word' id='word_1_1425' title='bbox 1430 2558 1519 2585; x_wconf 86' lang='lat' dir='ltr'>magis</span> <span class='ocrx_word' id='word_1_1426' title='bbox 1534 2549 1685 2586; x_wconf 82' lang='lat' dir='ltr'>congruis,</span> <span class='ocrx_word' id='word_1_1427' title='bbox 1699 2549 1780 2586; x_wconf 82' lang='lat' dir='ltr'>juxta</span> <span class='ocrx_word' id='word_1_1428' title='bbox 1796 2547 1891 2577; x_wconf 87' lang='lat' dir='ltr'>sanam</span> <span class='ocrx_word' id='word_1_1429' title='bbox 1902 2546 2117 2577; x_wconf 89' lang='lat' dir='ltr'>Discretionem</span> <span class='ocrx_word' id='word_1_1430' title='bbox 2130 2547 2224 2585; x_wconf 76' lang='lat' dir='ltr'>suam,</span> <span class='ocrx_word' id='word_1_1431' title='bbox 2243 2547 2279 2577; x_wconf 92' lang='lat' dir='ltr'>de</span> <span class='ocrx_word' id='word_1_1432' title='bbox 2296 2554 2413 2584; x_wconf 85' lang='lat' dir='ltr'>tempo-</span> 
     </span>
     <span class='ocr_line' id='line_1_167' title="bbox 1345 2584 2413 2624; baseline 0 -8"><span class='ocrx_word' id='word_1_1433' title='bbox 1345 2597 1374 2618; x_wconf 92' lang='lat' dir='ltr'>re</span> <span class='ocrx_word' id='word_1_1434' title='bbox 1392 2588 1421 2617; x_wconf 90' lang='lat' dir='ltr'>in</span> <span class='ocrx_word' id='word_1_1435' title='bbox 1441 2595 1571 2624; x_wconf 85' lang='lat' dir='ltr'>tempus,</span> <span class='ocrx_word' id='word_1_1436' title='bbox 1589 2587 1719 2624; x_wconf 87' lang='lat' dir='ltr'>capiend&#39;</span> <span class='ocrx_word' id='word_1_1437' title='bbox 1735 2586 1767 2616; x_wconf 89' lang='lat'>&amp;</span> <span class='ocrx_word' id='word_1_1438' title='bbox 1787 2584 1981 2622; x_wconf 85' lang='lat' dir='ltr'>supervidend’</span> <span class='ocrx_word' id='word_1_1439' title='bbox 2003 2595 2036 2615; x_wconf 87' lang='lat' dir='ltr'>ac</span> <span class='ocrx_word' id='word_1_1440' title='bbox 2053 2594 2153 2615; x_wconf 85' lang='lat' dir='ltr'>omnes</span> <span class='ocrx_word' id='word_1_1441' title='bbox 2171 2586 2205 2616; x_wconf 91' lang='lat'>&amp;</span> <span class='ocrx_word' id='word_1_1442' title='bbox 2222 2585 2345 2624; x_wconf 85' lang='lat' dir='ltr'>singulos</span> <span class='ocrx_word' id='word_1_1443' title='bbox 2362 2595 2413 2616; x_wconf 87' lang='lat' dir='ltr'>eos</span> 
     </span>
     <span class='ocr_line' id='line_1_168' title="bbox 1345 2622 2412 2662; baseline -0.001 -7"><span class='ocrx_word' id='word_1_1444' title='bbox 1345 2626 1382 2656; x_wconf 91' lang='lat' dir='ltr'>sic</span> <span class='ocrx_word' id='word_1_1445' title='bbox 1398 2633 1520 2655; x_wconf 89' lang='lat' dir='ltr'>armatos</span> <span class='ocrx_word' id='word_1_1446' title='bbox 1533 2626 1664 2655; x_wconf 87' lang='lat' dir='ltr'>arraiatos</span> <span class='ocrx_word' id='word_1_1447' title='bbox 1679 2625 1712 2656; x_wconf 88' lang='lat'>&amp;</span> <span class='ocrx_word' id='word_1_1448' title='bbox 1730 2624 1844 2661; x_wconf 78' lang='lat' dir='ltr'>triatos,</span> <span class='ocrx_word' id='word_1_1449' title='bbox 1860 2631 1920 2653; x_wconf 87' lang='lat' dir='ltr'>tarn</span> <span class='ocrx_word' id='word_1_1450' title='bbox 1935 2622 2077 2652; x_wconf 89' lang='lat' dir='ltr'>Homines</span> <span class='ocrx_word' id='word_1_1451' title='bbox 2089 2622 2123 2653; x_wconf 83' lang='lat' dir='ltr'>ad</span> <span class='ocrx_word' id='word_1_1452' title='bbox 2137 2622 2228 2654; x_wconf 87' lang='lat' dir='ltr'>Arma</span> <span class='ocrx_word' id='word_1_1453' title='bbox 2245 2624 2332 2662; x_wconf 73' lang='lat' dir='ltr'>quam</span> <span class='ocrx_word' id='word_1_1454' title='bbox 2342 2622 2412 2654; x_wconf 88' lang='lat' dir='ltr'>Ho-</span> 
     </span>
     <span class='ocr_line' id='line_1_169' title="bbox 1345 2661 2413 2701; baseline -0.001 -7"><span class='ocrx_word' id='word_1_1455' title='bbox 1345 2665 1435 2694; x_wconf 89' lang='lat' dir='ltr'>mines</span> <span class='ocrx_word' id='word_1_1456' title='bbox 1449 2671 1569 2694; x_wconf 88' lang='lat' dir='ltr'>armatos</span> <span class='ocrx_word' id='word_1_1457' title='bbox 1581 2665 1613 2694; x_wconf 74' lang='grc' dir='ltr'>ὅ(</span> <span class='ocrx_word' id='word_1_1458' title='bbox 1629 2663 1789 2701; x_wconf 77' lang='lat' dir='ltr'>sagittarios</span> <span class='ocrx_word' id='word_1_1459' title='bbox 1798 2683 1807 2699; x_wconf 78' lang='grc'>,</span> <span class='ocrx_word' id='word_1_1460' title='bbox 1827 2663 1912 2699; x_wconf 71' lang='lat' dir='ltr'>quam</span> <span class='ocrx_word' id='word_1_1461' title='bbox 1929 2661 1997 2691; x_wconf 87' lang='lat' dir='ltr'>alios</span> <span class='ocrx_word' id='word_1_1462' title='bbox 2008 2661 2272 2699; x_wconf 80' lang='lat' dir='ltr'>Homines&#39;equites</span> <span class='ocrx_word' id='word_1_1463' title='bbox 2285 2663 2317 2693; x_wconf 91' lang='lat'>&amp;</span> <span class='ocrx_word' id='word_1_1464' title='bbox 2332 2662 2413 2701; x_wconf 84' lang='lat' dir='ltr'>pedi·</span> 
     </span>
     <span class='ocr_line' id='line_1_170' title="bbox 1344 2699 2414 2737; baseline -0.002 -4"><span class='ocrx_word' id='word_1_1465' title='bbox 1344 2711 1385 2733; x_wconf 87' lang='lat' dir='ltr'>tes</span> <span class='ocrx_word' id='word_1_1466' title='bbox 1399 2701 1573 2733; x_wconf 83' lang='lat' dir='ltr'>defensibiles</span> <span class='ocrx_word' id='word_1_1467' title='bbox 1587 2703 1616 2732; x_wconf 91' lang='lat' dir='ltr'>in</span> <span class='ocrx_word' id='word_1_1468' title='bbox 1631 2700 1727 2731; x_wconf 87' lang='lat' dir='ltr'>armat&#39;</span> <span class='ocrx_word' id='word_1_1469' title='bbox 1744 2701 1776 2730; x_wconf 72' lang='grc' dir='ltr'>ὃ(</span> <span class='ocrx_word' id='word_1_1470' title='bbox 1788 2700 1901 2730; x_wconf 83' lang='lat' dir='ltr'>exercit&#39;</span> <span class='ocrx_word' id='word_1_1471' title='bbox 1918 2699 2045 2737; x_wconf 84' lang='lat' dir='ltr'>ponend&#39;</span> <span class='ocrx_word' id='word_1_1472' title='bbox 2061 2709 2111 2737; x_wconf 90' lang='lat' dir='ltr'>per</span> <span class='ocrx_word' id='word_1_1473' title='bbox 2126 2700 2218 2737; x_wconf 77' lang='lat' dir='ltr'>ipsum</span> <span class='ocrx_word' id='word_1_1474' title='bbox 2232 2700 2414 2732; x_wconf 86' lang='lat' dir='ltr'>convocand’</span> 
     </span>
     <span class='ocr_line' id='line_1_171' title="bbox 1344 2737 2413 2779; baseline 0 -8"><span class='ocrx_word' id='word_1_1475' title='bbox 1344 2743 1378 2774; x_wconf 91' lang='lat'>&amp;</span> <span class='ocrx_word' id='word_1_1476' title='bbox 1392 2740 1599 2779; x_wconf 68' lang='lat' dir='ltr'>congregand’‚</span> <span class='ocrx_word' id='word_1_1477' title='bbox 1614 2739 1695 2778; x_wconf 85' lang='lat' dir='ltr'>juxta</span> <span class='ocrx_word' id='word_1_1478' title='bbox 1713 2739 1804 2769; x_wconf 87' lang='lat' dir='ltr'>sanam</span> <span class='ocrx_word' id='word_1_1479' title='bbox 1822 2739 1850 2767; x_wconf 90' lang='lat' dir='ltr'>in</span> <span class='ocrx_word' id='word_1_1480' title='bbox 1870 2739 1924 2768; x_wconf 90' lang='lat' dir='ltr'>hac</span> <span class='ocrx_word' id='word_1_1481' title='bbox 1944 2747 2021 2775; x_wconf 77' lang='lat' dir='ltr'>parte</span> <span class='ocrx_word' id='word_1_1482' title='bbox 2043 2737 2252 2770; x_wconf 83' lang='lat' dir='ltr'>Discretionem</span> <span class='ocrx_word' id='word_1_1483' title='bbox 2267 2740 2363 2778; x_wconf 82' lang='lat' dir='ltr'>suam,</span> <span class='ocrx_word' id='word_1_1484' title='bbox 2381 2741 2413 2771; x_wconf 86' lang='lat' dir='ltr'>in</span> 
     </span>
     <span class='ocr_line' id='line_1_172' title="bbox 1345 2777 2414 2819; baseline -0.001 -9"><span class='ocrx_word' id='word_1_1485' title='bbox 1345 2780 1475 2819; x_wconf 83' lang='lat' dir='ltr'>Capitan&#39;</span> <span class='ocrx_word' id='word_1_1486' title='bbox 1485 2779 1517 2810; x_wconf 87' lang='lat'>&amp;</span> <span class='ocrx_word' id='word_1_1487' title='bbox 1531 2780 1549 2809; x_wconf 85' lang='lat' dir='ltr'>V</span> <span class='ocrx_word' id='word_1_1488' title='bbox 1557 2778 1718 2817; x_wconf 85' lang='lat' dir='ltr'>icecapitan&#39;</span> <span class='ocrx_word' id='word_1_1489' title='bbox 1728 2777 1849 2814; x_wconf 72' lang='lat' dir='ltr'>ponend’</span> <span class='ocrx_word' id='word_1_1490' title='bbox 1858 2777 2161 2814; x_wconf 83' lang='lat' dir='ltr'>ordinand&#39;deputarid&#39;</span> <span class='ocrx_word' id='word_1_1491' title='bbox 2169 2778 2201 2808; x_wconf 87' lang='lat'><strong>&amp;</strong></span> <span class='ocrx_word' id='word_1_1492' title='bbox 2209 2777 2414 2817; x_wconf 87' lang='lat' dir='ltr'>constituend&#39;‚</span> 
     </span>
     <span class='ocr_line' id='line_1_173' title="bbox 1344 2815 2415 2856; baseline -0.002 -6"><span class='ocrx_word' id='word_1_1493' title='bbox 1344 2820 1378 2850; x_wconf 90' lang='lat'>&amp;</span> <span class='ocrx_word' id='word_1_1494' title='bbox 1403 2819 1465 2849; x_wconf 88' lang='lat' dir='ltr'>illos</span> <span class='ocrx_word' id='word_1_1495' title='bbox 1482 2827 1584 2848; x_wconf 91' lang='lat' dir='ltr'>omnes</span> <span class='ocrx_word' id='word_1_1496' title='bbox 1603 2818 1636 2849; x_wconf 91' lang='lat'>&amp;</span> <span class='ocrx_word' id='word_1_1497' title='bbox 1654 2816 1794 2855; x_wconf 84' lang='lat' dir='ltr'>singulos,</span> <span class='ocrx_word' id='word_1_1498' title='bbox 1813 2815 2001 2853; x_wconf 85' lang='lat' dir='ltr'>cujuscunque</span> <span class='ocrx_word' id='word_1_1499' title='bbox 2023 2816 2126 2854; x_wconf 73' lang='lat' dir='ltr'>gradus</span> <span class='ocrx_word' id='word_1_1500' title='bbox 2149 2815 2271 2856; x_wconf 88' lang='lat' dir='ltr'>fuerint,</span> <span class='ocrx_word' id='word_1_1501' title='bbox 2287 2817 2415 2849; x_wconf 88' lang='lat' dir='ltr'>ducend’</span> 
     </span>
     <span class='ocr_line' id='line_1_174' title="bbox 1346 2855 2416 2895; baseline -0.002 -6"><span class='ocrx_word' id='word_1_1502' title='bbox 1346 2856 1520 2889; x_wconf 83' lang='lat' dir='ltr'>⁰ubernand&#39;</span> <span class='ocrx_word' id='word_1_1503' title='bbox 1534 2857 1567 2887; x_wconf 87' lang='lat'>&amp;</span> <span class='ocrx_word' id='word_1_1504' title='bbox 1583 2855 1708 2895; x_wconf 86' lang='lat' dir='ltr'>regend’,</span> <span class='ocrx_word' id='word_1_1505' title='bbox 1723 2855 1755 2885; x_wconf 89' lang='lat'>&amp;</span> <span class='ocrx_word' id='word_1_1506' title='bbox 1771 2863 1836 2884; x_wconf 90' lang='lat' dir='ltr'>cum</span> <span class='ocrx_word' id='word_1_1507' title='bbox 1852 2856 1890 2884; x_wconf 88' lang='lat' dir='ltr'>eis</span> <span class='ocrx_word' id='word_1_1508' title='bbox 1902 2855 1992 2885; x_wconf 88' lang='lat' dir='ltr'>versus</span> <span class='ocrx_word' id='word_1_1509' title='bbox 2008 2856 2040 2886; x_wconf 72' lang='grc' dir='ltr'>ὅ(</span> <span class='ocrx_word' id='word_1_1510' title='bbox 2054 2863 2154 2886; x_wconf 88' lang='lat' dir='ltr'>contra</span> <span class='ocrx_word' id='word_1_1511' title='bbox 2167 2865 2269 2886; x_wconf 89' lang='lat' dir='ltr'>omnes</span> <span class='ocrx_word' id='word_1_1512' title='bbox 2279 2855 2416 2888; x_wconf 79' lang='lat' dir='ltr'>Rebelles</span> 
     </span>
     <span class='ocr_line' id='line_1_175' title="bbox 1346 2881 2410 2931; baseline -0.002 -4"><span class='ocrx_word' id='word_1_1513' title='bbox 1346 2881 1511 2927; x_wconf 77' lang='lat' dir='ltr'>Proditores</span> <span class='ocrx_word' id='word_1_1514' title='bbox 1526 2896 1559 2927; x_wconf 86' lang='lat'>&amp;</span> <span class='ocrx_word' id='word_1_1515' title='bbox 1574 2893 1655 2925; x_wconf 87' lang='lat' dir='ltr'>Pacis</span> <span class='ocrx_word' id='word_1_1516' title='bbox 1669 2892 1772 2924; x_wconf 75' lang='lat' dir='ltr'>nostroe</span> <span class='ocrx_word' id='word_1_1517' title='bbox 1787 2891 2017 2931; x_wconf 71' lang='lat' dir='ltr'>perturbatores,</span> <span class='ocrx_word' id='word_1_1518' title='bbox 2032 2895 2115 2924; x_wconf 86' lang='lat' dir='ltr'>toties</span> <span class='ocrx_word' id='word_1_1519' title='bbox 2132 2896 2244 2931; x_wconf 86' lang='lat' dir='ltr'>quoties</span> <span class='ocrx_word' id='word_1_1520' title='bbox 2258 2894 2309 2925; x_wconf 88' lang='lat' dir='ltr'>sibi</span> <span class='ocrx_word' id='word_1_1521' title='bbox 2328 2896 2410 2926; x_wconf 88' lang='lat' dir='ltr'>vide-</span> 
     </span>
     <span class='ocr_line' id='line_1_176' title="bbox 1346 2930 2415 3004; baseline -0.001 -39"><span class='ocrx_word' id='word_1_1522' title='bbox 1346 2934 1579 3004; x_wconf 52' lang='grc' dir='ltr'>ὺὶωὲρκρεάἰτὶ,</span> <span class='ocrx_word' id='word_1_1523' title='bbox 1598 2932 1740 2974; x_wconf 85' lang='lat' dir='ltr'>pugnand&#39;</span> <span class='ocrx_word' id='word_1_1524' title='bbox 1755 2930 1854 2964; x_wconf 85' lang='lat' dir='ltr'>debell&#39;</span> <span class='ocrx_word' id='word_1_1525' title='bbox 1869 2933 1903 2964; x_wconf 91' lang='lat'>&amp;</span> <span class='ocrx_word' id='word_1_1526' title='bbox 1919 2941 1968 2964; x_wconf 90' lang='lat' dir='ltr'>eos</span> <span class='ocrx_word' id='word_1_1527' title='bbox 1982 2933 2092 2970; x_wconf 74' lang='lat' dir='ltr'>penitus</span> <span class='ocrx_word' id='word_1_1528' title='bbox 2109 2932 2264 2964; x_wconf 86' lang='lat' dir='ltr'>suffocand’</span> <span class='ocrx_word' id='word_1_1529' title='bbox 2277 2934 2415 2972; x_wconf 86' lang='lat' dir='ltr'>&amp;depri-</span> 
     </span>
     <span class='ocr_line' id='line_1_177' title="bbox 1345 2984 1457 3011; baseline 0 -7"><span class='ocrx_word' id='word_1_1530' title='bbox 1345 2984 1412 3004; x_wconf 89' lang='lat' dir='ltr'>mcn</span> <span class='ocrx_word' id='word_1_1531' title='bbox 1448 2997 1457 3011; x_wconf 90' lang='lat'>,</span> 
     </span>
    </p>

    <p class='ocr_par' dir='ltr' id='par_1_38' title="bbox 1348 3009 2417 3168">
     <span class='ocr_line' id='line_1_178' title="bbox 1386 3009 2412 3051; baseline -0.005 -7"><span class='ocrx_word' id='word_1_1532' title='bbox 1386 3013 1518 3045; x_wconf 89' lang='lat' dir='ltr'>Necnon</span> <span class='ocrx_word' id='word_1_1533' title='bbox 1532 3011 1733 3043; x_wconf 86' lang='lat' dir='ltr'>Ordinationes</span> <span class='ocrx_word' id='word_1_1534' title='bbox 1747 3010 1853 3042; x_wconf 84' lang='lat' dir='ltr'>Statuta</span> <span class='ocrx_word' id='word_1_1535' title='bbox 1869 3010 1902 3041; x_wconf 91' lang='lat'>&amp;</span> <span class='ocrx_word' id='word_1_1536' title='bbox 1920 3009 2178 3049; x_wconf 75' lang='lat' dir='ltr'>proclamationes,</span> <span class='ocrx_word' id='word_1_1537' title='bbox 2196 3019 2256 3043; x_wconf 77' lang='lat' dir='ltr'>tam</span> <span class='ocrx_word' id='word_1_1538' title='bbox 2269 3021 2322 3051; x_wconf 88' lang='lat' dir='ltr'>pro</span> <span class='ocrx_word' id='word_1_1539' title='bbox 2339 3012 2412 3044; x_wconf 86' lang='lat' dir='ltr'>Pro.</span> 
     </span>
     <span class='ocr_line' id='line_1_179' title="bbox 1348 3049 2415 3090; baseline -0.001 -7"><span class='ocrx_word' id='word_1_1540' title='bbox 1348 3053 1456 3083; x_wconf 77' lang='lat' dir='ltr'>visione</span> <span class='ocrx_word' id='word_1_1541' title='bbox 1474 3052 1607 3083; x_wconf 67' lang='lat' dir='ltr'>vietuail&#39;</span> <span class='ocrx_word' id='word_1_1542' title='bbox 1617 3060 1671 3090; x_wconf 89' lang='lat' dir='ltr'>pro</span> <span class='ocrx_word' id='word_1_1543' title='bbox 1687 3050 1847 3080; x_wconf 83' lang='lat' dir='ltr'>rationabili</span> <span class='ocrx_word' id='word_1_1544' title='bbox 1870 3049 1990 3088; x_wconf 81' lang='lat' dir='ltr'>Precio,</span> <span class='ocrx_word' id='word_1_1545' title='bbox 2008 3051 2096 3088; x_wconf 74' lang='lat' dir='ltr'>quam</span> <span class='ocrx_word' id='word_1_1546' title='bbox 2119 3060 2171 3088; x_wconf 89' lang='lat' dir='ltr'>pro</span> <span class='ocrx_word' id='word_1_1547' title='bbox 2194 3052 2273 3080; x_wconf 90' lang='lat' dir='ltr'>bono</span> <span class='ocrx_word' id='word_1_1548' title='bbox 2295 3051 2328 3081; x_wconf 89' lang='lat'>&amp;</span> <span class='ocrx_word' id='word_1_1549' title='bbox 2348 3051 2415 3082; x_wconf 89' lang='lat' dir='ltr'>sano</span> 
     </span>
     <span class='ocr_line' id='line_1_180' title="bbox 1349 3088 2417 3129; baseline -0.002 -7"><span class='ocrx_word' id='word_1_1550' title='bbox 1349 3092 1505 3129; x_wconf 81' lang='lat' dir='ltr'>Regimine</span> <span class='ocrx_word' id='word_1_1551' title='bbox 1521 3090 1634 3120; x_wconf 82' lang='lat' dir='ltr'>exercit’</span> <span class='ocrx_word' id='word_1_1552' title='bbox 1650 3089 1682 3120; x_wconf 71' lang='grc' dir='ltr'>ὅ(</span> <span class='ocrx_word' id='word_1_1553' title='bbox 1697 3088 1796 3119; x_wconf 83' lang='lat' dir='ltr'>armat’</span> <span class='ocrx_word' id='word_1_1554' title='bbox 1812 3088 1957 3126; x_wconf 62' lang='lat' dir='ltr'>praedidi&#39;,</span> <span class='ocrx_word' id='word_1_1555' title='bbox 1975 3098 2059 3127; x_wconf 87' lang='lat' dir='ltr'>prout</span> <span class='ocrx_word' id='word_1_1556' title='bbox 2078 3088 2129 3119; x_wconf 79' lang='lat' dir='ltr'>sibi</span> <span class='ocrx_word' id='word_1_1557' title='bbox 2146 3088 2286 3119; x_wconf 89' lang='lat' dir='ltr'>videbitur</span> <span class='ocrx_word' id='word_1_1558' title='bbox 2301 3090 2417 3127; x_wconf 82' lang='lat' dir='ltr'>expedi-</span> 
     </span>
     <span class='ocr_line' id='line_1_181' title="bbox 1353 3126 2417 3168; baseline -0.001 -8"><span class='ocrx_word' id='word_1_1559' title='bbox 1353 3141 1398 3168; x_wconf 82' lang='lat' dir='ltr'>re,</span> <span class='ocrx_word' id='word_1_1560' title='bbox 1414 3129 1556 3160; x_wconf 86' lang='lat' dir='ltr'>condend&#39;</span> <span class='ocrx_word' id='word_1_1561' title='bbox 1572 3128 1691 3160; x_wconf 87' lang='lat' dir='ltr'>faciend’</span> <span class='ocrx_word' id='word_1_1562' title='bbox 1706 3128 1738 3158; x_wconf 91' lang='lat'>&amp;</span> <span class='ocrx_word' id='word_1_1563' title='bbox 1757 3126 1910 3157; x_wconf 84' lang='lat' dir='ltr'>stabiliend&#39;</span> <span class='ocrx_word' id='word_1_1564' title='bbox 1926 3136 2013 3164; x_wconf 86' lang='lat' dir='ltr'>eaque</span> <span class='ocrx_word' id='word_1_1565' title='bbox 2028 3126 2196 3158; x_wconf 80' lang='lat' dir='ltr'>Executioni</span> <span class='ocrx_word' id='word_1_1566' title='bbox 2217 3128 2417 3168; x_wconf 82' lang='lat' dir='ltr'>demandand’,</span> 
     </span>
    </p>
   </div>
   <div class='ocr_carea' id='block_1_13' title="bbox 2393 308 2537 348">
    <p class='ocr_par' dir='ltr' id='par_1_39' title="bbox 2393 308 2537 348">
     <span class='ocr_line' id='line_1_182' title="bbox 2393 308 2537 348; baseline -0.007 -12"><span class='ocrx_word' id='word_1_1567' title='bbox 2393 318 2404 336; x_wconf 82' lang='lat'>1</span> <span class='ocrx_word' id='word_1_1568' title='bbox 2414 309 2476 348; x_wconf 71' lang='lat' dir='ltr'>Jaec.</span> <span class='ocrx_word' id='word_1_1569' title='bbox 2487 308 2537 336; x_wconf 80' lang='grc' dir='ltr'>ι.’“</span> 
     </span>
    </p>
   </div>
   <div class='ocr_carea' id='block_1_14' title="bbox 2430 2407 2543 2488">
    <p class='ocr_par' dir='ltr' id='par_1_40' title="bbox 2430 2407 2543 2488">
     <span class='ocr_line' id='line_1_183' title="bbox 2430 2407 2543 2454; baseline 0.009 -14"><span class='ocrx_word' id='word_1_1570' title='bbox 2430 2407 2543 2454; x_wconf 64' lang='lat' dir='ltr'>*xvn</span> 
     </span>
     <span class='ocr_line' id='line_1_184' title="bbox 2430 2454 2504 2488; baseline -0.027 0"><span class='ocrx_word' id='word_1_1571' title='bbox 2430 2454 2504 2488; x_wconf 60' lang='grc' dir='ltr'>ειη</span> 
     </span>
    </p>
   </div>
   <div class='ocr_carea' id='block_1_15' title="bbox 1351 3167 2439 3210">
    <p class='ocr_par' dir='ltr' id='par_1_41' title="bbox 1351 3167 2439 3210">
     <span class='ocr_line' id='line_1_185' title="bbox 1351 3167 2439 3210; baseline -0.003 -10"><span class='ocrx_word' id='word_1_1572' title='bbox 1351 3179 1383 3201; x_wconf 90' lang='lat' dir='ltr'>ac</span> <span class='ocrx_word' id='word_1_1573' title='bbox 1399 3179 1503 3199; x_wconf 85' lang='lat' dir='ltr'>omnes</span> <span class='ocrx_word' id='word_1_1574' title='bbox 1525 3169 1557 3199; x_wconf 90' lang='lat'>&amp;</span> <span class='ocrx_word' id='word_1_1575' title='bbox 1578 3167 1698 3210; x_wconf 82' lang='lat' dir='ltr'>singulos</span> <span class='ocrx_word' id='word_1_1576' title='bbox 1715 3167 1961 3196; x_wconf 80' lang='lat' dir='ltr'>contravenientes</span> <span class='ocrx_word' id='word_1_1577' title='bbox 1977 3173 2025 3196; x_wconf 91' lang='lat' dir='ltr'>aut</span> <span class='ocrx_word' id='word_1_1578' title='bbox 2042 3167 2070 3196; x_wconf 89' lang='lat' dir='ltr'>iri</span> <span class='ocrx_word' id='word_1_1579' title='bbox 2089 3175 2190 3196; x_wconf 86' lang='lat' dir='ltr'>eorum</span> <span class='ocrx_word' id='word_1_1580' title='bbox 2209 3167 2306 3205; x_wconf 88' lang='lat' dir='ltr'>aliquo</span> <span class='ocrx_word' id='word_1_1581' title='bbox 2324 3167 2416 3198; x_wconf 89' lang='lat' dir='ltr'>delin-</span> <span class='ocrx_word' id='word_1_1582' title='bbox 2436 3176 2439 3178; x_wconf 90' lang='lat'>·</span> 
     </span>
    </p>
   </div>
   <div class='ocr_carea' id='block_1_16' title="bbox 1352 3202 2425 4090">
    <p class='ocr_par' dir='ltr' id='par_1_42' title="bbox 1352 3202 2417 3395">
     <span class='ocr_line' id='line_1_186' title="bbox 1352 3202 2415 3245; baseline -0.002 -8"><span class='ocrx_word' id='word_1_1583' title='bbox 1352 3217 1472 3245; x_wconf 81' lang='lat' dir='ltr'>quentes</span> <span class='ocrx_word' id='word_1_1584' title='bbox 1508 3215 1563 3236; x_wconf 88' lang='lat' dir='ltr'>tam</span> <span class='ocrx_word' id='word_1_1585' title='bbox 1581 3216 1630 3244; x_wconf 87' lang='lat' dir='ltr'>per</span> <span class='ocrx_word' id='word_1_1586' title='bbox 1645 3205 1898 3235; x_wconf 85' lang='lat' dir='ltr'>incarcerationem</span> <span class='ocrx_word' id='word_1_1587' title='bbox 1919 3202 2088 3242; x_wconf 84' lang='lat' dir='ltr'>Corporum</span> <span class='ocrx_word' id='word_1_1588' title='bbox 2107 3204 2236 3243; x_wconf 89' lang='lat' dir='ltr'>suorum,</span> <span class='ocrx_word' id='word_1_1589' title='bbox 2257 3209 2346 3244; x_wconf 81' lang='lat' dir='ltr'>quarn</span> <span class='ocrx_word' id='word_1_1590' title='bbox 2365 3215 2415 3243; x_wconf 88' lang='lat' dir='ltr'>per</span> 
     </span>
     <span class='ocr_line' id='line_1_187' title="bbox 1353 3230 2413 3281; baseline -0.002 -6"><span class='ocrx_word' id='word_1_1591' title='bbox 1353 3247 1460 3278; x_wconf 84' lang='lat' dir='ltr'>Poenas</span> <span class='ocrx_word' id='word_1_1592' title='bbox 1476 3230 1582 3273; x_wconf 63' lang='lat' dir='ltr'>Mortis</span> <span class='ocrx_word' id='word_1_1593' title='bbox 1595 3245 1628 3275; x_wconf 91' lang='lat'>&amp;</span> <span class='ocrx_word' id='word_1_1594' title='bbox 1644 3243 1855 3273; x_wconf 81' lang='lat' dir='ltr'>Membrorum</span> <span class='ocrx_word' id='word_1_1595' title='bbox 1873 3241 2052 3281; x_wconf 83' lang='lat' dir='ltr'>amiffiones,</span> <span class='ocrx_word' id='word_1_1596' title='bbox 2068 3244 2179 3281; x_wconf 82' lang='lat' dir='ltr'>aliisque</span> <span class='ocrx_word' id='word_1_1597' title='bbox 2198 3245 2250 3274; x_wconf 87' lang='lat' dir='ltr'>viis</span> <span class='ocrx_word' id='word_1_1598' title='bbox 2268 3243 2361 3274; x_wconf 87' lang='lat' dir='ltr'>modis</span> <span class='ocrx_word' id='word_1_1599' title='bbox 2379 3247 2413 3277; x_wconf 76' lang='grc' dir='ltr'>δε</span> 
     </span>
     <span class='ocr_line' id='line_1_188' title="bbox 1353 3280 2415 3321; baseline -0.001 -7"><span class='ocrx_word' id='word_1_1600' title='bbox 1353 3284 1453 3315; x_wconf 84' lang='lat' dir='ltr'>mediis</span> <span class='ocrx_word' id='word_1_1601' title='bbox 1477 3282 1610 3313; x_wconf 67' lang='lat' dir='ltr'>conoruis</span> <span class='ocrx_word' id='word_1_1602' title='bbox 1623 3304 1633 3319; x_wconf 86' lang='lat'>,</span> <span class='ocrx_word' id='word_1_1603' title='bbox 1664 3282 1740 3319; x_wconf 86' lang='lat' dir='ltr'>juxta</span> <span class='ocrx_word' id='word_1_1604' title='bbox 1760 3290 1862 3310; x_wconf 90' lang='lat' dir='ltr'>eorum</span> <span class='ocrx_word' id='word_1_1605' title='bbox 1884 3280 2005 3319; x_wconf 80' lang='lat' dir='ltr'>Merita,</span> <span class='ocrx_word' id='word_1_1606' title='bbox 2023 3281 2218 3321; x_wconf 79' lang='lat' dir='ltr'>castigandum</span> <span class='ocrx_word' id='word_1_1607' title='bbox 2237 3282 2415 3321; x_wconf 88' lang='lat' dir='ltr'>puniendum</span> 
     </span>
     <span class='ocr_line' id='line_1_189' title="bbox 1353 3307 2417 3363; baseline 0.001 -11"><span class='ocrx_word' id='word_1_1608' title='bbox 1353 3324 1386 3354; x_wconf 88' lang='lat'>&amp;</span> <span class='ocrx_word' id='word_1_1609' title='bbox 1402 3307 1599 3363; x_wconf 64' lang='lat' dir='ltr'>corrigendum</span> <span class='ocrx_word' id='word_1_1610' title='bbox 1610 3343 1619 3356; x_wconf 88' lang='lat'>,</span> <span class='ocrx_word' id='word_1_1611' title='bbox 1632 3328 1664 3349; x_wconf 91' lang='lat' dir='ltr'>ac</span> <span class='ocrx_word' id='word_1_1612' title='bbox 1684 3319 1721 3350; x_wconf 66' lang='grc' dir='ltr'>(τε</span> <span class='ocrx_word' id='word_1_1613' title='bbox 1736 3320 1897 3350; x_wconf 79' lang='lat' dir='ltr'>incarcerat’</span> <span class='ocrx_word' id='word_1_1614' title='bbox 1907 3320 1988 3358; x_wconf 82' lang='lat' dir='ltr'>juxta</span> <span class='ocrx_word' id='word_1_1615' title='bbox 2006 3321 2100 3351; x_wconf 84' lang='lat' dir='ltr'>sanam</span> <span class='ocrx_word' id='word_1_1616' title='bbox 2118 3321 2319 3352; x_wconf 87' lang='lat' dir='ltr'>discretionem</span> <span class='ocrx_word' id='word_1_1617' title='bbox 2337 3321 2417 3353; x_wconf 85' lang='lat' dir='ltr'>suam</span> 
     </span>
     <span class='ocr_line' id='line_1_190' title="bbox 1353 3357 1721 3395; baseline -0.019 -1"><span class='ocrx_word' id='word_1_1618' title='bbox 1353 3361 1478 3394; x_wconf 87' lang='lat' dir='ltr'>solvend’</span> <span class='ocrx_word' id='word_1_1619' title='bbox 1493 3360 1525 3390; x_wconf 87' lang='lat'>&amp;</span> <span class='ocrx_word' id='word_1_1620' title='bbox 1539 3357 1721 3395; x_wconf 85' lang='lat' dir='ltr'>deliberand&#39;,</span> 
     </span>
    </p>

    <p class='ocr_par' dir='ltr' id='par_1_43' title="bbox 1355 3395 2420 3780">
     <span class='ocr_line' id='line_1_191' title="bbox 1392 3395 2416 3441; baseline 0.002 -13"><span class='ocrx_word' id='word_1_1621' title='bbox 1392 3399 1522 3431; x_wconf 86' lang='lat' dir='ltr'>Necnon</span> <span class='ocrx_word' id='word_1_1622' title='bbox 1536 3397 1716 3441; x_wconf 77' lang='lat' dir='ltr'>quascunque</span> <span class='ocrx_word' id='word_1_1623' title='bbox 1731 3395 1833 3427; x_wconf 79' lang='lat' dir='ltr'>Causas</span> <span class='ocrx_word' id='word_1_1624' title='bbox 1845 3397 2004 3427; x_wconf 81' lang='lat' dir='ltr'>criminales</span> <span class='ocrx_word' id='word_1_1625' title='bbox 2016 3408 2066 3436; x_wconf 86' lang='lat' dir='ltr'>per</span> <span class='ocrx_word' id='word_1_1626' title='bbox 2079 3398 2170 3437; x_wconf 87' lang='lat' dir='ltr'>ipsum</span> <span class='ocrx_word' id='word_1_1627' title='bbox 2182 3398 2416 3439; x_wconf 85' lang='lat' dir='ltr'>autDeputatum</span> 
     </span>
     <span class='ocr_line' id='line_1_192' title="bbox 1355 3435 2417 3474; baseline -0.001 -4"><span class='ocrx_word' id='word_1_1628' title='bbox 1355 3440 1437 3470; x_wconf 88' lang='lat' dir='ltr'>suum</span> <span class='ocrx_word' id='word_1_1629' title='bbox 1455 3436 1662 3473; x_wconf 84' lang='lat' dir='ltr'>sufficientem,</span> <span class='ocrx_word' id='word_1_1630' title='bbox 1682 3444 1742 3466; x_wconf 85' lang='lat' dir='ltr'>tam</span> <span class='ocrx_word' id='word_1_1631' title='bbox 1760 3435 1834 3466; x_wconf 75' lang='lat' dir='ltr'>Vitae</span> <span class='ocrx_word' id='word_1_1632' title='bbox 1850 3437 1937 3473; x_wconf 72' lang='lat' dir='ltr'>quam</span> <span class='ocrx_word' id='word_1_1633' title='bbox 1959 3435 2182 3474; x_wconf 86' lang='lat' dir='ltr'>Metnbrorum,</span> <span class='ocrx_word' id='word_1_1634' title='bbox 2201 3447 2234 3468; x_wconf 89' lang='lat' dir='ltr'>ac</span> <span class='ocrx_word' id='word_1_1635' title='bbox 2254 3437 2290 3468; x_wconf 90' lang='lat' dir='ltr'>de</span> <span class='ocrx_word' id='word_1_1636' title='bbox 2314 3437 2417 3470; x_wconf 89' lang='lat' dir='ltr'>Morte</span> 
     </span>
     <span class='ocr_line' id='line_1_193' title="bbox 1355 3473 2418 3514; baseline 0 -6"><span class='ocrx_word' id='word_1_1637' title='bbox 1355 3477 1494 3508; x_wconf 86' lang='lat' dir='ltr'>Hominis</span> <span class='ocrx_word' id='word_1_1638' title='bbox 1507 3476 1539 3504; x_wconf 72' lang='grc' dir='ltr'>δε</span> <span class='ocrx_word' id='word_1_1639' title='bbox 1560 3473 1746 3511; x_wconf 84' lang='lat' dir='ltr'>Mutilation’,</span> <span class='ocrx_word' id='word_1_1640' title='bbox 1764 3484 1850 3513; x_wconf 84' lang='lat' dir='ltr'>quam</span> <span class='ocrx_word' id='word_1_1641' title='bbox 1869 3474 1931 3504; x_wconf 88' lang='lat' dir='ltr'>alias</span> <span class='ocrx_word' id='word_1_1642' title='bbox 1941 3474 2033 3505; x_wconf 87' lang='lat' dir='ltr'>causas</span> <span class='ocrx_word' id='word_1_1643' title='bbox 2050 3475 2223 3506; x_wconf 65' lang='lat' dir='ltr'>ContraCius</span> <span class='ocrx_word' id='word_1_1644' title='bbox 2235 3476 2268 3506; x_wconf 91' lang='lat'>&amp;</span> <span class='ocrx_word' id='word_1_1645' title='bbox 2280 3476 2418 3514; x_wconf 86' lang='lat' dir='ltr'>Querelas</span> 
     </span>
     <span class='ocr_line' id='line_1_194' title="bbox 1357 3513 2416 3553; baseline -0.001 -8"><span class='ocrx_word' id='word_1_1646' title='bbox 1357 3516 1492 3546; x_wconf 90' lang='lat' dir='ltr'>omnium</span> <span class='ocrx_word' id='word_1_1647' title='bbox 1507 3514 1540 3544; x_wconf 89' lang='lat'>&amp;</span> <span class='ocrx_word' id='word_1_1648' title='bbox 1559 3513 1734 3551; x_wconf 82' lang='lat' dir='ltr'>singulorum</span> <span class='ocrx_word' id='word_1_1649' title='bbox 1750 3513 1785 3542; x_wconf 89' lang='lat' dir='ltr'>de</span> <span class='ocrx_word' id='word_1_1650' title='bbox 1801 3513 1926 3543; x_wconf 75' lang='lat' dir='ltr'>Exercit’</span> <span class='ocrx_word' id='word_1_1651' title='bbox 1940 3515 1973 3544; x_wconf 88' lang='lat'>&amp;</span> <span class='ocrx_word' id='word_1_1652' title='bbox 1985 3514 2095 3544; x_wconf 87' lang='lat' dir='ltr'>Armat⁷</span> <span class='ocrx_word' id='word_1_1653' title='bbox 2105 3513 2231 3550; x_wconf 67' lang='lat' dir='ltr'>praedist&#39;</span> <span class='ocrx_word' id='word_1_1654' title='bbox 2246 3513 2370 3553; x_wconf 82' lang='lat' dir='ltr'>existen’,</span> <span class='ocrx_word' id='word_1_1655' title='bbox 2382 3518 2416 3548; x_wconf 91' lang='lat'>&amp;</span> 
     </span>
     <span class='ocr_line' id='line_1_195' title="bbox 1356 3551 2415 3590; baseline 0.001 -7"><span class='ocrx_word' id='word_1_1656' title='bbox 1356 3557 1384 3585; x_wconf 90' lang='lat' dir='ltr'>in</span> <span class='ocrx_word' id='word_1_1657' title='bbox 1402 3553 1505 3584; x_wconf 88' lang='lat' dir='ltr'>eodem</span> <span class='ocrx_word' id='word_1_1658' title='bbox 1520 3551 1631 3581; x_wconf 77' lang='lat' dir='ltr'>exercit&#39;</span> <span class='ocrx_word' id='word_1_1659' title='bbox 1647 3551 1790 3590; x_wconf 87' lang='lat' dir='ltr'>emergen&#39;</span> <span class='ocrx_word' id='word_1_1660' title='bbox 1807 3553 1839 3581; x_wconf 67' lang='grc' dir='ltr'>δε</span> <span class='ocrx_word' id='word_1_1661' title='bbox 1857 3552 2033 3590; x_wconf 81' lang='lat' dir='ltr'>contingen&#39;,</span> <span class='ocrx_word' id='word_1_1662' title='bbox 2051 3552 2177 3582; x_wconf 88' lang='lat' dir='ltr'>audiend&#39;</span> <span class='ocrx_word' id='word_1_1663' title='bbox 2191 3553 2223 3581; x_wconf 87' lang='lat'>&amp;</span> <span class='ocrx_word' id='word_1_1664' title='bbox 2240 3551 2415 3584; x_wconf 85' lang='lat' dir='ltr'>finaliterde-</span> 
     </span>
     <span class='ocr_line' id='line_1_196' title="bbox 1356 3589 2415 3628; baseline -0.003 -5"><span class='ocrx_word' id='word_1_1665' title='bbox 1356 3589 1535 3627; x_wconf 77' lang='lat' dir='ltr'>terminand&#39;,</span> <span class='ocrx_word' id='word_1_1666' title='bbox 1549 3599 1581 3620; x_wconf 85' lang='lat' dir='ltr'>ac</span> <span class='ocrx_word' id='word_1_1667' title='bbox 1593 3591 1677 3620; x_wconf 88' lang='lat' dir='ltr'>etiam</span> <span class='ocrx_word' id='word_1_1668' title='bbox 1693 3590 1780 3619; x_wconf 86' lang='lat' dir='ltr'>salvos</span> <span class='ocrx_word' id='word_1_1669' title='bbox 1797 3589 1970 3620; x_wconf 65' lang='lat' dir='ltr'>conductus</span> <span class='ocrx_word' id='word_1_1670' title='bbox 1984 3590 2123 3628; x_wconf 86' lang='lat' dir='ltr'>generales</span> <span class='ocrx_word' id='word_1_1671' title='bbox 2136 3592 2169 3622; x_wconf 88' lang='lat'>&amp;</span> <span class='ocrx_word' id='word_1_1672' title='bbox 2184 3590 2329 3628; x_wconf 85' lang='lat' dir='ltr'>speciales,</span> <span class='ocrx_word' id='word_1_1673' title='bbox 2348 3594 2415 3623; x_wconf 81' lang='lat' dir='ltr'>ubi-</span> 
     </span>
     <span class='ocr_line' id='line_1_197' title="bbox 1356 3626 2420 3668; baseline 0.002 -7"><span class='ocrx_word' id='word_1_1674' title='bbox 1356 3640 1470 3668; x_wconf 89' lang='lat' dir='ltr'>cunque</span> <span class='ocrx_word' id='word_1_1675' title='bbox 1483 3630 1616 3659; x_wconf 83' lang='lat' dir='ltr'>locorum</span> <span class='ocrx_word' id='word_1_1676' title='bbox 1635 3637 1682 3665; x_wconf 87' lang='lat' dir='ltr'>per</span> <span class='ocrx_word' id='word_1_1677' title='bbox 1693 3629 1813 3659; x_wconf 86' lang='lat' dir='ltr'>Terram</span> <span class='ocrx_word' id='word_1_1678' title='bbox 1821 3651 1830 3666; x_wconf 91' lang='lat'>,</span> <span class='ocrx_word' id='word_1_1679' title='bbox 1842 3626 2067 3665; x_wconf 64' lang='lat' dir='ltr'>quibuscunque</span> <span class='ocrx_word' id='word_1_1680' title='bbox 2076 3627 2200 3657; x_wconf 90' lang='lat' dir='ltr'>Personis</span> <span class='ocrx_word' id='word_1_1681' title='bbox 2213 3637 2246 3657; x_wconf 79' lang='lat' dir='ltr'>ex</span> <span class='ocrx_word' id='word_1_1682' title='bbox 2254 3629 2340 3660; x_wconf 86' lang='lat' dir='ltr'>caufis</span> <span class='ocrx_word' id='word_1_1683' title='bbox 2347 3641 2420 3662; x_wconf 84' lang='lat' dir='ltr'>euri-</span> 
     </span>
     <span class='ocr_line' id='line_1_198' title="bbox 1357 3666 2416 3706; baseline -0.003 -5"><span class='ocrx_word' id='word_1_1684' title='bbox 1357 3671 1424 3701; x_wconf 78' lang='lat' dir='ltr'>deni</span> <span class='ocrx_word' id='word_1_1685' title='bbox 1440 3673 1568 3697; x_wconf 78' lang='lat' dir='ltr'>Comitem</span> <span class='ocrx_word' id='word_1_1686' title='bbox 1591 3666 1742 3705; x_wconf 82' lang='lat' dir='ltr'>specialiter</span> <span class='ocrx_word' id='word_1_1687' title='bbox 1764 3666 1881 3697; x_wconf 87' lang='lat' dir='ltr'>moven&#39;</span> <span class='ocrx_word' id='word_1_1688' title='bbox 1897 3675 1946 3703; x_wconf 82' lang='lat' dir='ltr'>per</span> <span class='ocrx_word' id='word_1_1689' title='bbox 1967 3666 2086 3696; x_wconf 86' lang='lat' dir='ltr'>Litteras</span> <span class='ocrx_word' id='word_1_1690' title='bbox 2105 3666 2162 3695; x_wconf 91' lang='lat' dir='ltr'>suas</span> <span class='ocrx_word' id='word_1_1691' title='bbox 2181 3666 2231 3696; x_wconf 88' lang='lat' dir='ltr'>sub</span> <span class='ocrx_word' id='word_1_1692' title='bbox 2249 3666 2349 3706; x_wconf 87' lang='lat' dir='ltr'>Sigillo</span> <span class='ocrx_word' id='word_1_1693' title='bbox 2365 3670 2416 3702; x_wconf 84' lang='lat' dir='ltr'>suo</span> 
     </span>
     <span class='ocr_line' id='line_1_199' title="bbox 1358 3704 2417 3744; baseline 0.003 -6"><span class='ocrx_word' id='word_1_1694' title='bbox 1358 3705 1542 3743; x_wconf 84' lang='lat' dir='ltr'>conficiend’,</span> <span class='ocrx_word' id='word_1_1695' title='bbox 1560 3705 1594 3735; x_wconf 87' lang='lat' dir='ltr'>de</span> <span class='ocrx_word' id='word_1_1696' title='bbox 1610 3715 1738 3744; x_wconf 88' lang='lat' dir='ltr'>ternpore</span> <span class='ocrx_word' id='word_1_1697' title='bbox 1754 3707 1783 3735; x_wconf 90' lang='lat' dir='ltr'>in</span> <span class='ocrx_word' id='word_1_1698' title='bbox 1799 3713 1927 3742; x_wconf 81' lang='lat' dir='ltr'>ternpus,</span> <span class='ocrx_word' id='word_1_1699' title='bbox 1942 3706 2050 3739; x_wconf 85' lang='lat' dir='ltr'>quoties</span> <span class='ocrx_word' id='word_1_1700' title='bbox 2061 3704 2095 3734; x_wconf 78' lang='grc' dir='ltr'>δε</span> <span class='ocrx_word' id='word_1_1701' title='bbox 2109 3704 2225 3742; x_wconf 87' lang='lat' dir='ltr'>quando</span> <span class='ocrx_word' id='word_1_1702' title='bbox 2239 3705 2288 3735; x_wconf 87' lang='lat' dir='ltr'>sibi</span> <span class='ocrx_word' id='word_1_1703' title='bbox 2304 3707 2417 3744; x_wconf 83' lang='lat' dir='ltr'>placue-</span> 
     </span>
     <span class='ocr_line' id='line_1_200' title="bbox 1357 3741 1973 3780; baseline -0.006 -5"><span class='ocrx_word' id='word_1_1704' title='bbox 1357 3749 1394 3778; x_wconf 85' lang='lat' dir='ltr'>rit</span> <span class='ocrx_word' id='word_1_1705' title='bbox 1427 3744 1586 3775; x_wconf 89' lang='lat' dir='ltr'>ermittend&#39;</span> <span class='ocrx_word' id='word_1_1706' title='bbox 1601 3744 1778 3775; x_wconf 88' lang='lat' dir='ltr'>concedend&#39;</span> <span class='ocrx_word' id='word_1_1707' title='bbox 1794 3745 1826 3775; x_wconf 89' lang='lat'>&amp;</span> <span class='ocrx_word' id='word_1_1708' title='bbox 1839 3741 1973 3780; x_wconf 81' lang='lat' dir='ltr'>donand‘‚</span> 
     </span>
    </p>

    <p class='ocr_par' dir='ltr' id='par_1_44' title="bbox 1359 3778 2420 3898">
     <span class='ocr_line' id='line_1_201' title="bbox 1428 3778 2420 3820; baseline -0.002 -7"><span class='ocrx_word' id='word_1_1709' title='bbox 1428 3792 1569 3820; x_wconf 79' lang='lat' dir='ltr'>aeteraque</span> <span class='ocrx_word' id='word_1_1710' title='bbox 1583 3782 1701 3813; x_wconf 83' lang='lat' dir='ltr'>faciend&#39;</span> <span class='ocrx_word' id='word_1_1711' title='bbox 1716 3781 1872 3820; x_wconf 72' lang='lat' dir='ltr'>exequend’</span> <span class='ocrx_word' id='word_1_1712' title='bbox 1885 3782 1917 3811; x_wconf 90' lang='lat'>&amp;</span> <span class='ocrx_word' id='word_1_1713' title='bbox 1936 3778 2134 3817; x_wconf 86' lang='lat' dir='ltr'>perimplend&#39;‚</span> <span class='ocrx_word' id='word_1_1714' title='bbox 2152 3790 2217 3819; x_wconf 59' lang='lat' dir='ltr'>quse</span> <span class='ocrx_word' id='word_1_1715' title='bbox 2235 3782 2348 3815; x_wconf 87' lang='lat' dir='ltr'>Officio</span> <span class='ocrx_word' id='word_1_1716' title='bbox 2358 3785 2420 3817; x_wconf 88' lang='lat' dir='ltr'>Lo-</span> 
     </span>
     <span class='ocr_line' id='line_1_202' title="bbox 1359 3818 2418 3861; baseline 0 -8"><span class='ocrx_word' id='word_1_1717' title='bbox 1359 3823 1549 3854; x_wconf 87' lang='lat' dir='ltr'>cumtenentis</span> <span class='ocrx_word' id='word_1_1718' title='bbox 1563 3822 1649 3851; x_wconf 86' lang='lat' dir='ltr'>nostri</span> <span class='ocrx_word' id='word_1_1719' title='bbox 1666 3823 1695 3851; x_wconf 89' lang='lat' dir='ltr'>in</span> <span class='ocrx_word' id='word_1_1720' title='bbox 1710 3822 1764 3852; x_wconf 88' lang='lat' dir='ltr'>hac</span> <span class='ocrx_word' id='word_1_1721' title='bbox 1780 3829 1857 3858; x_wconf 83' lang='lat' dir='ltr'>parte</span> <span class='ocrx_word' id='word_1_1722' title='bbox 1870 3818 1996 3856; x_wconf 68' lang='lat' dir='ltr'>spe&amp;ant</span> <span class='ocrx_word' id='word_1_1723' title='bbox 2011 3826 2057 3848; x_wconf 86' lang='lat' dir='ltr'>aut</span> <span class='ocrx_word' id='word_1_1724' title='bbox 2073 3819 2216 3856; x_wconf 89' lang='lat' dir='ltr'>pertinent</span> <span class='ocrx_word' id='word_1_1725' title='bbox 2233 3823 2277 3852; x_wconf 88' lang='lat' dir='ltr'>vel</span> <span class='ocrx_word' id='word_1_1726' title='bbox 2293 3823 2418 3861; x_wconf 63' lang='lat' dir='ltr'>spectare</span> 
     </span>
     <span class='ocr_line' id='line_1_203' title="bbox 1361 3860 1699 3898; baseline -0.009 -6"><span class='ocrx_word' id='word_1_1727' title='bbox 1361 3871 1409 3893; x_wconf 84' lang='lat' dir='ltr'>aut</span> <span class='ocrx_word' id='word_1_1728' title='bbox 1428 3861 1564 3898; x_wconf 84' lang='lat' dir='ltr'>pertinere</span> <span class='ocrx_word' id='word_1_1729' title='bbox 1578 3860 1699 3898; x_wconf 61' lang='lat' dir='ltr'>debent,</span> 
     </span>
    </p>

    <p class='ocr_par' dir='ltr' id='par_1_45' title="bbox 1361 3893 2425 4090">
     <span class='ocr_line' id='line_1_204' title="bbox 1397 3893 2419 3935; baseline 0.002 -5"><span class='ocrx_word' id='word_1_1730' title='bbox 1397 3900 1509 3930; x_wconf 87' lang='lat' dir='ltr'>Damus</span> <span class='ocrx_word' id='word_1_1731' title='bbox 1520 3899 1604 3928; x_wconf 86' lang='lat' dir='ltr'>etiam</span> <span class='ocrx_word' id='word_1_1732' title='bbox 1620 3898 1752 3928; x_wconf 74' lang='lat' dir='ltr'>universis</span> <span class='ocrx_word' id='word_1_1733' title='bbox 1768 3898 1800 3928; x_wconf 88' lang='lat'>&amp;</span> <span class='ocrx_word' id='word_1_1734' title='bbox 1816 3895 1926 3935; x_wconf 80' lang='lat' dir='ltr'>singulis</span> <span class='ocrx_word' id='word_1_1735' title='bbox 1946 3893 2103 3933; x_wconf 84' lang='lat' dir='ltr'>Capitaneis</span> <span class='ocrx_word' id='word_1_1736' title='bbox 2117 3894 2340 3934; x_wconf 80' lang='lat' dir='ltr'>Vicecapitaneis</span> <span class='ocrx_word' id='word_1_1737' title='bbox 2359 3901 2419 3931; x_wconf 92' lang='lat' dir='ltr'>Lo-</span> 
     </span>
     <span class='ocr_line' id='line_1_205' title="bbox 1361 3932 2422 3970; baseline 0.001 -1"><span class='ocrx_word' id='word_1_1738' title='bbox 1361 3938 1590 3970; x_wconf 84' lang='lat' dir='ltr'>cumtenentibus</span> <span class='ocrx_word' id='word_1_1739' title='bbox 1606 3936 1758 3966; x_wconf 46' lang='lat' dir='ltr'>Btironibus</span> <span class='ocrx_word' id='word_1_1740' title='bbox 1776 3934 1932 3965; x_wconf 66' lang='lat' dir='ltr'>Bai-onmis</span> <span class='ocrx_word' id='word_1_1741' title='bbox 1946 3932 2106 3963; x_wconf 87' lang='lat' dir='ltr'>Nobilibus</span> <span class='ocrx_word' id='word_1_1742' title='bbox 2121 3933 2299 3968; x_wconf 73' lang='lat' dir='ltr'>Hominibus</span> <span class='ocrx_word' id='word_1_1743' title='bbox 2315 3939 2348 3968; x_wconf 89' lang='lat' dir='ltr'>ad</span> <span class='ocrx_word' id='word_1_1744' title='bbox 2364 3940 2422 3970; x_wconf 87' lang='lat' dir='ltr'>Ar-</span> 
     </span>
     <span class='ocr_line' id='line_1_206' title="bbox 1361 3972 2419 4014; baseline 0 -6"><span class='ocrx_word' id='word_1_1745' title='bbox 1361 3988 1407 4008; x_wconf 88' lang='lat' dir='ltr'>ma</span> <span class='ocrx_word' id='word_1_1746' title='bbox 1424 3976 1546 4006; x_wconf 83' lang='lat' dir='ltr'>Armatis</span> <span class='ocrx_word' id='word_1_1747' title='bbox 1560 3975 1710 4013; x_wconf 77' lang='lat' dir='ltr'>Equitibus</span> <span class='ocrx_word' id='word_1_1748' title='bbox 1726 3974 1868 4004; x_wconf 84' lang='lat' dir='ltr'>Peditibus</span> <span class='ocrx_word' id='word_1_1749' title='bbox 1883 3972 2033 4009; x_wconf 77' lang='lat' dir='ltr'>sagittariis</span> <span class='ocrx_word' id='word_1_1750' title='bbox 2047 3972 2079 4001; x_wconf 68' lang='grc' dir='ltr'>ὃ(</span> <span class='ocrx_word' id='word_1_1751' title='bbox 2091 3972 2148 4002; x_wconf 88' lang='lat' dir='ltr'>aliis</span> <span class='ocrx_word' id='word_1_1752' title='bbox 2163 3975 2379 4014; x_wconf 88' lang='lat' dir='ltr'>quibuscunque</span> <span class='ocrx_word' id='word_1_1753' title='bbox 2387 3981 2419 4008; x_wconf 90' lang='lat' dir='ltr'>in</span> 
     </span>
     <span class='ocr_line' id='line_1_207' title="bbox 1362 4010 2420 4054; baseline 0.001 -9"><span class='ocrx_word' id='word_1_1754' title='bbox 1362 4013 1488 4046; x_wconf 76' lang='lat' dir='ltr'>Exercit&#39;</span> <span class='ocrx_word' id='word_1_1755' title='bbox 1502 4015 1534 4044; x_wconf 90' lang='lat'>&amp;</span> <span class='ocrx_word' id='word_1_1756' title='bbox 1551 4013 1659 4043; x_wconf 83' lang='lat' dir='ltr'>Armat’</span> <span class='ocrx_word' id='word_1_1757' title='bbox 1677 4012 1763 4043; x_wconf 72' lang='lat' dir='ltr'>nollr&#39;</span> <span class='ocrx_word' id='word_1_1758' title='bbox 1780 4011 1907 4048; x_wconf 54' lang='lat' dir='ltr'>praediit&#39;</span> <span class='ocrx_word' id='word_1_1759' title='bbox 1926 4010 2035 4046; x_wconf 79' lang='lat' dir='ltr'>retent&#39;‚</span> <span class='ocrx_word' id='word_1_1760' title='bbox 2054 4020 2086 4039; x_wconf 77' lang='lat' dir='ltr'>ac</span> <span class='ocrx_word' id='word_1_1761' title='bbox 2105 4013 2239 4043; x_wconf 80' lang='lat' dir='ltr'>omnibus</span> <span class='ocrx_word' id='word_1_1762' title='bbox 2259 4015 2292 4044; x_wconf 75' lang='grc' dir='ltr'>δε</span> <span class='ocrx_word' id='word_1_1763' title='bbox 2310 4016 2420 4054; x_wconf 83' lang='lat' dir='ltr'>lingulis</span> 
     </span>
     <span class='ocr_line' id='line_1_208' title="bbox 1361 4047 2425 4090; baseline -0.002 -5"><span class='ocrx_word' id='word_1_1764' title='bbox 1361 4055 1419 4085; x_wconf 80' lang='lat' dir='ltr'>aliis</span> <span class='ocrx_word' id='word_1_1765' title='bbox 1436 4052 1559 4084; x_wconf 79' lang='lat' dir='ltr'>Subditis</span> <span class='ocrx_word' id='word_1_1766' title='bbox 1577 4050 1678 4082; x_wconf 85' lang='lat' dir='ltr'>nostris</span> <span class='ocrx_word' id='word_1_1767' title='bbox 1694 4050 1907 4090; x_wconf 84' lang='lat' dir='ltr'>quibuscunque</span> <span class='ocrx_word' id='word_1_1768' title='bbox 1923 4049 1950 4079; x_wconf 92' lang='lat' dir='ltr'>in</span> <span class='ocrx_word' id='word_1_1769' title='bbox 1968 4047 2095 4087; x_wconf 68' lang='lat' dir='ltr'>praediet&#39;</span> <span class='ocrx_word' id='word_1_1770' title='bbox 2111 4047 2201 4081; x_wconf 84' lang='lat' dir='ltr'>Com’</span> <span class='ocrx_word' id='word_1_1771' title='bbox 2224 4051 2425 4083; x_wconf 87' lang='lat' dir='ltr'>Nortbumbr’</span> 
     </span>
    </p>
   </div>
   <div class='ocr_carea' id='block_1_17' title="bbox 2306 4089 2431 4123">
    <p class='ocr_par' dir='ltr' id='par_1_46' title="bbox 2306 4089 2431 4123">
     <span class='ocr_line' id='line_1_209' title="bbox 2306 4089 2431 4123; baseline 0.008 -1"><span class='ocrx_word' id='word_1_1772' title='bbox 2306 4089 2431 4123; x_wconf 80' lang='lat' dir='ltr'>Cumbr&#39;</span> 
     </span>
    </p>
   </div>
  </div>
 </body>
</html>
