2557 4279
81 263 157 295 Anii.
173 257 214 288 D.

102 308 184 337 ¹593·

83 348 126 377 35.
144 339 210 367 eliz.

116 382 173 414 Reg.

89 2554 199 2582 *XVL

98 2602 161 2627 ²¹7·

804 164 918 206 ET
1001 170 1266 212 ACTA

233 257 278 286 nia
300 255 384 286 inesse
405 249 673 290 deprehenderetur,
695 258 772 289 eam,
788 288 792 293 .
807 254 1024 290 quamprimum
1048 255 1193 294 Sapientia
1215 255 1260 300 sua
1277 272 1286 287 2

231 294 357 325 Consilio
380 294 413 323 δε
434 290 632 326 Auetoritate,
657 290 849 320 laborantibus
864 292 944 322 rebus
968 294 1151 333 succurrerit,
1173 304 1284 334 pericu-

231 333 289 363 lum
304 331 343 361 est
358 341 393 360 ne
411 338 510 360 contra
527 326 731 365 Oriiiodoxos,
751 327 851 358 iisdem
868 329 976 361 furiofis
997 332 1160 363 hominibus
1181 333 1285 363 autito·

229 372 319 407 ribus,
339 370 369 398 in
384 367 549 407 quibusdam
564 366 644 395 Aulis
657 376 689 396 ea
706 366 883 405 designentur
902 393 912 405 ,
948 371 982 401 ὃ(
998 372 1025 400 in
1040 371 1178 402 effeeturn
1195 370 1285 401 dedu·-

229 417 328 439 cantur
356 416 419 444 quae
436 415 495 436 non
515 404 627 441 possunt
647 414 707 434 non
726 405 878 437 redundare
896 409 924 437 in
939 408 1081 446 publicam
1097 411 1129 440 ὅτ
1146 411 1284 450 privatam

231 430 425 477 Ionominiam
444 445 478 475 ὅτ
496 443 657 473 Perniciem
675 454 685 480 3
707 453 741 473 ac
759 443 839 482 sane,
866 446 1004 482 quidnam
1023 448 1151 478 accidere
1170 447 1286 488 Pontifi<

230 470 277 515 ciis
296 480 333 518 όν
349 482 479 522 Hispanis
497 480 589 519 potest
607 482 776 519 exoptatius,
800 483 886 521 quam
905 485 993 514 oculis
1012 486 1113 515 intueri
1131 495 1180 517 eos
1199 487 1223 517 se
1243 490 1286 517 in-

230 525 327 554 vicem
345 521 486 552 conficere
505 543 514 558 ,
550 521 583 550 ἃ
610 518 747 549 intestinis
764 521 816 550 suis
841 520 970 552 Diffidiis
986 524 1128 554 obnoxios
1155 524 1287 561 reddere,

232 562 313 599 cujus
330 559 461 598 Injuriae,
489 568 563 596 quos
583 564 611 587 ut
630 558 646 586 e
667 557 764 586 medio
779 558 914 597 sublatos,
949 562 1034 591 unice
1053 565 1189 601 cupiunt,
1212 564 1248 594 ita
1267 563 1286 592 si

231 600 347 631 Animis
364 598 539 629 consentiant
557 596 589 626 δε
607 594 855 633 Studiis,ips0rum
876 596 1036 629 Conatibus
1054 601 1211 639 plurimum
1231 604 1288 634 ob-

230 638 288 670 esse
314 637 392 676 posse
417 646 476 667 non
502 637 658 674 ignorant,
694 636 789 671 itaque
812 643 944 666 extremae
963 636 1158 669 ascribendum
1180 639 1288 672 videtur

230 678 395 709 Dementiae
420 676 471 706 sibi
494 672 653 714 persuadere
669 695 678 710 ,
715 672 813 702 Rebus
839 674 869 703 in
890 673 1048 706 Palatinam
1075 679 1175 709 eversis
1191 701 1201 717 ,
1236 690 1286 711 eos

252 718 281 748 ui
344 716 363 746 si
383 716 475 745 minus
494 712 617 750 expresse
635 709 760 741 Hostem
774 711 875 748 juvant
889 734 899 750 ,
932 723 991 743 non
1010 722 1103 745 tamen
1120 726 1148 746 ut
1167 717 1288 749 decebat

228 728 259 786 iii
278 739 426 785 cammuni
447 751 536 782 Causa
554 748 690 779 obsistunt
705 773 715 788 ,
750 750 785 780 ad
803 749 1033 788 Septentrionem
1053 755 1166 785 tutiores
1194 758 1226 787 ὃ(
1245 756 1287 788 ie-

227 795 353 825 curiores
370 816 379 832 ,
415 799 461 823 aut
479 787 634 829 Pontificem
652 791 802 818 Romanum
819 812 830 826 ,
866 788 1043 827 inposterum
1061 793 1115 822 illis
1130 796 1284 833 aequiorem

225 832 321 902 forIe-lis
336 872 428 908 itaque
441 866 639 902 considerans,
657 865 849 896 existimamus
864 876 917 897 nos
938 870 1047 905 Regiam
1069 869 1188 909 vestram
1211 874 1285 901 Sere-

228 915 344 941 nitatem
386 916 485 945 praeter
507 913 607 936 caetera
629 907 675 934 lua
700 905 728 933 in
755 904 982 942 Rempublicam
998 906 1191 938 Christianam
1204 911 1286 941 toties

227 950 331 980 collata
343 931 510 982 fienefaeta,
526 944 637 982 optime
651 943 687 973 de
703 943 857 981 Religione
867 944 993 988 atheia,
1010 946 1043 976 &
1066 945 1191 984 Imperio
1207 947 1284 979 Ger-

226 989 330 1020 maniae
343 984 526 1023 promeritam
541 984 620 1020 fore,
639 981 659 1011 si
673 981 807 1019 adjuneto
823 981 874 1011 sibi
886 982 974 1013 Socio
987 987 1084 1014 Scotiae
1100 987 1168 1026 Rege
1181 988 1225 1017 vel
1235 997 1282 1026 per

226 1026 345 1056 Litteras
360 1017 405 1053 vel
420 1031 468 1061 per
484 1021 606 1058 Legatos
622 1019 757 1058 idoneos,
776 1023 879 1050 Daniae
894 1023 1012 1058 Regem;
1033 1022 1166 1061 Holsatiae
1188 1027 1282 1055 Pome-

224 1066 311 1093 ram'ae
335 1059 566 1099 Megapoli'tanos3
600 1061 727 1088 Saxoniae
747 1059 781 1088 &
802 1058 869 1088 alios
892 1061 1066 1097 Augustam-‚e
1089 1061 1282 1095 Confeffionis

225 1104 360 1139 Principes
376 1102 409 1131 ὃς
423 1099 554 1135 Ordines,
570 1096 721 1132 diligenter
736 1097 914 1127 admonuerit
931 1100 1086 1136 gravissimi
1100 1103 1234 1140 periculi,
1249 1104 1278 1133 in

224 1150 285 1178 quo
299 1148 400 1169 omnes
435 1138 483 1176 qui
499 1139 581 1174 Papae
595 1138 712 1166 Romani
725 1136 878 1174 Tyrannidi
892 1136 918 1166 se
932 1147 1112 1177 exemerunt,
1129 1140 1280 1179 versantur,

225 1180 261 1210 &
275 1180 363 1216 quam
379 1160 478 1215 pa'rum
494 1185 529 1206 ex
543 1174 693 1211 Dignitate
705 1175 738 1205 ὃς
754 1173 868 1204 Officio
889 1175 1010 1212 ipsorum
1032 1178 1129 1215 fuerit,
1148 1179 1166 1208 si
1188 1181 1280 1216 magis

224 1217 370 1254 magisque
396 1215 421 1245 se
442 1215 478 1245 ab
492 1213 669 1244 Hominibus
682 1210 892 1250 Contentiosis,
917 1215 951 1245 &
972 1215 1122 1246 Charitatis
1143 1216 1280 1249 Christia-

222 1266 269 1286 nae
288 1255 464 1292 expertibus,
485 1253 515 1282 in
535 1250 716 1282 transversum
738 1251 811 1290 agi,
843 1252 949 1291 sibique
969 1254 1119 1291 persuaderi
1142 1258 1279 1293 patiantur

222 1293 392 1334 Augustanae
406 1289 573 1330 Confeffionis
588 1288 779 1327 Integritatem
789 1290 838 1327 ,&
847 1291 994 1327 publicam
1003 1292 1128 1323 Salutem
1144 1305 1176 1324 ac
1184 1295 1277 1326 Tran-

245 1334 389 1363 uillitatem
407 1331 526 1368 positam
540 1328 597 1358 eise
611 1328 641 1357 in
654 1327 768 1358 excidio
781 1338 882 1359 eorum
891 1351 900 1367 ,
925 1331 973 1367 qui
995 1331 1070 1361 salvo
1086 1331 1216 1364 Veritatis
1230 1334 1276 1369 Iu-

223 1344 255 1402 ξε
291 1371 440 1401 fraternam
455 1367 589 1399 cumillis
604 1365 801 1396 Concordiam
818 1367 927 1405 colere,
946 1369 978 1399 ὃ(
994 1370 1132 1407 eandem,
1156 1382 1207 1409 pro
1225 1372 1276 1403 Li-

225 1395 334 1441 beitate
367 1408 471 1439 sortem
485 1415 569 1445 aequo
582 1406 679 1434 animo
695 1405 814 1441 experiri
834 1406 965 1445 mallent,
985 1408 1172 1448 intestinisque
1187 1410 1276 1441 Diffi-

223 1449 277 1479 diis
293 1433 380 1477 finem
395 1447 542 1482 imponere
556 1446 642 1481 quam
657 1444 855 1480 committere,
874 1453 922 1481 ut,
940 1447 1125 1477 acerbissimis
1138 1448 1278 1480 Hostibus

224 1486 384 1517 cervicibus
400 1483 506 1513 nostris
518 1482 643 1512 nimium
658 1481 891 1520 imminentibus,
910 1483 1019 1522 Patria,
1046 1486 1192 1526 Libertas,
1215 1487 1277 1518 Re-

223 1525 295 1562 ligio
339 1524 448 1559 Leges,
475 1519 603 1557 Praedae,
627 1519 660 1549 &
685 1519 834 1549 miserabili
857 1520 1039 1553 Carnificinae
1052 1534 1278 1565 exponerentur,

224 1564 255 1595 id
272 1547 452 1594 ut⁹Serenitas
466 1557 575 1597 vestra,
594 1557 715 1596 publicae
731 1557 903 1589 Calamitatis
918 1561 1042 1599 miserta,
1059 1573 1111 1602 pro
1126 1563 1171 1594 sua
1190 1565 1279 1602 pieta-

221 1610 249 1633 te
264 1602 355 1633 facere
368 1609 427 1630 non
440 1596 708 1635 gravetur,sibique
721 1596 877 1633 persuadeat
893 1598 956 1629 haec
973 1599 988 1628 a
1008 1609 1054 1629 me
1069 1611 1128 1630 non
1144 1604 1279 1641 proponi,

220 1640 296 1679 quasi
314 1649 375 1669 eam
391 1647 457 1668 meo
471 1634 600 1666 Consilio
614 1635 742 1672 indigere
757 1634 917 1666 existimem
927 1658 936 1675 ,
961 1640 1138 1669 Serenitatem
1160 1641 1279 1680 vestram

222 1678 399 1715 magnopere
412 1685 493 1715 rogo.
664 1711 669 1717 ,
802 1713 808 1718 ¹
949 1717 954 1722 ι
1007 1717 1011 1722 ¹
1196 1718 1201 1723 .
1261 1720 1266 1725 ·

261 1718 333 1756 Quo
350 1717 442 1746 minus
457 1722 568 1749 autem,
591 1711 671 1742 sicuti
699 1720 748 1746 par
769 1711 838 1750 fuit,
861 1715 1024 1744 Serenitatis
1046 1715 1145 1755 vestrae
1166 1718 1280 1749 Litteris

221 1757 305 1786 citius
320 1753 530 1793 responderim,
547 1751 656 1781 faetum
671 1749 713 1780 est
731 1751 831 1787 partim
845 1753 910 1791 quia
924 1752 1125 1789 Negotiorurn
1142 1756 1236 1787 caussa
1250 1768 1279 1788 a-

220 1793 367 1832 liquandiu
380 1791 477 1829 abfui,
494 1790 596 1828 partim
612 1788 691 1828 quod
706 1788 884 1820 subdubitavi
904 1791 1083 1828 praestaretne
1096 1803 1146 1831 per
1164 1803 1276 1826 certum

219 1833 386 1864 Hominem
407 1830 443 1861 de
463 1830 508 1860 his
530 1838 630 1859 coram
644 1827 735 1865 potius
750 1828 834 1865 quam
850 1828 950 1860 Literis
964 1840 1061 1870 agere,
1088 1842 1164 1863 nunc
1180 1842 1276 1865 autem

220 1869 465 1911 quemadmodum
481 1870 630 1898 Serenitati
647 1865 746 1906 vestrae
761 1867 865 1897 merito
883 1877 999 1906 magnas
1011 1879 1066 1910 ago
1080 1870 1278 1912 Gratias,quae

219 1920 270 1941 me
282 1910 317 1940 de
328 1909 439 1940 sinistris
452 1907 504 1937 illis
518 1904 693 1946 Calvinislis,
711 1915 781 1944 quos
794 1906 829 1936 ita
838 1906 920 1944 juvat
932 1909 1069 1948 appellare
1077 1909 1277 1951 Orthodoxos,

218 1958 281 1979 non
296 1947 326 1978 in
340 1957 399 1978 uno
416 1955 499 1985 atque
515 1944 618 1982 altero,
636 1951 668 1975 ut
683 1943 821 1974 haetenus
837 1945 977 1977 creditum
992 1955 1065 1986 erat,
1082 1947 1185 1987 Capite
1192 1950 1279 1981 Chri-

219 1986 318 2018 stianae
334 1986 414 2017 Fidei
427 1985 547 2025 graviter
561 1992 667 2020 errare,
685 1981 731 2012 sed
746 1983 775 2012 in
790 1983 849 2013 aliis
869 1984 1017 2017 Sexcentis
1037 1987 1125 2018 etiam
1149 1988 1221 2020 adeo
1239 1997 1281 2022 te—

221 2034 276 2056 tras
292 2025 390 2056 fovere
406 2024 582 2064 Opiniones,
601 2029 629 2051 ut
643 2021 708 2051 haec
724 2030 793 2051 cum
808 2023 948 2059 prioribus
962 2025 1060 2056 collata
1070 2049 1080 2064 ,
1090 2026 1200 2064 Jocum
1216 2030 1278 2067 quis

219 2072 304 2102 atque
318 2063 435 2094 Ludum
450 2062 507 2092 effe
521 2060 637 2098 dixerit,
654 2059 820 2090 incredibile
832 2069 927 2092 autem
942 2062 1020 2095 diciu
1035 2064 1093 2102 est,
1111 2067 1196 2105 quam
1211 2068 1279 2098 diris

219 2102 318 2142 postea
333 2101 495 2133 Maledictis
510 2099 544 2130 &
559 2097 719 2129 Calumniis
734 2098 849 2136 expositi
865 2099 968 2132 fuerint
981 2102 1165 2144 Orthodoxi,
1185 2106 1280 2145 publi-

220 2143 258 2179 ce
279 2141 313 2172 &
333 2140 482 2178 privatim,
507 2146 539 2168 ut
563 2137 579 2166 a
599 2136 679 2167 nullo
698 2136 920 2169 Execrationum
935 2148 1039 2179 genere
1063 2143 1207 2175 immunes
1222 2145 1280 2177 effi,-

220 2179 381 2217 potuerint·
404 2178 484 2209 Huic
498 2175 624 2215 Jacobo,
643 2185 712 2206 cum
726 2176 757 2206 in
772 2177 843 2207 vivis
858 2177 915 2208 effe
929 2179 1099 2223 desiiflet,in
1113 2182 1167 2213 hac
1183 2185 1282 2215 crimi-

221 2203 521 2253 nationum'Paiestra‚
549 2215 622 2252 quasi
640 2215 858 2246 succenturiavit
879 2218 1027 2249 Hel-vetius
1050 2220 1165 2258 quidam
1189 2223 1283 2254 Hube-

220 2267 269 2287 rus
303 2267 362 2296 quo
374 2256 443 2287 nihil
459 2262 584 2292 unquam
600 2251 705 2284 exstitit
718 2254 904 2286 turbulentius
915 2265 999 2296 atque
1013 2259 1244 2301 maledicendus,
1263 2263 1279 2294 a

221 2279 326 2325 Senztu
341 2294 471 2332 Bernenfi
483 2295 524 2324 ob
538 2291 652 2322 Delieta
659 2291 849 2331 Proscriptus,
867 2295 914 2334 qui
922 2296 1026 2327 Telam
1041 2298 1077 2328 ab
1092 2298 1146 2329 isto
1162 2300 1282 2332 inchoa-

222 2340 284 2364 tam
305 2334 458 2371 pertexuit,
474 2333 507 2362 &
522 2330 709 2360 Orthodoxos
726 2331 755 2360 in
776 2332 911 2362 Helvetia
932 2335 966 2366 &
985 2335 1151 2367 palatinatu
1175 2340 1282 2371 mirum

222 2372 254 2402 in
269 2372 392 2403 modum
406 2371 457 2402 suis
470 2368 733 2400 Obtre&ationibus
746 2372 917 2409 exagitavit,
940 2375 974 2405 δε
988 2374 1081 2405 Plebis
1101 2377 1210 2408 animos
1228 2378 1282 2409 fas-

221 2411 350 2449 cinavit,
375 2410 448 2441 adeo
463 2416 495 2439 ut
509 2407 672 2444 Theologis
687 2409 756 2438 meis
770 2409 816 2438 vel
831 2409 941 2449 invitis²
959 2422 1018 2450 quo
1031 2414 1057 2444 se
1072 2414 1216 2452 expediret
1237 2427 1280 2447 re-

223 2449 297 2480 &ius
304 2449 408 2480 harum
423 2446 631 2487 Qaestionum
643 2446 741 2482 ignara
750 2446 905 2487 Juventus,
923 2459 996 2481 neve
1004 2451 1155 2483 Silentium
1168 2454 1282 2486 diutur-

220 2488 285 2518 nius
300 2489 330 2518 in
345 2487 539 2525 Suspitionem
550 2485 718 2522 incurreret,
733 2484 766 2515 &
780 2484 896 2523 Scriptis
915 2488 948 2518 &
968 2489 1216 2528 Disputationibus
1229 2504 1280 2525 ex-

221 2527 412 2564 probatorum
435 2525 574 2556 Errorum
596 2523 749 2561 purgandi,
771 2524 806 2554 &
834 2524 991 2557 Veritatem
1012 2529 1031 2548 ²*
1050 2529 1206 2569 asserendi,
1230 2541 1281 2563 ne-

219 2564 326 2595 ceffitas
350 2563 480 2601 impolita
504 2562 610 2592 fuerit:
635 2560 705 2591 Nec
727 2564 798 2592 vero
813 2562 900 2606 longe
922 2565 1072 2598 abierimus
1087 2578 1121 2599 ex
1143 2569 1283 2606 adjunctis

221 2602 338 2634 Libellis
351 2603 384 2634 &
401 2600 657 2639 Disputationibus,
674 2600 690 2629 a
701 2600 790 2631 tribus
803 2610 873 2632 meis
887 2603 1049 2642 Theologis
1063 2607 1096 2637 δε
1112 2606 1280 2639 Profeffori-

219 2643 271 2672 bus
292 2652 381 2679 nuper
402 2640 501 2678 editis,
526 2647 588 2669 rem
611 2646 701 2668 totam
723 2642 861 2669 Serenitas
876 2641 969 2680 vestra
990 2644 1146 2683 intelligere
1170 2648 1279 2688 potest,

241 2681 318 2711 uibus
333 2680 430 2717 leeris,
446 2679 585 2717 speramus
599 2686 662 2707 eam
678 2686 713 2706 ex
727 2677 784 2708 hac
799 2686 876 2715 parte
889 2690 944 2711 nec
960 2681 1115 2714 Veritatem
1137 2695 1191 2715 nec
1206 2686 1278 2717 Mo-

219 2691 339 2750 destiam
354 2718 585 2753 desideraturam,
602 2725 637 2746 ex
654 2714 737 2747 altera
757 2721 828 2747 vero
850 2718 1077 2752 Amarulentiam
1101 2724 1134 2754 ὃ(
1153 2723 1183 2753 O
1205 2726 1278 2756 inio-

218 2768 292 2789 num
307 2758 481 2795 impietatem
497 2754 714 2792 detestaturam3
731 2757 790 2792 quo
812 2764 908 2787 autem
923 2758 1011 2789 hodie
1032 2761 1168 2798 ejusmodi
1206 2773 1277 2801 nge-

220 2797 337 2828 niorum
350 2794 495 2826 effiaenata
506 2792 637 2832 licentia,
655 2792 711 2830 qua
727 2803 787 2823 non
803 2794 895 2826 solum
912 2795 1040 2828 Veritatis
1053 2799 1086 2829 δε
1105 2800 1275 2839 Relligionis

221 2835 427 2872 simplicitatem
448 2834 482 2865 &
503 2832 690 2862 sinceritatem
708 2835 853 2870 corrumpi
869 2857 879 2872 ,
917 2835 963 2866 sed
986 2835 1171 2875 Reipublicae
1189 2841 1276 2872 etiam

219 2873 332 2904 Statum
357 2872 518 2904 labefa&ari
536 2893 546 2908 ‚
580 2880 614 2901 ac
636 2870 784 2900 vinculum
807 2871 1032 2912 Conjuntstionis
1050 2876 1163 2907 dissolvi
1181 2879 1277 2910 neces-

220 2912 284 2942 sum
303 2911 344 2942 est
405 2912 512 2949 majora
530 2908 618 2939 indies
635 2908 816 2940 incrementa
834 2911 918 2942 sumit
936 2935 946 2950 ,
983 2916 1065 2945 tanto
1083 2917 1278 2949 vehementius

218 2936 425 2989 deploranglum
443 2949 486 2980 est
502 2973 512 2989 ‚
547 2946 690 2986 plerosque
715 2946 863 2988 Principes
885 2950 940 2980 istis
966 2951 1147 2984 Hominibus
1168 2978 1177 2993 ,
1215 2957 1277 2994 plus

218 2997 304 3027 quam
321 2998 436 3026 aequum
451 2988 500 3025 sit,
516 2986 677 3024 indulgere,
694 2987 728 3018 &
747 2986 905 3019 deterrimis
924 2988 1085 3022 Calumniis
1104 2995 1206 3032 patulas
1227 3006 1277 3026 au-

217 3027 407 3095 ἴεεΙ-ῑίἑῗὶξῗιῗέ
422 3063 539 3101 quidem
555 3060 793 3094 Concertationes
813 3063 873 3095 istae
888 3065 1081 3107 Theologicae
1103 3071 1197 3102 verbis
1212 3081 1276 3110 age-

220 3104 339 3140 bantur,
358 3104 392 3133 &
407 3103 436 3132 in
452 3101 569 3138 Scriptis
587 3099 708 3131 desinere
724 3102 910 3140 videbantur,
930 3115 1007 3136 nunc
1022 3110 1092 3137 vero
1102 3108 1216 3140 famosis
1225 3111 1276 3142 Li-

219 3141 302 3172 bellis
316 3143 349 3173 &
363 3140 533 3170 Tribunitiis
551 3138 767 3178 Concionibus,
788 3141 871 3179 usque
892 3142 964 3173 adeo
987 3144 1157 3186 Principum
1172 3148 1274 3180 Animi

217 3180 436 3216 exacerbantur,
459 3176 654 3216 Populusque,
679 3178 754 3216 quasi
772 3178 878 3218 Furiis,
904 3183 1076 3222 exagitatur,
1097 3194 1128 3216 ut
1145 3196 1224 3217 novo
1238 3189 1273 3220 δε

218 3219 355 3249 ha&enus
368 3216 497 3248 inaudito
511 3216 651 3255 Exemplo
665 3216 775 3247 cotidie
789 3217 825 3248 de
839 3218 1031 3252 Seditionibus
1046 3223 1140 3254 Plebis
1145 3247 1155 3263 ,
1174 3224 1274 3257 Caedi-

217 3258 288 3295 bus,
306 3256 464 3293 Incendiis,
483 3254 621 3293 Rapinis,
647 3254 771 3286 AEdium
792 3260 1062 3299 expugnationibus,
1088 3262 1273 3304 Carceribus,

217 3294 475 3333 Proscriptionibus
495 3293 527 3323 &
550 3292 656 3322 Exsiliis
678 3293 880 3326 Innocentium
902 3296 1069 3330 Hominum
1093 3301 1222 3333 Nunciis
1237 3304 1272 3335 ὃς

219 3334 317 3365 Literis
330 3334 463 3364 certiores
478 3330 578 3362 fiamus
587 3353 597 3369 ,
615 3341 648 3361 ex
662 3332 693 3361 iis
708 3333 866 3364 Provinciis
878 3336 978 3373 quibus
994 3339 1160 3371 renascentis
1175 3340 1270 3372 Evan-

216 3374 287 3410 gelii
302 3372 364 3403 Lux
379 3371 451 3401 olim
466 3371 561 3408 primo
577 3369 655 3400 allata
670 3369 740 3409 fuit,
764 3382 821 3410 quo
841 3373 924 3412 igitur
941 3376 970 3406 in
987 3375 1053 3408 loco
1076 3388 1154 3410 nunc
1166 3379 1270 3411 Eccle-

216 3412 263 3442 siae
278 3411 345 3442 sint:
366 3409 515 3447 Propterea
529 3408 639 3438 silentio
657 3418 715 3438 non
730 3411 956 3446 praetereundum
976 3416 1151 3456 putavimus,
1169 3426 1199 3449 ut
1221 3422 1269 3449 Se-

215 3453 321 3480 renitas
336 3448 429 3489 vestra
443 3447 594 3514 intelli-{ag
617 3446 701 3477 rebus
711 3448 768 3485 jam
781 3450 853 3486 pene
870 3449 1034 3492 deploratis,
1059 3455 1126 3494 quid
1141 3457 1218 3487 facto
1234 3468 1268 3488 o-

216 3499 268 3527 pus
282 3489 331 3526 iit,
349 3488 434 3528 quam
448 3495 519 3516 nece
543 3486 627 3515 ariam
642 3485 796 3525 utilemque
810 3487 945 3520 Ecclesiae
959 3491 991 3522 &
1002 3491 1182 3531 Reipublicae
1197 3506 1268 3534 ope-

214 3537 275 3557 ram
316 3529 452 3556 Serenitas
463 3523 556 3565 vestra
571 3523 754 3564 superloribus
776 3525 882 3565 Annis,
907 3527 1069 3567 Relligione
1083 3534 1123 3563 ob
1136 3534 1269 3573 praejudi-

214 3566 258 3596 cia
278 3550 355 3595 Libri
370 3563 546 3594 Concordiae
562 3562 591 3591 in
611 3561 774 3606 Discrimen
793 3564 929 3604 addueia,
952 3566 1124 3602 laudabiliter
1145 3575 1268 3612 navarit,

215 3603 372 3642 gratissimis
385 3603 486 3633 animis
501 3602 692 3632 meminerunt
706 3610 872 3641 piiomnes3
888 3604 934 3634 illa
944 3606 1028 3644 igitur
1043 3610 1092 3639 nili
1105 3620 1183 3641 nunc
1192 3622 1267 3650 quo—

215 3652 270 3681 que
293 3643 345 3681 &,
366 3641 488 3679 scilicet,
516 3649 601 3677 quam
624 3640 695 3669 olim
709 3641 787 3669 Avus
804 3650 882 3671 meus
904 3645 1056 3675 Fredericus
1070 3647 1197 3689 Eled‘t'or,
1216 3651 1266 3682 de.

213 3680 282 3711 hinc
305 3680 420 3711 Patruus
442 3680 475 3710 &
496 3679 593 3708 Tutor
611 3676 739 3716 Joannes
760 3678 903 3722 Cafimirus
920 3681 1022 3714 sanetae
1041 3686 1075 3716 &
1096 3688 1265 3719 immortalis

214 3720 365 3749 memoriae
386 3720 536 3756 Principes,
561 3717 589 3746 in
604 3715 743 3747 Consessu
759 3723 842 3747 totius
859 3717 975 3759 imperii
992 3723 1213 3756 constantiffime
1230 3729 1264 3759 δε

214 3757 320 3787 fortiter
342 3756 477 3794 confessi,
503 3765 557 3786 nec
573 3764 609 3785 eo
624 3756 715 3785 minus
730 3755 802 3798 inter
825 3755 928 3787 Socios
950 3759 983 3790 ὃς
998 3760 1151 3794 Consortes
1165 3767 1265 3802 Augu-

207 3794 296 3832 stanae
313 3794 481 3834 confessionis
496 3794 587 3831 relati,
604 3793 774 3830 conscripti,
791 3793 956 3833 semperque
973 3798 1061 3830 habiti
1077 3801 1157 3839 sunt,
1175 3813 1262 3841 quam

213 3841 325 3871 quoque
339 3832 516 3863 Reformatae
532 3832 667 3863 Eccleliae
682 3833 711 3861 in
724 3830 837 3869 Galliis,
847 3834 979 3876 ‘Angliffi
998 3841 1102 3878 Scotia,
1120 3842 1261 3880 Ungaria‚

216 3869 325 3899 Polonia
338 3893 348 3908 ,
366 3871 513 3909 Bohemia,
532 3872 565 3901 &
579 3869 678 3908 passim
694 3879 744 3908 per
765 3869 936 3908 superiorem
953 3874 986 3904 &
1009 3876 1173 3908 inferiorern
1193 3882 1262 3910 Ger-

217 3911 350 3945 maniam,
368 3909 529 3939 Orthodoxi
546 3918 648 3939 omnes
662 3907 842 3947 profitentur3
865 3920 930 3952 quae
950 3912 1070 3951 denique
1092 3924 1134 3946 tot
1149 3917 1261 3948 saneto-

216 3955 281 3974 rum
299 3945 457 3986 Martyrum
468 3947 607 3985 Sanguine
620 3946 784 3978 confirmata
799 3948 832 3979 &
847 3950 993 3985 oblignata
1007 3952 1064 3991 est,
1082 3955 1112 3984 in
1124 3965 1177 3992 qua
1193 3956 1263 3986 asse-

214 3984 299 4013 renda
313 3984 345 4013 &
360 3986 478 4023 tuenda,
497 3995 533 4015 eo
548 3986 631 4023 usque
651 3985 722 4015 nihil
738 3986 837 4023 reliqui
858 3985 1020 4029 faciendum
1033 3992 1181 4032 constitui,
1207 3995 1262 4024 do-

214 4031 267 4051 nec
283 4022 454 4052 contrarium
468 4032 501 4052 ex
518 4023 706 4053 Sacrosantstae
721 4023 873 4063 Scripturae
888 4027 1012 4058 tontibus
1018 4051 1027 4066 ,
1046 4040 1105 4061 non
1117 4040 1213 4063 autem
1228 4043 1262 4064 ex

214 4059 420 4091 Traditionum
433 4060 616 4092 humanarum
631 4062 742 4100 rivulis,
761 4064 918 4095 evincetur.

1351 157 1838 224 Puss'LicA.
2326 208 2400 245 ως

1346 252 1488 299 ¹Interea,
1505 260 1595 290 nihilo
1611 264 1702 295 minus
1717 269 1792 304 mei,
1813 279 1896 305 quem
1913 273 2007 310 sepia:-
2020 276 2075 310 {vim
2092 277 2261 311 nominavi,
2287 279 2389 307 Paren-

1325 297 1380 330 tis,
1392 296 1567 339 *singularem
1584 300 1723 332 Pietatem
1739 307 1909 345 magnisve,
1926 313 1972 340 cui
1996 310 2060 343 licet
2074 314 2173 343 datum
2197 325 2258 343 non
2282 317 2383 352 fuerit,

1326 332 1405 374 recte
1420 338 1517 367 omnia
1533 338 1610 380 Fidei
1628 338 1768 380 Mysteria
1790 343 1908 382 aisequi,
1936 358 2044 380 certum
2062 360 2157 382 tamen
2180 352 2219 382 est
2238 361 2299 383 toto
2316 365 2381 385 cini

1325 376 1424 401 animo
1438 373 1612 415 abhorruisse
1625 379 1661 407 ab
1677 380 1844 419 Uliyafratis
1858 382 1961 414 Errore
1972 409 1981 422 ,
2004 390 2081 425 cujus
2101 391 2137 420 de
2156 401 2188 420 ea
2209 401 2267 420 non
2293 392 2385 422 divul-

1327 409 1419 452 ganda
1430 412 1507 448 Julsis
1522 415 1541 443 si
1559 414 1667 446 fidelius
1682 419 1727 455 qui
1743 428 1802 449 tum
1816 424 1950 457 temporis
1963 425 2101 462 suggestus
2116 430 2284 459 obtinebant
2300 433 2381 461 obse<

1327 455 1406 490 quuti
1421 449 1525 489 essent,
1545 452 1619 483 haud
1635 458 1779 496 tantopere
1795 459 1900 487 Patrue
1915 461 2008 496 postea
2019 474 2083 493 meo
2098 468 2125 494 in
2140 468 2318 506 repurgandis
2327 470 2379 499 Pi-

1325 482 1452 517 latinatus
1474 489 1623 530 Ecclesiis,
1648 493 1840 526 desudandum
1860 498 1960 537 fuisset.
2004 499 2098 531 Habe:
2120 509 2258 535 Sei-enitar
2286 508 2378 545 vesti-ti

1326 520 1442 566 Caussas
1461 527 1650 566 Querelarum
1661 554 1670 568 ,
1684 532 1804 563 Invidiae
1821 544 1903 572 atque
1919 536 1989 566 Odii
2000 560 2008 574 ,
2026 540 2093 568 milii
2112 553 2179 573 cum
2196 546 2333 575 omnibus
2348 558 2381 575 u—

1327 561 1579 607 bique-Gentium
1605 569 1786 601 Orthodoxis
1811 582 1997 611 comm-inea,
2016 576 2048 605 ἅτ
2068 578 2135 608 hinc
2160 585 2299 620 praecipue
2322 584 2353 615 fit
2373 609 2377 621 2

1326 609 1356 630 ut
1379 602 1492 640 quidam
1516 614 1596 637 tanto
1616 608 1733 639 Conatu
1758 610 1877 649 satagant
1893 613 2151 653 Adminssratorcm
2167 619 2264 651 Rebus
2282 623 2381 652 nosti-55

1326 638 1356 682 in
1370 638 1499 672 fraudem
1516 644 1687 685 Legum,&
1703 647 1923 680 Consuetudinis
1938 661 2085 689 nunquam
2102 654 2277 698 interruptae,
2288 661 2379 700 supere

1324 677 1468 710 inducere.

1363 715 1400 747 Et
1415 718 1449 749 de
1464 720 1509 751 his
1522 723 1639 762 quidem
1655 723 1715 754 satis
1731 736 1827 763 nunc,
1845 726 1881 756 ad
1896 737 1927 756 ea
1944 728 2130 767 transeamus,
2147 731 2181 761 de
2203 736 2300 770 quibus
2317 738 2381 767 insi-

1327 756 1424 787 mulati
1438 757 1633 800 sumu53atqui
1643 764 1745 801 nequid
1759 765 1787 794 in
1804 764 1927 802 pristinae
1938 765 2096 806 Religionis
2103 770 2149 798 vel
2165 771 2285 803 minimo
2295 775 2379 814 Dog-

1324 802 1399 824 mate
1413 798 1551 829 tantillum
1568 801 1598 830 in
1614 802 1766 832 Palatinam
1782 813 1850 833 meo
1865 805 2031 835 innovatum
2047 806 2088 836 est
2102 830 2111 845 ,
2150 818 2204 838 nec
2228 821 2301 841 nom
2321 814 2381 844 sen-m

1324 832 1423 863 tientes
1437 834 1664 869 Concionatoi·es
1678 841 1802 880 trivetti,
1820 850 1866 871 aut
1882 843 1911 871 in
1928 842 2140 875 Defunc'iorutn
2153 845 2217 877 loca
2232 849 2275 878 alii
2293 862 2377 888 quam

1324 870 1362 900 de
1376 870 1519 905 Doetrina
1540 878 1572 908 δε
1590 877 1724 909 Moribus
1737 881 1789 910 rite
1804 882 1952 911 examinati
1968 883 2193 921 &comprobati
2210 886 2377 920 substituam

1324 916 1385 939 tur⁴
1412 913 1479 949 quin
1494 914 1607 952 plurimi
1621 926 1656 947 ex
1670 918 1702 947 iis
1715 919 1782 957 qui,
1806 920 1980 958 gubernante
1996 924 2066 951 Ave
2088 924 2243 962 Frederz'so,
2269 926 2379 958 Sclioli's

1322 948 1356 978 &
1377 933 1512 982 iicclesiis
1524 963 1599 983 cum
1621 954 1701 986 laude
1715 957 1886 996 praefuerunt
1901 958 2036 998 restituti,
2054 961 2086 991 <Sc
2111 961 2204 992 adhuc
2228 964 2379 1001 superstites

1321 985 1402 1023 sunt,-
1423 990 1439 1018 ὲ
1456 999 1553 1020 contra
1568 1002 1637 1022 vero
1650 995 1696 1032 qui
1716 1003 1804 1025 tantas
1819 996 1908 1026 hodie
1923 996 2036 1028 Turbas
2052 1000 2080 1028 in
2096 999 2209 1031 Scholis
2229 1004 2262 1033 ὃς
2277 1003 2377 1035 Eccle-

1321 1024 1365 1054 siis
1377 1026 1463 1066 dant,
1481 1037 1646 1069 tantumque
1659 1032 1835 1064 Orthodoxis
1847 1036 2020 1067 immanibus
2034 1038 2084 1067 suis
2098 1038 2249 1070 Conviciis
2273 1042 2305 1071 &c
2322 1043 2378 1073 Ca-

1319 1062 1436 1095 lumniis
1460 1067 1581 1106 Negotii
1602 1070 1757 1109 faceffiint,
1784 1083 1841 1103 non
1863 1074 1957 1104 solum
1978 1085 2053 1105 nova
2077 1076 2260 1113 Opinionum
2289 1080 2378 1111 Mon-

1321 1101 1372 1132 stra
1387 1105 1493 1135 cotidie
1508 1110 1690 1147 excogitant,
1711 1112 1755 1140 sed
1772 1113 1859 1142 etiam
1875 1113 1986 1151 pridem
2000 1115 2015 1144 'a
2032 1114 2179 1146 Veteribus
2202 1118 2378 1151 condemna-

1321 1147 1360 1170 tas
1375 1140 1520 1182 Haereses,
1535 1147 1607 1183 quasi
1623 1157 1656 1177 ex
1674 1147 1773 1179 Inferis
1788 1160 1934 1181 revocant.

1355 1178 1394 1210 Et
1415 1191 1444 1211 ut
1466 1185 1603 1213 Serenitas
1626 1186 1718 1225 vestra
1740 1188 1842 1218 redtius
1858 1191 1992 1228 percipiat
2010 1192 2082 1222 unde
2093 1194 2152 1231 jam
2169 1193 2228 1224 istie
2247 1196 2378 1238 Lacliry‹

1317 1226 1389 1256 mae,
1409 1221 1554 1259 originem
1568 1234 1708 1254 novarum
1722 1224 1956 1258 Contentionum
1972 1232 2063 1266 paucis
2077 1232 2262 1269 perstrinearn
2273 1245 2278 1263 2
2290 1235 2372 1266 Cum

1315 1255 1501 1295 superioribus
1516 1261 1607 1291 Annis
1618 1261 1741 1299 Jacobus
1758 1264 1804 1294 ille
1820 1267 1951 1295 Andreas
1965 1269 2181 1306 praesentisceret
2195 1265 2378 1313 Principibus

1315 1293 1429 1332 Imperii
1451 1297 1577 1336 fraudes,
1599 1301 1700 1337 quibus
1723 1311 1770 1331 eos
1793 1303 2004 1344 Subscriptione
2028 1308 2108 1337 Libri
2132 1309 2308 1342 Concordiae
2324 1315 2380 1343 cir-

1310 1342 1511 1374 cumvenerat,
1528 1338 1665 1377 deretias,
1683 1341 1716 1371 &
1732 1341 1768 1370 ab
1782 1341 1957 1381 Ubiquitatis
1977 1344 2013 1374 M
2030 1346 2128 1376 onstro
2144 1347 2268 1379 Larvam
2293 1351 2382 1382 detra—⁶

1312 1372 1387 1402 (stam
1397 1396 1406 1411 ,
1423 1384 1459 1404 ne
1472 1375 1685 1413 ignominiolius
1700 1377 1814 1409 Catinae
1829 1381 2015 1419 cecidilse,in
2040 1383 2241 1417 Controverlia
2256 1388 2291 1418 de
2300 1389 2376 1420 Coe-

1315 1420 1350 1441 na
1365 1410 1502 1451 Domini,
1521 1415 1553 1445 &
1571 1415 1690 1446 Persona
1704 1417 1812 1447 Christi
1829 1420 1915 1449 videri
1935 1420 2026 1457 polset
2041 1423 2143 1453 statum
2164 1424 2376 1459 controversiae

1314 1451 1514 1482 invertendum
1535 1455 1659 1493 putavit,
1683 1456 1716 1487 ὅς
1734 1466 1821 1486 novas
1838 1457 1916 1488 Lites
1937 1458 2116 1489 Orthodoxis
2138 1462 2174 1492 de
2188 1463 2375 1498 Praeiestma-

1314 1490 1408 1527 tione,
1428 1489 1593 1527 Baptismate
1604 1515 1613 1530 ,
1628 1501 1710 1531 atque
1727 1494 1786 1524 aliis
1803 1496 1937 1526 Articulis
1949 1506 2066 1528 movere
2079 1508 2160 1536 atque
2176 1501 2262 1532 serere
2276 1507 2371 1542 cepit,

1316 1527 1389 1558 Hoc
1401 1550 1411 1565 ,
1426 1536 1559 1566 tanquam
1577 1541 1688 1568 reperto
1703 1532 1845 1563 Palmario
1861 1533 1963 1572 fretus,
1975 1537 2004 1564 in
2018 1536 2177 1574 Colloquio
2194 1540 2241 1569 illo
2254 1542 2375 1574 infausto

1314 1565 1513 1604 Mompelgnrdi
1527 1577 1594 1598 curn
1611 1572 1705 1607 Beza,
1723 1572 1756 1602 &
1771 1572 1829 1602 aliis
1845 1573 2039 1611 Genevenfium
2054 1575 2086 1605 &
2103 1578 2254 1607 Bernatum
2269 1580 2379 1611 Theolo-

1312 1608 1353 1641 gis
1367 1605 1485 1644 habito,
1503 1606 1520 1625 ⁴¹²
1540 1607 1601 1636 illas
1613 1608 1795 1646 Quaestiories
1808 1611 1933 1649 objecit,
1962 1614 1995 1643 <Sc
2011 1612 2110 1643 eadem
2127 1615 2215 1651 opera
2232 1619 2378 1651 verisimile

1315 1643 1407 1673 facere
1423 1652 1557 1682 conatuS,
1575 1645 1776 1682 suspicionibus
1790 1657 1847 1678 tarn
1861 1658 1989 1680 amanter
2002 1651 2215 1683 admonendam
2229 1655 2307 1686 duxit
2317 1680 2325 1694 ,
2339 1661 2372 1690 ὃς

1318 1682 1397 1711 sicuti
1410 1681 1454 1711 illa
1470 1692 1524 1711 una
1539 1683 1676 1714 intellexit
1691 1688 1884 1723 conquerendi
1895 1688 1948 1725 ,de
1963 1698 2010 1718 me
2022 1689 2129 1720 nullam
2141 1691 2247 1729 justam
2269 1696 2302 1725 ὃς
2316 1697 2376 1728 ido-

1318 1729 1403 1750 neam
1419 1719 1569 1757 Cauffam,
1588 1723 1658 1752 mihi
1674 1732 1765 1753 autem
1784 1726 1875 1761 plures
1887 1727 1961 1757 else:

1356 1758 1397 1788 Ita
1410 1758 1426 1787 a
1441 1761 1592 1788 Serenitate
1608 1760 1701 1800 vestra
1714 1764 1822 1793 obnixe
1842 1773 1924 1802 pet0,
1944 1773 1977 1795 ut
1989 1776 2025 1796 ne
2042 1766 2216 1804 inposterum
2230 1769 2296 1809 huju
2306 1773 2381 1805 smo-

1317 1797 1346 1827 di
1362 1797 1579 1836 Querimoniis,
1604 1800 1655 1828 niti
1673 1808 1720 1829 me
1734 1801 1808 1839 prius
1819 1802 1932 1841 auditu,
1957 1803 2043 1833 fidem
2062 1805 2192 1837 adhibeat
2199 1819 2209 1846 ,-
2237 1808 2292 1839 Sed
2319 1812 2376 1844 hoc

1315 1836 1352 1867 de
1367 1845 1414 1866 rne
1427 1835 1605 1872 exploratum
1630 1837 1746 1876 habeat,
1772 1838 1922 1871 Charitatis
1941 1840 2111 1873 Christianae
2133 1855 2294 1878 memorem
2318 1861 2381 1889 me,

1316 1876 1349 1907 &
1368 1873 1403 1904 ad
1422 1873 1634 1913 redimendam,
1665 1886 1802 1915 quantum
1818 1879 1846 1908 in
1865 1889 1912 1909 me
1930 1878 1970 1909 cst
1985 1903 1994 1918 ,
2031 1882 2112 1912 toties
2131 1884 2311 1917 defideratam
2330 1900 2383 1927 pu-

1319 1913 1427 1944 blicam
1448 1911 1646 1944 Concordiam
1661 1937 1671 1952 ,
1707 1914 1827 1953 Injurias
1852 1919 1973 1955 privatas
1991 1919 2158 1952 condonare
2176 1923 2284 1963 semper
2301 1936 2381 1963 para-

1317 1960 1380 1984 tum
1395 1951 1467 1982 fore.

1358 1989 1448 2021 Hisce
1462 1993 1552 2021 Deum
1569 1994 1706 2030 Optimum
1721 1996 1880 2024 Maximum
1896 2004 2062 2035 precamur,
2084 2006 2113 2029 ut
2130 2000 2242 2036 Regiam
2260 2002 2381 2042 vestram

1319 2032 1503 2060 Serenitatem
1519 2031 1605 2070 quarn
1617 2031 1771 2062 diutissime
1784 2033 1888 2065 salvam
1902 2036 1936 2067 &
1949 2036 2126 2067 incolumem
2141 2039 2295 2071 conservet.

1356 2106 1444 2139 Datae
1456 2106 1647 2147 Heydelbergae
1663 2110 1707 2140 18.
1724 2110 1844 2150 Augusti
1858 2111 1947 2143 Anno
1970 2112 2094 2145 Domini
2113 2124 2200 2157 1593.

1355 2185 1525 2222 Fredericus,
1542 2188 1597 2215 Dei
1611 2186 1734 2226 Gratid,
1752 2191 1841 2219 Comes
1858 2188 2007 2220 Palatinus
2015 2192 2103 2222 Rheni

2112 2192 2183 2231 [bari
2197 2196 2312 2235 Romani
2318 2201 2377 2236 Im}

1317 2227 1389 2264 pem-4·
1406 2223 1607 2263 Archidapiflar
1622 2224 1660 2261 ό·
1676 2226 1788 2257 ΕΙεέῖον
1804 2231 1874 2258 Dux
1891 2231 2036 2261 Bavariae.

1752 2308 1842 2344 Regiae
1865 2306 1963 2346 vistrae
1985 2310 2145 2339 Serenitatis

1507 2379 1718 2419 Confinguineus
1727 2380 1918 2421 studiofiffimus
1935 2382 1974 2418 ᾤ’
1987 2383 2254 2428 obftrvantiſjt'mu5;

1739 2462 1950 2495 Fitmmucus
1967 2463 2135 2497 ELEcToR
2153 2469 2366 2503 Pana-rmus:

1462 2601 1568 2633 Litera
1592 2612 1612 2632 a
1634 2599 1780 2648 Rodolpho
1805 2604 1991 2650 Imperatore
2015 2603 2060 2636 ad
2081 2608 2240 2653 Reginam.

1386 2683 1521 2723 Udolphus
1539 2686 1688 2725 Secundus,
1715 2686 1812 2718 divina
1829 2687 1940 2720 favente
1952 2712 1961 2727 ,
1975 2690 2036 2720 &c-
2070 2690 2257 2723 Sereniffimae
2273 2693 2380 2725 Domi-

1320 2686 1384 2753 R
1404 2733 1450 2753 nae
1476 2723 1651 2754 Elizabethae
1668 2748 1677 2762 ,
1706 2724 1766 2760 &a
1805 2726 1931 2758 Salutem
1955 2737 2024 2758 cum
2058 2732 2152 2761 omnis
2185 2732 2254 2761 boni
2283 2734 2375 2764 incre—

1320 2768 1432 2791 mento.

1353 2799 1519 2838 Sereniffima
1535 2799 1660 2838 Princeps
1674 2803 1752 2830 Soror
1768 2801 1806 2838 ὠ,
1823 2802 2026 2842 Confi'znguinea
2039 2804 2217 2846 Charifflma,

1353 2837 1528 2877 Accepimus
1551 2839 1655 2869 Literas
1675 2840 1838 2872 Serenitatis
1861 2842 1960 2873 vestrae
1987 2843 2125 2873 undecima
2147 2846 2248 2885 Mensis
2268 2849 2376 2886 Aprilis

1316 2874 1393 2906 datas
1403 2898 1413 2914 ,
1429 2887 1494 2915 quae
1509 2877 1679 2916 respondent
1694 2878 1728 2908 ad
1745 2888 1791 2909 eas
1805 2890 1871 2919 quas
1883 2881 2003 2911 antehac
2013 2904 2021 2917 ,
2044 2892 2098 2919 pro
2117 2884 2261 2913 Edwardo
2282 2888 2315 2916 &
2336 2891 2377 2917 ο-

1317 2915 1449 2944 &laviano
1468 2919 1591 2953 Faggeris
1614 2916 1753 2947 Fratribus
1774 2917 1927 2949 Baronibus
1948 2921 1975 2948 in
1996 2920 2170 2958 Lirechberg
2189 2924 2222 2953 ὃς
2242 2923 2372 2955 Wissen-

1317 2952 1408 2991 horn,
1423 2955 1455 2984 &
1469 2964 1519 2993 pro
1533 2954 1649 2983 Matheo
1668 2955 1756 2984 Paulo
1778 2958 1812 2988 Sc
1835 2960 1933 2986 Marco
1955 2957 2067 2997 W'effirs
2085 2958 2203 2989 Pirrin'i's
2226 2961 2368 2999 Augusti-

1317 2993 1360 3021 nis
1376 3014 1385 3029 ,
1404 2992 1615 3031 scripseramus,
1633 3003 1756 3031 quorum
1786 2994 1902 3025 Merces
1932 2995 2125 3035 Aromaticas,
2147 2997 2228 3029 Navi
2258 3001 2380 3038 quadam

1317 3029 1480 3068 Hispanica
1505 3040 1648 3070 portatas,
1684 3036 1846 3069 Serenitati}
1870 3033 1966 3074 vestra?
1992 3034 2092 3065 Naves
2118 3036 2228 3067 bellicae
2251 3039 2377 3078 diripue-

1317 3076 1378 3099 rant
1396 3081 1406 3108 ;
1440 3069 1489 3100 etii
1503 3078 1598 3100 autem
1614 3071 1644 3099 in
1667 3070 1769 3101 Literis
1787 3072 1839 3101 illis
1864 3075 1981 3103 rationes
2007 3073 2162 3104 adferantur
2179 3077 2261 3106 variae
2279 3100 2288 3114 ,
2326 3089 2377 3110 cur

1318 3106 1434 3139 Merces
1458 3117 1502 3138 eas
1530 3109 1651 3139 minime
1675 3109 1856 3141 restituendas
1881 3114 2042 3141 Serenitatis
2065 3113 2162 3153 vestrae
2187 3115 2375 3147 existimatio-

1316 3155 1353 3176 ne
1370 3168 1380 3182 ‚
1416 3147 1451 3178 &
1468 3146 1544 3176 nulla
1557 3154 1651 3178 tamen
1671 3158 1705 3177 ex
1730 3149 1762 3178 iis
1779 3172 1790 3187 ,
1828 3157 1860 3179 ut
1884 3150 1968 3180 nobis
1993 3149 2108 3189 quidem
2130 3151 2240 3183 videtur
2254 3176 2280 3197 ,.
2300 3165 2374 3192 pon-

1314 3183 1389 3215 deris
1402 3183 1460 3215 satis
1478 3185 1563 3216 habet
1581 3196 1644 3224 quae
1667 3185 1814 3218 Mercium
1836 3187 1947 3218 illarum
1968 3188 2174 3220 Detentionem
2195 3191 2252 3221 eise
2268 3193 2375 3229 justam

1314 3222 1463 3254 defendat:

1353 3261 1445 3301 Qiod
1469 3263 1549 3293 enim
1567 3261 1709 3301 asseritur,
1727 3265 1913 3303 'nequaquam
1926 3268 2102 3303 Fuggerorum
2119 3276 2165 3297 aut
2180 3267 2354 3306 Weffirorum

1312 3299 1359 3331 sed
1374 3304 1452 3338 Regis
1468 3301 1606 3339 Hispaniae
1624 3301 1743 3333 Navem
1757 3302 1908 3333 abdqum
1918 3303 1973 3334 effe
1979 3315 1988 3340 ,-
2009 3305 2176 3341 respondent
2192 3306 2250 3344 illi,
2268 3318 2329 3339 non
2344 3294 2373 3340 [ᾗ

1312 3339 1348 3369 de
1365 3338 1463 3378 Navi,
1479 3339 1524 3369 sed
1540 3339 1575 3369 de
1591 3338 1739 3371 Mercibus
1754 3342 1864 3372 tantum
1874 3364 1882 3380 ,
1903 3351 2003 3380 quatita
2020 3352 2116 3373 earum
2131 3343 2198 3373 Pars
2212 3344 2258 3375 sua
2271 3346 2319 3385 sit,
2340 3358 2371 3379 a-

1311 3378 1402 3409 vectis
1422 3387 1456 3408 ac
1479 3377 1596 3408 detectis
1609 3379 1687 3418 queri
1702 3390 1712 3417 3
1739 3379 1758 3409 si
1780 3379 1892 3410 Bellum
1908 3380 2040 3419 allegatur
2055 3381 2131 3418 quod
2146 3383 2222 3426 inter·
2232 3383 2371 3418 Serenita-

1312 3424 1371 3447 tem
1388 3415 1588 3456 Hispaniarum
1602 3419 1697 3456 Regem
1711 3419 1744 3449 &
1759 3420 1938 3448 Serenitatem
1954 3419 2071 3459 vestram
2087 3421 2370 3460 intercedit,nullarn

1310 3455 1361 3492 ipsi
1383 3455 1509 3493 Culpam
1532 3456 1638 3486 habent
1652 3457 1699 3494 qui
1716 3456 1806 3495 nihil,
1818 3465 1918 3488 contra
1934 3456 2069 3487 Edictum
2091 3461 2251 3501 Serenitatis
2271 3463 2369 3503 vestre

1309 3494 1398 3524 Anno
1412 3494 1608 3531 oetuagesimo
1620 3505 1698 3525 nono
1714 3496 2028 3538 promulgatum,cujus
2043 3504 2153 3539 mentio
2166 3496 2195 3528 fit
2204 3521 2213 3536 ,
2222 3503 2367 3533 commisii

1309 3540 1406 3570 erant,
1429 3533 1476 3571 qui
1493 3542 1584 3570 neque
1598 3532 1705 3571 Arma,
1724 3543 1815 3573 neque
1840 3533 1955 3564 Merces
1972 3534 2037 3575 alias
2053 3542 2168 3574 vetitas,
2189 3546 2225 3567 ex
2241 3538 2364 3570 Amico-

1309 3581 1375 3601 rum
1391 3570 1562 3601 Ditionibus
1575 3579 1622 3601 aut
1638 3570 1745 3610 Regnis
1760 3572 1789 3602 in
1806 3571 1970 3609 Hispanias,
1995 3571 2039 3602 led
2054 3581 2088 3602 ex
2110 3576 2195 3604 Indiis
2213 3575 2306 3610 solum
2322 3580 2365 3610 A-

1307 3611 1438 3649 romans,
1450 3611 1529 3648 juxta
1544 3609 1738 3640 Contraehim
1755 3611 1848 3640 multo
1863 3620 1926 3640 ante
1936 3632 1945 3647 ,
1960 3609 2050 3654 Anno
2062 3633 2071 3647 ,
2087 3612 2361 3655 videlicet,06tua-

1308 3649 1420 3685 gesimo
1436 3649 1553 3686 quinto,
1568 3657 1635 3677 cum
1650 3647 1732 3685 Rege
1744 3649 1844 3678 initum
1862 3651 2087 3691 transportatam,
2104 3660 2183 3689 cujus
2196 3654 2225 3682 in
2237 3655 2362 3692 potesta-

1307 3694 1337 3717 te
1359 3687 1460 3717 deinde
1485 3687 1517 3717 &
1538 3686 1654 3716 illorum
1678 3686 1802 3716 Ministri
1824 3687 1855 3717 δε
1871 3686 2006 3730 Pecuniae
2015 3690 2134 3727 tuerint,
2154 3692 2188 3722 &
2204 3691 2362 3725 Serenitatis

1306 3724 1388 3762 ipsius
1403 3723 1597 3755 contratrum
1612 3727 1786 3762 renuntiare,
1804 3725 1910 3754 etiamsi
1933 3727 2058 3755 maxime
2077 3728 2243 3767 voluissent,
2263 3734 2361 3770 nequia

1305 3764 1410 3794 verint:
1432 3764 1503 3794 cum
1517 3764 1599 3801 igitur
1613 3762 1692 3793 suum
1710 3771 1854 3800 repetunt,
1873 3772 1932 3792 non
1948 3763 2063 3801 quidem
2083 3765 2134 3796 illo
2155 3769 2275 3799 obtentu
2294 3781 2358 3801 eam

1305 3812 1371 3840 quae
1383 3801 1576 3839 Hispanorum
1591 3801 1621 3831 sit
1633 3824 1642 3838 ,
1661 3801 1704 3831 sed
1716 3801 1790 3831 suam
1807 3801 1920 3831 tantum
1937 3801 2087 3845 Meretniae
2101 3815 2209 3843 partem
2219 3817 2355 3847 repetant,

1304 3849 1389 3871 Quam
1402 3841 1479 3870 suam
1493 3838 1548 3870 esse
1564 3841 1634 3868 veris
1649 3840 1766 3877 probare
1781 3838 1962 3870 documentis
1978 3841 2090 3877 polluit.

1314 3872 1323 3879 ⁴
1341 3879 1409 3917 Qia
1431 3880 1460 3908 in
1488 3888 1534 3915 re,
1553 3885 1583 3906 ut
1604 3887 1712 3915 tequam
1730 3877 1755 3907 se
1777 3887 1810 3907 ac
1833 3878 2003 3908 benevolam
2022 3882 2160 3911 serenitas
2178 3883 2270 3922 vestra
2287 3894 2352 3924 erga

1308 3920 1438 3954 Fuggeros
1460 3926 1493 3946 ac
1518 3913 1644 3952 Wffiros
1668 3915 1730 3944 illos
1753 3916 1890 3953 praebeat,
1917 3927 2006 3955 neque
2020 3926 2129 3949 tantum
2148 3921 2201 3951 illis
2214 3922 2352 3953 damnum

1303 3956 1363 3985 dari
1374 3964 1510 3994 quantum
1526 3954 1574 3982 istst
1591 3952 1740 3982 Mercium
1753 3954 1917 3984 detentione
1931 3954 2038 3986 daretur
2053 3960 2210 3994 permittat:
2233 3961 2295 3991 ideo
2305 3971 2353 3990 ve-

1305 3994 1464 4023 hementius
1478 3991 1533 4028 qua
1548 3990 1683 4029 poffimus
1841 3993 1916 4030 quod
1932 3994 1995 4023 aliis
2015 4004 2047 4024 ea
2068 3996 2119 4025 illis
2132 3997 2270 4034 denegare
2286 3999 2359 4028 Sub-

1304 4031 1371 4062 sidia
1386 4041 1443 4060 non
1458 4028 1687 4066 poliemus,quae
1700 4029 1774 4067 apud
1790 4029 1904 4067 Imperii
1920 4031 2041 4062 Ordines
2054 4034 2115 4070 ipsis
2126 4036 2269 4073 impetrata
2282 4036 2358 4066 imni

1307 4069 1436 4100 difficilia
1452 4068 1563 4097 forent:
1582 4066 1626 4097 sed
1641 4068 1722 4105 plane
1739 4068 1909 4100 confidimus
1923 4073 2099 4101 Serenitatem
2115 4074 2250 4110 vestram,
2265 4084 2364 4111 quem-

1770 4106 1811 4145 Q
1823 4115 1837 4144 3
2316 4113 2365 4142 ad„

2412 279 2487 310 fini-i,
2503 286 2545 316 DI

2432 329 2514 357 1392>

2409 368 2451 394 Ξῖ,
2471 362 2524 387 [21²4
2536 383 2540 387 .

2421 1644 2533 1674 *XVL

2431 1684 2494 1711 218.

2400 2710 2464 2742 sibl.
2472 2716 2537 2741 Cat:

2399 2759 2450 2778 ton.
2469 2756 2533 2778 Nem

2400 2793 2431 2817 Β.
2447 2799 2472 2824 9.
2482 2790 2534 2827 sol.

2402 2830 2462 2857 160.
