2557 4279
275 194 330 233 40

741 165 1541 216 CONVENTIONES,

1603 159 1993 209 LITERAE‚

127 267 206 299 ἈΠΠ·
219 265 260 296 D·
274 273 341 304 inde
365 265 528 302 confodis,
546 262 582 293 ad
598 260 803 300 inquirendum
823 268 872 298 per
890 258 1110 289 Sacramentum
1127 257 1283 294 proborum
1302 255 1336 286 &
1374 255 1461 289 Gorge
1475 275 1485 289 ,
1510 252 1658 281 Henricum
1688 256 1804 281 Carewe
1819 247 2033 288 ,'Willielmum
2057 245 2199 287 Constable
2212 268 2221 284 ,
2245 243 2437 286 christetes-um
2447 241 2521 273 Arm.
2536 242 2557 274 1:

151 310 238 338 1602.
275 312 408 351 1egalium
426 305 594 337 Hominum
611 300 648 331 de
667 300 818 331 Comitatu
832 297 1050 342 'Middlesexicffi
1076 306 1108 326 ac
1125 296 1184 326 aliis
1194 296 1251 338 'viis
1269 303 1336 337 mo-

128 355 167 380 44
182 348 250 374 eliz..
277 351 319 380 dis
337 352 368 381 &
388 345 486 377 mediis
505 342 606 379 quibus
625 339 724 370 melius
740 338 871 369 sciverint
889 344 934 366 aut
953 342 1093 375 poterint,
1116 335 1174 364 tam
1192 331 1266 363 infra
1286 332 1338 362 Li-

129 389 178 422 ch
182 407 189 413 .

121 1702 140 1721 ⁹
153 1704 233 1731 TVI.

119 1750 184 1780 453.

278 390 396 419 bertates
411 385 498 421 qu‘am
515 388 610 416 eastra,
639 387 688 416 per
707 386 778 416 quos
794 376 834 406 rei
851 376 950 405 veritas
966 373 1066 404 melius
1084 373 1145 403 sciri
1164 373 1283 410 poterit,
1303 370 1338 400 de

275 424 447 465 quibuscum
469 417 722 449 ueProditionibus
749 413 973 452 Misprisionibus
982 409 1340 447 Proditionum‚1nsui·re-

279 431 691 498 ctionibus‚cl³ebellionibus,
716 437 948 484 Controfaeruris
968 449 1105 481 Tonsuris
1132 448 1248 491 Loturis
1262 446 1343 491 'falsis

280 498 526 533 Fabricationibus
539 496 572 526 &
586 494 645 525 aliis
661 493 684 523 F
686 490 912 523 alsificationibus
924 489 1056 519 Monetae
1072 488 1167 524 Regni
1181 485 1268 516 nostri
1278 486 1341 515 An-

277 541 361 579 glite,
387 539 420 569 ὃς
444 536 566 566 aliorum
584 532 632 563 Re
652 540 756 562 norum
775 530 831 559 {ive
854 529 1064 569 Dominiorum
1078 532 1343 569 quorumcumque,

280 589 314 609 ac
334 577 370 608 de
389 575 612 614 quibuscumque
678 569 785 601 urduris
804 567 928 598 Feloniis
944 562 1344 607 Homimdiis'lntetfeffiom-

279 618 335 646 bus
354 614 534 653 BurgulariiS,
552 610 692 648 Raptibus
714 606 893 642 Mulierum,
908 603 1189 646 Congregationibus
1209 603 1243 644 ᾃ
1259 599 1343 643 Cori-

281 650 431 684 venticulis
463 651 567 682 illicitis
582 674 592 686 ,
619 647 785 678 Verborum
810 642 1034 677 Proiacombus,
1065 636 1343 683 Coadunmmmbus,

284 691 525 729 hiisprifionibus,
549 683 873 719 confoederationibus,
895 679 964 710 falsis
985 678 1163 722 Allegantus,
1177 676 1345 720 Transgres-

281 732 427 768 sionibus,
442 727 553 765 Riotis‚
576 725 698 760 Routis‚
723 720 965 755 Retentionibus,
988 716 1128 761 Escapiis,
1153 714 1344 758 Contempti-

281 770 334 800 bus
380 767 568 802 Falsitatibus,
596 762 803 802 Negligentiis,
827 757 1078 799 Concelarnentis,
1097 753 1342 798 Manurenemns,

281 793 537 846 oppressionibus,
555 800 773 839 Cambipariiis,
790 794 1035 834 Deceptionibus,
1053 794 1087 825 δι
1103 793 1160 837 aliis
1177 791 1345 823 Malefacstis

281 846 408 877 Offensis
428 847 461 877 &
476 843 583 881 injuriis
596 840 834 879 quibuscumque,
851 842 966 876 necnon
983 831 1147 862 Acceffarus
1160 830 1344 869 eorumdem,

279 885 543 916 infraComitatum
553 877 743 918 praedistum,
761 884 819 905 tam
835 873 905 916 infra
916 871 1076 915 Libertates
1091 871 1178 914 quam
1194 878 1267 912 extra
1277 878 1342 907 ‚per

281 924 476 962 quoscumque
495 922 528 952 &
547 917 788 956 qualitercumque
801 912 904 942 habitis
920 909 1001 940 factis
1015 917 1176 946 perpetratis
1189 910 1246 938 live
1260 917 1343 938 corn-

282 961 371 992 miffis
405 962 438 992 ὃς
457 969 504 990 ner
527 966 598 996 quos
611 955 656 985 vel
675 963 723 991 per
739 961 844 990 quem,
858 950 907 993 ‚cui
923 947 1106 991 vel'quibus,
1124 947 1239 991 quando
1254 946 1344 990 quali-

281 1009 323 1031 ter
340 986 552 1037 &'quoriiodo,
570 1004 602 1024 ac
619 992 654 1022 de
669 993 727 1022 aliis
743 988 876 1020 Articulis
891 987 924 1018 &
940 984 1170 1017 Circumstantiis
1178 983 1344 1016 Praemiffo-

283 1049 350 1069 rum
377 1039 409 1070 &
430 1045 532 1067 eorum
550 1031 695 1071 quolibet,
714 1029 758 1060 vel
778 1028 857 1059 aliter
876 1025 1119 1064 qualitercumque
1142 1025 1344 1055 concernenti-

278 1078 332 1108 bus
369 1075 477 1114 plenius
491 1072 653 1106 veritatem,
670 1069 702 1099 &
722 1068 757 1097 ad
774 1066 882 1097 easdem
900 1063 1080 1094 Proditiones
1094 1063 1127 1094 &
1142 1063 1192 1094 alia
1210 1063 1342 1093 Praemis-

277 1116 304 1147 sa
319 1100 491 1145 ai'idiendum
504 1113 537 1142 ὅ(
552 1106 783 1140 Terminandum
796 1103 953 1135 secundum
970 1102 1082 1142 Legem
1100 1102 1133 1132 &
1148 1101 1343 1132 Consuetudi-

281 1164 351 1184 nem
375 1152 466 1190 Regni
488 1147 576 1179 nostri
597 1146 728 1186 Angliae,
754 1153 843 1181 nuper
865 1141 1032 1178 assignatis,
1056 1150 1105 1179 per
1128 1140 1343 1183 Sacramentum

279 1194 434 1231 proborum
457 1190 490 1219 &
514 1186 644 1224 legalium
659 1184 827 1216 Hominum
850 1181 886 1212 de
904 1179 1054 1211 Comitatu
1069 1178 1165 1210 Midd.
1189 1178 1344 1217 praedicto,

276 1232 365 1261 extitit
381 1227 592 1268 praesentatum,

322 1268 429 1306 Qiod,
911 1298 915 1302 ι

316 1306 430 1335 carolus
448 1306 547 1342 Percy,
565 1310 654 1340 nuper
667 1298 702 1330 de
719 1297 856 1329 London.
870 1295 958 1328 Miles

307 1344 454 1383 Josſslinus
472 1344 571 1380 Percy,
588 1348 677 1378 nuper
691 1338 727 1368 de
744 1336 880 1367 London.
896 1319 1033 1379 praedicsta
1058 1333 1165 1370 Miles,
1317 1372 1321 1377 ·

310 1381 496 1412 Ferdinandus
513 1383 619 1417 Gorge,
639 1386 729 1416 nuper
748 1375 785 1406 de
803 1374 961 1414 Plymouth
980 1384 1009 1404 in
1026 1371 1117 1403 Corn.
1135 1371 1254 1403 Devon.
1275 1368 1338 1402 Mi-

272 1421 311 1451 les
322 1444 329 1457 ,

309 1461 442 1489 Henricus
459 1460 588 1493 Carewe,
606 1463 695 1494 nuper
714 1452 749 1483 de
770 1451 907 1482 London.
928 1448 1059 1492 ρωεάἰᾶὶ.7
1078 1447 1164 1491 Miles

311 1499 352 1527 W
353 1496 476 1527 illielmus
493 1493 651 1534 Constable,
669 1502 760 1529 nuper
771 1491 806 1522 de
823 1489 958 1520 London.
975 1487 1102 1530 praedicfif.
1118 1470 1226 1524 Miles,

276 1534 509 1604 hchraestopherus
533 1533 664 1572 Heydon,
683 1540 770 1567 nuper
796 1529 832 1559 de
854 1525 1067 1563 Baconsthorpe
1081 1535 1111 1555 iu
1126 1524 1214 1555 Corn.
1235 1524 1339 1556 Norff.

299 1585 303 1592 ,
354 1583 365 1603 3
940 1576 946 1582 .

303 1574 454 1651 IJIJloehiinnes
483 1610 610 1649 Heyden,
635 1616 724 1646 nuper
746 1605 782 1636 de
807 1602 1023 1641 Baconsthorpe
1046 1601 1174 1641 praedict.
1197 1602 1228 1631 in
1247 1600 1337 1632 Corn.

271 1650 374 1682 Norff.
397 1650 484 1680 Miles

307 1691 325 1710 '¹‘
345 1672 505 1721 Ea'mundus'
516 1685 682 1721 Baineham,
701 1691 790 1720 nuper
801 1681 836 1711 de
852 1679 987 1711 London.
1005 1679 1132 1715 praediet.
1149 1677 1252 1716 Miles,

305 1722 450 1767 Johannes
463 1724 604 1761 Litleton,
621 1732 709 1759 nuper
724 1721 759 1751 de
773 1720 796 1751 F
798 1720 928 1758 ranckley
945 1720 974 1748 in
988 1718 1078 1749 Com.
1093 1717 1228 1757 Wigorn.
1244 1718 1294 1748 Ar.

308 1765 470 1796 Willielmus
485 1762 606 1800 Temple,
624 1770 710 1800 nuper
724 1761 760 1790 de
778 1759 914 1789 London.
932 1757 1081 1795 Armiger,

306 1804 418 1835 Elizeus
431 1802 533 1840 Jones,
553 1809 641 1838 nuper
656 1801 691 1830 de
710 1798 845 1829 London.
866 1796 994 1834 praediet.
1012 1794 1192 1832 Generosus,

305 1842 464 1872 Edwardus
482 1839 651 1876 Whitlocke,
668 1847 756 1877 nuper
773 1836 808 1865 de
826 1836 964 1865 London.
979 1834 1107 1872 praediet.
1122 1833 1301 1872 Generosis,

302 1884 429 1918 Georgius
444 1878 555 1914 Orrell,
571 1887 660 1917 nuper
674 1876 709 1907 de
728 1875 853 1907 London
882 1872 1207 1915 praedidbGenerosus,

304 1919 463 1949 Edwardus
479 1915 606 1956 Bufhell,
626 1925 715 1953 nuper
731 1914 766 1944 de
782 1912 918 1943 London.
934 1912 1062 1950 praedic‘t.
1078 1911 1256 1949 Generosus,

303 1957 414 1987 Carolus
430 1955 516 1993 Ogle,
535 1965 623 1992 nuper
638 1954 673 1984 de
689 1952 823 1984 London.
842 1951 971 1988 praediet.
988 1950 1170 1984 Generosos,

304 1998 404 2025 Petrus
420 1993 590 2030 Edmondes,
609 2002 697 2030 nuper
712 1991 747 2021 de
764 1990 899 2021 London.
916 1988 1045 2027 praedift.
1061 1987 1241 2029 Generosus,

303 2034 448 2102 {ohannes
465 2035 507 2063 W
507 2032 599 2070 right,
618 2041 706 2070 nuper
721 2030 757 2061 de
772 2028 908 2060 London.
924 2027 1051 2065 praediCt.
1069 2026 1248 2064 Generoius,

332 2083 340 2103 t

299 2095 475 2150 Chr’iflofirus
496 2107 621 2146 W'right,
638 2117 727 2144 nuper
743 2105 777 2136 de
792 2105 928 2135 London.
944 2104 1071 2143 praedict.
1090 2102 1269 2140 Generosus,

303 2149 348 2179 Ac
373 2150 433 2180 alix
459 2147 590 2178 Personae
617 2148 647 2177 in
677 2145 777 2177 eadem
805 2143 990 2182 Inquisitione
1015 2143 1199 2174 mentionatae
1214 2154 1225 2179 3
1249 2141 1331 2172 simul

265 2198 338 2219 curri

297 2226 415 2256 Rohmo
433 2228 533 2255 Comite
547 2222 638 2263 Efflx.
656 2231 745 2262 nuper
760 2221 795 2252 de
811 2219 947 2259 Chartley
963 2221 990 2250 in
1011 2219 1102 2250 Com.
1117 2218 1198 2249 Staff.

299 2267 400 2301 Rogero
423 2267 526 2292 Comite
543 2261 719 2298 Rutlandiae,
736 2269 827 2299 nuper
841 2259 877 2290 de
892 2259 1030 2291 Parochia
1048 2258 1147 2289 saneti
1163 2257 1286 2288 Martini
1303 2258 1330 2287 in

261 2302 381 2340 Campis
393 2304 422 2333 in
439 2301 529 2331 Com.
549 2299 645 2330 Midd.

304 2344 421 2371 anrsco
436 2343 535 2371 Comite
548 2338 748 2377 Southampton.
763 2345 852 2376 nuper
866 2335 904 2366 de
917 2335 1078 2366 Titchfeild
1093 2336 1122 2366 in
1137 2334 1228 2366 Com.
1243 2334 1329 2367 Sout-

264 2381 411 2447 hajrinpton.

327 2428 338 2447 t

299 2442 446 2485 willielmo
460 2458 574 2485 Domino
588 2453 689 2492 Sandys
698 2476 708 2492 ,
717 2461 807 2491 nuper
822 2451 857 2482 de
872 2450 1034 2484 Sherborne
1049 2450 1197 2489 Cowdrey
1213 2452 1242 2481 in
1258 2459 1331 2490 prae-

259 2495 341 2524 dicto
358 2493 448 2523 Com.
463 2493 675 2529 Southampton
687 2513 697 2529 ,

297 2532 335 2562 Et
349 2531 559 2571 quampluribus
571 2532 629 2561 aliis
645 2530 823 2560 Hominibus
835 2531 944 2559 armatis
955 2526 1126 2558 Rebellibus
1140 2527 1173 2556 ὃς
1189 2527 1325 2557 Prodito-

260 2571 337 2600 ribus
359 2571 396 2600 eis
418 2571 570 2608 agvregatis
591 2570 624 2600 &
640 2567 825 2604 affembladS,
843 2577 875 2597 ut
888 2566 946 2596 falsi
964 2564 1128 2594 Proditores
1141 2573 1242 2595 contra
1258 2565 1328 2595 Nos

261 2610 420 2646 supremam
444 2594 605 2638 ssominam
628 2606 723 2642 suam,
740 2605 875 2636 timorem
898 2603 955 2634 Dei
979 2604 1009 2632 in
1032 2602 1179 2633 Cordibus
1199 2602 1251 2632 suis
1267 2613 1327 2633 non

263 2647 415 2684 habentes,
431 2657 485 2677 nec
508 2645 616 2676 debitas
640 2644 798 2681 Legiantias
812 2644 869 2673 suas
883 2641 1090 2680 ponderantes,
1107 2641 1151 2672 sed
1171 2640 1327 2679 instigatio-

260 2696 299 2716 ne
320 2685 463 2715 diabolicii
486 2684 608 2720 seduffl,
627 2682 783 2713 cordialem
808 2681 1005 2712 Dilectionem
1031 2679 1064 2709 &
1087 2689 1182 2710 veram
1199 2680 1232 2710 ἃ
1248 2680 1328 2710 debi-

260 2732 319 2754 tam
337 2723 558 2760 obedientiam,
575 2731 642 2760 quas
658 2721 716 2750 veri
733 2722 765 2752 &
782 2719 875 2751 fideles
891 2718 1003 2749 Subditi
1019 2717 1106 2748 nostri
1120 2726 1184 2757 erga
1199 2717 1266 2747 Nos
1279 2726 1329 2757 ge-

261 2772 356 2793 rerent
370 2763 403 2792 ὃς
417 2761 452 2791 de
468 2763 529 2799 jure
544 2770 638 2798 gerere
653 2768 800 2796 tenentur,
822 2758 932 2796 penitus
950 2756 1108 2788 subtrahere
1123 2757 1215 2787 delere
1227 2757 1260 2787 ὅ(
1278 2766 1329 2786 ex-

262 2802 391 2839 tinguere
414 2801 606 2837 intendentes,
632 2798 739 2828 octavo
760 2798 806 2826 die
830 2797 991 2832 Februarii,
1014 2796 1103 2824 Anno
1127 2794 1221 2833 Regni
1243 2794 1329 2826 nostri

260 2839 474 2878 quadragesimo
495 2839 579 2868 tertio
598 2859 607 2875 ,
632 2836 706 2873 apud
732 2834 869 2866 Domum
893 2833 1103 2864 Minfionalem
1126 2833 1195 2864 dieti
1217 2834 1329 2863 Roberti

261 2882 372 2907 Comitis
391 2876 484 2917 Effix.
507 2876 657 2914 vulgariter
682 2882 878 2913 nuncupatum
898 2871 982 2912 Effix
1006 2871 1096 2911 Heus}
1111 2894 1120 2910 ,
1149 2872 1218 2902 iufra
1242 2871 1328 2901 Paro-

261 2917 356 2947 chiam
380 2915 477 2945 Saudii
501 2914 662 2945 Clementis
688 2912 838 2943 Dacorum
861 2913 890 2942 in
915 2912 1066 2941 komitatu
1091 2909 1184 2940 Midd.
1199 2910 1325 2946 praediet-

260 2954 332 2984 falso
358 2954 504 2984 maliciose
528 2953 560 2983 &
585 2951 740 2990 proditorie
762 2951 1012 2987 conspiraverunt,
1030 2950 1172 2987 imaginati
1198 2948 1326 2986 fuerunt,

260 2993 462 3023 circumierunt
478 2992 510 3022 &
526 2990 775 3028 compaffiverunt
790 2988 914 3025 Nos,su
936 2997 1044 3018 remam
1060 2987 1223 3017 Dominam
1238 2987 1325 3025 suam,

260 3041 320 3061 non
341 3031 431 3060 solum
455 3030 490 3060 de
512 3030 594 3068 regali
613 3030 690 3059 Statu
711 3028 816 3057 Titulo
836 2997 978 3057 Poteliate
1003 3027 1037 3057 &
1061 3025 1215 3064 Regimine
1228 3025 1325 3063 Regni

260 3069 349 3099 nostri
372 3068 483 3106 Angliae
506 3069 616 3103 penitus
636 3066 780 3104 deprivare
794 3066 935 3104 deponere
949 3065 1069 3102 dejicere
1084 3064 1117 3093 &
1131 3063 1324 3101 exhaeredare,

260 3117 360 3137 verum
383 3109 467 3137 etiam
486 3105 555 3136 Nos
569 3105 603 3135 ad
614 3104 745 3134 Mortem
760 3104 792 3133 &
808 3104 920 3133 finalem
934 3102 1171 3132 Destruciionem
1187 3103 1324 3133 adducere

261 3148 295 3177 &
318 3154 439 3183 ponere,
457 3153 490 3174 ac
503 3143 681 3175 Seditionem
697 3144 726 3172 in
743 3141 823 3172 dieto
838 3141 944 3179 Regno
958 3140 1004 3171 An
1025 3141 1068 3170 liae
1086 3140 1214 3170 suscitare
1231 3141 1324 3171 levare

262 3185 297 3214 &
313 3186 421 3222 facere,
436 3192 468 3213 ac
483 3180 703 3220 etiamstragem
719 3179 902 3210 miserabilem
917 3181 987 3209 inter
1020 3178 1134 3209 ubditos
1149 3178 1259 3208 nostros
1275 3189 1323 3217 per

261 3231 357 3253 totum
380 3221 516 3259 Regnum
540 3220 652 3257 Angliae
672 3228 803 3256 generare
823 3219 856 3249 ὃς
868 3218 995 3255 causare,
1011 3227 1044 3248 ac
1063 3215 1277 3247 insurreetiones
1291 3219 1324 3248 δε

263 3260 447 3292 Rebelliones
462 3259 553 3290 versus
569 3258 655 3295 Nos,
668 3257 827 3296 supremam
839 3257 871 3286 δι’.
887 3257 1045 3286 naturalem
1058 3254 1222 3285 Dominam
1237 3256 1326 3293 suam,

262 3308 414 3336 procurare
437 3299 470 3329 &
491 3297 635 3334 suscitare,
650 3306 682 3326 ac
708 3294 847 3325 Guerram
870 3295 1015 3331 publicam
1039 3295 1070 3324 &
1090 3294 1240 3323 acerimam
1252 3295 1325 3325 infra

262 3338 322 3368 hoc
344 3338 482 3376 Regnum
503 3335 615 3374 Angliae
638 3342 737 3365 contra
751 3332 821 3363 Nos
836 3332 980 3369 suscitare,
999 3333 1088 3362 levare
1108 3332 1139 3362 &
1156 3332 1273 3370 habere,
1292 3342 1326 3363 ac

263 3376 514 3406 Gubernationem
527 3373 652 3411 ejusdem
669 3372 780 3409 Regni,
798 3373 831 3403 δε
843 3371 978 3401 sinceram
994 3370 1051 3400 Dei
1075 3369 1262 3406 Religionem
1272 3393 1281 3407 ‚
1296 3372 1326 3401 in

264 3414 366 3443 eodem
388 3412 498 3451 Regno
520 3411 632 3449 Angliae
652 3411 729 3441 rec'te
754 3410 787 3440 &
807 3411 852 3446 pie
868 3408 1034 3446 stabilitam,
1053 3417 1106 3446 pro
1126 3409 1273 3439 voluntate
1294 3411 1327 3440 &

267 3451 352 3480 libitis
365 3451 433 3490 suis,
448 3459 558 3482 mutare
573 3451 606 3482 &
619 3450 750 3485 alterare,
770 3457 884 3478 necnon
900 3447 1011 3477 Statum
1026 3448 1110 3477 totius
1131 3445 1327 3485 Reipublicae,

269 3498 320 3525 per
344 3490 479 3520 universas
499 3490 556 3528 ejus
572 3497 660 3526 partes
677 3488 749 3517 bene
763 3486 921 3516 institutum
938 3487 970 3516 &
994 3485 1157 3515 ordinatum
1173 3508 1182 3519 ,
1207 3486 1328 3516 totaliter

271 3526 430 3557 subvertere
451 3528 484 3558 &
507 3526 669 3563 destruere,
684 3526 717 3556 &
738 3526 772 3554 ad
794 3525 838 3554 illa
864 3523 1032 3561 nequissima
1052 3525 1086 3555 ὅ(
1108 3522 1329 3560 nephandiffirna

268 3563 454 3602 proditorias,
471 3564 705 3602 imaginationes,
724 3562 984 3600 Compassationes’,
1002 3561 1192 3598 mentiones,
1211 3562 1244 3591 &
1258 3561 1330 3592 Pro-

271 3602 359 3642 posita
379 3602 421 3631 sua
436 3603 567 3639 praedicta
584 3602 776 3641 perimplenda
791 3602 824 3632 &
841 3600 1024 3638 perficienda,
1041 3600 1135 3639 postea
1149 3599 1229 3629 diCto
1250 3600 1329 3630 osta-

271 3650 312 3670 νο
328 3639 383 3670 Die
399 3640 540 3671 Februarii
556 3641 643 3671 Anno
658 3640 817 3679 supradic‘io
837 3639 993 3678 proditorie
1012 3638 1212 3674 intendebant,
1226 3638 1260 3667 ad
1281 3649 1328 3668 ac-

274 3677 435 3709 cedendum
448 3679 481 3709 ad
497 3679 586 3710 AEdes
602 3679 721 3717 Regales
735 3677 843 3708 nostras
861 3686 974 3708 vocatas
995 3676 1041 3706 the
1062 3679 1103 3707 W
1104 3674 1222 3706 hitehall
1239 3678 1268 3706 in
1286 3678 1329 3707 di-

273 3717 324 3746 (io
340 3715 491 3746 Comitatu
509 3717 603 3748 Midd.
617 3719 701 3747 nobis
714 3717 819 3747 adtunc
833 3716 862 3746 in
885 3716 984 3754 Regali
1008 3715 1127 3745 Persona
1147 3714 1242 3744 nostra
1256 3716 1329 3746 infra

275 3753 437 3784 thitehall
459 3755 583 3791 praedici.
611 3756 792 3786 existentibus
811 3755 844 3785 &
867 3755 1093 3790 remanentibus,
1110 3762 1144 3782 ac
1161 3751 1274 3782 Sacram
1297 3756 1330 3785 &

272 3791 410 3829 Regalem
426 3790 577 3822 Personam
592 3793 717 3823 nostram
733 3794 869 3822 incorum
879 3792 1049 3822 Potestatem
1069 3792 1102 3823 ὅ(
1125 3790 1329 3822 ΡοΠὲΗίοηεῐῃ

273 3839 343 3861 cum
359 3831 484 3867 porentia
502 3830 536 3861 &
551 3832 730 3862 multitudine
740 3831 905 3861 Rebellium
919 3838 1090 3860 armatorum
1112 3828 1268 3867 proditorie
1283 3840 1330 3860 ca-

272 3867 409 3905 piendum
417 3890 427 3904 ,
436 3868 537 3905 quibus
551 3870 666 3907 quidem
679 3868 846 3899 Proditoriis
856 3868 1106 3906 imaginationibus
1118 3866 1331 3904 Compaffitio-

273 3907 357 3950 nibus
376 3905 581 3949 Intentionibus
598 3909 631 3938 &
651 3907 805 3946 Propositis
819 3907 976 3945 praedietis,
995 3907 1174 3944 diicoopertis
1189 3906 1223 3936 δε
1245 3907 1329 3937 nobis

274 3945 376 3975 divino
391 3944 491 3974 auxilio
507 3946 647 3982 cognitis,

311 3982 399 4021 Nos,
414 3990 448 4011 ex
468 3981 601 4013 abndanti
613 3982 711 4013 Gratia
725 3982 818 4013 nostra
827 4004 836 4019 ,
856 3982 1033 4013 intendentes
1045 3984 1078 4014 &
1091 3981 1271 4012 desiderantes
1285 3993 1327 4013 re-

275 4030 380 4055 vocare
401 4018 518 4052 eosdem
537 4019 663 4053 carolum
690 4022 771 4061 Percy
782 4043 793 4060 ,
817 4020 978 4061 Joffilinum
999 4022 1081 4062 Perc)
1093 4042 1104 4059 ,
1129 4021 1327 4055 ferdinandum

1379 291 1490 329 Heydon
1506 311 1516 327 ‚
1539 288 1699 327 Johannem
1728 289 1862 329 Haydon,
1889 287 2060 317 Edmundum
2086 285 2257 323 Baineham,
2279 284 2439 323 Johannem
2466 282 2553 312 1602.

1380 328 1502 359 Litlet'im
1513 349 1524 365 ‚
1539 329 1581 356 W
1581 326 1720 356 illielmum
1739 326 1844 364 Temple
1854 349 1864 362 ,
1881 325 2010 356 Elizeum
2030 325 2135 364 Jones,
2154 324 2327 354 Edwardum
2343 327 2379 351 W
2381 322 2437 351 hit·
2447 331 2484 356 44
2494 322 2557 350 Elin.

1379 368 1470 404 lecke,
1495 369 1635 402 Georgium
1657 363 1767 402 Orrell,
1791 364 1964 394 Edwardum
1988 363 2111 402 Bujhell,
2130 361 2257 393 carolum
2281 361 2367 400 Ogle,
2388 363 2439 390 Pe·
2450 363 2507 396 Reg.

1381 414 1455 436 trum
1467 404 1638 443 Edmondes,
1655 402 1815 442 Johannem
1834 401 1957 440 Wight,
1974 402 2166 442 Christoferum
2182 401 2309 440 Wright,
2328 410 2360 431 ac
2377 400 2441 430 alias

1382 443 1515 474 Personas
1528 444 1557 473 iti
1568 442 1667 473 eadem
1683 440 1868 479 Inquifitione
1883 441 2088 479 mentionatas,
2105 450 2138 471 ac
2154 441 2283 478 praefatos
2294 440 2442 470 Robertum

1381 486 1510 512 Comitem
1535 481 1669 520 Effexiae,
1694 482 1824 517 Rogerum
1848 481 1977 507 Comitem
1996 478 2240 517 Southamptoniae,
2265 480 2298 510 &
2319 477 2460 509 Williels

1382 532 1453 549 mum
1474 523 1620 549 Dominum
1639 518 1743 558 Sandys
1756 540 1767 556 ,
1789 519 1805 548 a
1827 516 1970 556 praedietis
1994 516 2158 548 Proditoriis
2180 516 2387 548 Intentionibus
2410 518 2444 549 &

1382 558 1544 596 Praepositis
1557 558 1609 589 suis
1622 557 1763 597 praedietis
1780 556 1798 587 si
1812 555 1869 587 fieri
1885 554 2035 593 potuisset,

1418 597 1519 629 Postea
1539 597 1661 634 scilicet,
1679 594 1818 634 praediCim
1840 594 1946 625 ottavo
1969 592 2028 623 Die
2043 592 2202 631 Februarii,
2222 592 2313 624 Anno
2327 594 2444 632 quadra-

1381 637 1488 674 gesimo
1503 636 1586 667 tertio
1602 635 1778 673 supradicio,
1795 633 1868 671 apud
1884 630 2044 662 Whitehall
2055 631 2238 669 praediecam,
2256 633 2398 671 misimus,

1384 674 1546 744 AThlomam
1569 676 1707 712 Egerton,
1728 671 1836 704 Milem
1855 670 2021 702 Dominum
2045 669 2207 701 Custodem
2228 669 2331 711 Magni
2351 671 2440 711 Sigilli

1413 722 1450 751 ng
1461 723 1496 743 1ae
1506 736 1517 751 ,

1420 752 1439 771 *Ψ
1457 755 1602 782 Henricum
1622 754 1749 780 Comitem
1767 751 1935 787 Wigorniae,

1423 790 1595 820 Wllielmum
1610 789 1739 827 Knollys,
1761 788 1885 819 Militem
1903 786 2195 819 Contrarotulatorem
2205 763 2330 826 Hospitii
2342 788 2430 820 nostri
2458 765 2557 798 'XVI

1420 828 1457 859 Et
1468 828 1627 867 Johannem
1641 827 1778 866 Popham,
1794 826 1922 857 Militem
1938 825 2095 863 Capitalem
2109 825 2304 864 justiciarium
2319 812 2450 859 nosti-uni
2457 816 2526 843 454⁹

1384 868 1418 898 ad
1433 868 1537 899 Placita
1553 876 1651 898 coram
1671 866 1771 897 Nobis
1786 865 1908 895 tenenda
1919 864 2105 904 assignatum,
2123 865 2226 895 eisdem
2240 863 2343 894 Thomu
2359 868 2447 904 Eger-

1383 914 1431 935 ton
1448 906 1563 943 Milite,
1582 904 1731 935 Willielmo
1747 903 1859 942 Knollys
1873 902 1983 941 Milite,
2002 905 2035 935 &
2049 903 2183 941 Johanne
2196 902 2315 941 Popham
2333 903 2448 943 Milite,

1382 945 1490 976 adtunc
1511 946 1543 976 ὃ(
1559 944 1650 974 adhuc
1667 944 1702 974 de
1721 943 1837 974 Privato
1852 940 1991 972 Concilio
2007 942 2106 973 nostro
2120 942 2319 981 existentibus,
2339 943 2373 973 ad
2387 945 2448 974 eos-

1382 984 1448 1014 dem
1464 983 1608 1013 Robertum
1624 986 1751 1012 Comitem
1759 984 1784 1010 E
1782 980 2028 1020 ffixiae,Rogerum
2042 984 2170 1010 Comitem
2181 979 2341 1011 Rutlandiae
2350 1004 2359 1019 ,
2368 984 2448 1013 Hen-

1382 1025 1465 1052 ricum
1489 1025 1617 1051 Comitem
1638 1020 1879 1058 Southamptoniae,
1905 1019 1940 1050 &
1963 1017 2144 1048 Willielmum
2163 1021 2309 1049 Dominum
2326 1021 2449 1061 Sandys,

1383 1060 1554 1091 Mandantes
1575 1058 1688 1089 eosdem
1709 1058 1840 1088 Thomam
1852 1059 1975 1096 Egerton
1992 1057 2139 1095 Militem,
2156 1060 2304 1087 Henricum
2319 1062 2448 1089 Comitem

1384 1102 1551 1137 Wigorm'ae,
1575 1097 1754 1127 Willielmum
1775 1095 1862 1127 Knoll
1876 1107 1889 1124 s
1911 1096 2058 1132 Militem,
2086 1096 2120 1126 &
2142 1094 2304 1134 Johannem
2327 1098 2448 1137 Popham

1383 1137 1529 1175 Militem,
1547 1145 1682 1174 quatenus
1705 1135 1754 1174 ipsi
1777 1137 1805 1165 in
1867 1135 1966 1165 omine
1989 1133 2106 1172 nostro,
2122 1134 2206 1165 dietis
2220 1136 2334 1165 Roberto
2347 1140 2447 1168 Comici

1383 1176 1518 1215 Effixiae,
1538 1177 1638 1211 Rogero
1659 1177 1757 1204 Comiti
1769 1172 1946 1212 Rutlandiae,
1963 1175 2080 1202 Henrico
2092 1176 2190 1203 Comiti
2202 1174 2445 1214 Southamptoniae,

1383 1216 1417 1246 ὃ(
1434 1212 1582 1244 Willielmo
1597 1216 1713 1242 Domino
1726 1213 1830 1251 Sandys
1844 1212 1940 1243 darent
1960 1212 1990 1241 in
2013 1212 2165 1250 mandatis,
2188 1211 2266 1251 quod
2287 1213 2338 1250 ipii
2358 1215 2447 1246 iidem

1382 1253 1512 1285 Robertus
1527 1255 1616 1281 Comes
1629 1250 1745 1289 Effi’xiae
1755 1272 1764 1287 ,
1778 1254 1895 1288 Rogerus
1911 1253 2001 1280 comes
2013 1248 2171 1280 Rutlandiae
2180 1273 2190 1289 ,
2209 1253 2341 1280 Hernicus
2354 1256 2445 1283 Come:

1381 1291 1629 1329 Southamptoniae,
1647 1293 1680 1320 ὅ(
1703 1287 1871 1318 Willielmus
1892 1292 2025 1318 Dominus
2042 1289 2163 1327 Sandys,
2180 1289 2258 1327 super
2273 1299 2374 1321 eorum
2391 1291 2445 1323 Al-

1381 1331 1514 1367 legantias
1529 1330 1627 1364 nobis,
1646 1328 1661 1358 a
1675 1327 1817 1370 praedictis
1833 1326 2000 1358 proditoriis
2016 1326 2169 1365 Propositis
2184 1327 2219 1358 &
2232 1326 2445 1360 Intentionibus

1380 1369 1433 1399 suis
1460 1367 1603 1406 praedietis
1628 1365 1789 1397 deiisterent
1807 1388 1817 1404 ‚
1841 1375 1874 1396 ac
1899 1364 1997 1402 seipsos
2014 1365 2168 1403 separarent
2187 1365 2222 1396 δε
2237 1364 2445 1408 dispergerent,

1380 1417 1495 1437 necnon
1515 1406 1541 1436 se
1560 1406 1589 1435 in
1611 1414 1710 1435 eorum
1731 1404 1826 1436 debita
1847 1404 2022 1436 Obedientia
2037 1413 2103 1444 erga
2118 1404 2202 1443 Nos,
2221 1412 2305 1443 prout
2321 1406 2390 1437 boni
2407 1409 2442 1440 &

1379 1445 1471 1477 fideles
1483 1444 1594 1476 Subditi
1602 1468 1611 1481 ,
1631 1451 1778 1482 gererent,

1415 1484 1504 1521 Super
1527 1492 1586 1521 quo
1605 1483 1692 1513 iidem
1710 1485 1792 1511 Dom.
1812 1480 1900 1520 Custos
1915 1485 2017 1519 Magni
2027 1481 2116 1520 sigilli
2129 1482 2164 1514 ad
2177 1489 2247 1513 tunc
2266 1490 2380 1520 portans
2391 1494 2442 1523 pa—

1376 1523 1432 1554 lam
1455 1523 1597 1561 Magnum
1616 1520 1748 1557 Sigillum
1771 1520 1902 1560 Angliae,
1919 1524 2051 1551 Henricus
2070 1526 2158 1551 Comes
2175 1523 2343 1560 Wigorm'ae,
2361 1523 2438 1553 Wil-

1375 1561 1477 1592 lielmus
1493 1559 1608 1598 Knollys
1625 1559 1727 1596 Miles,
1739 1560 1820 1597 juxta
1838 1559 1951 1590 dietum
1974 1559 2146 1591 Mandatum
2160 1559 2290 1591 nostrum
2305 1562 2343 1591 eis
2357 1561 2439 1593 adhi-

1375 1602 1485 1638 bitum,
1502 1599 1598 1639 postea
1620 1598 1725 1628 eodem
1751 1598 1807 1628 viii.
1822 1597 1881 1628 Die
1898 1598 2039 1630 Februarii
2055 1598 2146 1629 Anno
2161 1598 2321 1636 supradicto
2333 1601 2437 1631 acceffi

1373 1639 1435 1669 sunt
1458 1639 1493 1669 ad
1513 1637 1619 1668 dietam
1635 1636 1771 1667 Domum
1788 1645 1921 1667 vocatam
1939 1636 2117 1676 Effexhoufi’,
2138 1637 2187 1667 ubi
2200 1638 2288 1668 iidem
2306 1638 2438 1669 Robertus

1375 1682 1464 1708 Comes
1488 1675 1621 1716 Effhciae,
1646 1679 1763 1711 Rogerus
1789 1679 1878 1704 Comes
1898 1676 2074 1714 Ruttandiae,
2093 1678 2225 1709 Henricus
2243 1680 2333 1707 Comes
2353 1680 2436 1707 Sont-

1373 1715 1550 1754 hamptoniae,
1577 1716 1610 1746 &
1638 1712 1807 1743 PVillielmus
1831 1716 1962 1743 Dominus
1982 1715 2086 1754 Sandys
2115 1715 2222 1746 adtunc
2243 1715 2374 1754 fuerunt,
2400 1726 2437 1747 ae

1371 1755 1475 1786 eisdem
1501 1754 1615 1783 Roberto
1636 1755 1733 1782 comiti
1748 1751 1880 1791 Efflxiae,
1899 1756 1999 1791 Rogero
2014 1756 2111 1783 Comiti
2129 1752 2304 1792 Rutlandiae,
2319 1756 2438 1784 Hemico

1372 1797 1470 1824 Comiti
1494 1790 1734 1829 Southamptoniae,
1753 1791 1787 1821 δε
1812 1790 1960 1821 Willielmo
1983 1793 2099 1822 Domino
2115 1791 2236 1832 Sandys,
2254 1794 2282 1822 in
2299 1792 2435 1824 Nomine

1370 1832 1469 1862 nostro
1493 1833 1523 1862 in
1548 1830 1684 1861 mandatis
1701 1829 1856 1865 dederunt,
1880 1829 1961 1868 quod
1987 1831 2035 1867 ipsi
2059 1830 2138 1867 super
2155 1840 2256 1860 eorum
2275 1829 2434 1870 Allegantia

1369 1871 1470 1902 Nobis
1480 1892 1490 1908 ,
1504 1871 1519 1900 a
1533 1869 1672 1907 praedietis
1688 1867 1853 1910 Proditoriis
1863 1867 2015 1906 Propositis
2030 1869 2282 1901 &intentionibus
2296 1869 2345 1900 suis
2361 1878 2435 1909 prae-

1371 1910 1455 1940 dietis
1474 1907 1652 1942 desisterent,
1670 1907 1703 1937 &
1726 1906 1826 1944 seipsos
1846 1906 1946 1938 debitis
1966 1907 2117 1946 Legiantiis
2132 1907 2185 1937 suis
2202 1916 2267 1946 erga
2283 1907 2353 1946 Nos
2368 1908 2432 1939 sub-

1371 1950 1530 1986 mitterent,
1549 1957 1580 1977 ac
1596 1954 1686 1977 totam
1703 1944 1922 1976 Multitudinem
1938 1945 2101 1978 Rebellium
2113 1945 2317 1984 praedittoxum
2327 1946 2437 1979 ibidem

1370 1986 1560 2017 affemblatam
1573 1985 1727 2023 separarent
1744 1984 1777 2014 ὃ(
1792 1983 1998 2024 dispergerent,

1408 2025 1471 2063 Qui
1487 2025 1604 2063 quidem
1619 2024 1752 2053 Robertus
1770 2025 1859 2053 Comes
1874 2023 2009 2063 Efflxiae,
2028 2027 2143 2063 Rogerus
2158 2027 2247 2054 Comes
2263 2019 2436 2064 Rutlandiae,

1371 2067 1503 2095 Henricus
1523 2068 1611 2093 Comes
1631 2061 1858 2099 Southamptoniae
1867 2085 1877 2100 ,
1894 2067 1928 2093 ὄε
1943 2065 1986 2092 W
1985 2062 2109 2093 illielmus
2124 2066 2256 2093 Dominus
2268 2064 2386 2103 Sandys,
2405 2065 2435 2094 in

1369 2102 1537 2137 Proditoriis
1554 2101 1706 2139 Propositis
1724 2102 1757 2132 &
1772 2100 1981 2133 Intentionibus
1994 2103 2047 2133 suis
2060 2103 2200 2141 praediffis
2234 2103 2434 2142 erseverantes‚

1369 2152 1402 2172 ac
1419 2141 1530 2172 dic'ium
1558 2139 1731 2183 Mandatum
1749 2137 1881 2170 nostrum
1897 2140 1954 2177 eis,
1973 2150 2003 2170 ut
2021 2141 2185 2179 praeFertur,
2201 2112 2298 2171 <litum
2315 2142 2348 2171 &
2363 2141 2436 2172 deli-

1370 2181 1501 2211 beratum
1521 2178 1678 2222 proditorie
1691 2177 1867 2216 spernentes,
1885 2177 1966 2208 dieto
1983 2177 2124 2210 Mandata
2136 2178 2236 2210 nostro
2251 2178 2370 2210 obedire
2385 2188 2433 2211 aut

1369 2219 1541 2257 performare
1562 2217 1718 2255 proditorie
1738 2216 1842 2247 adtunc
1863 2217 1896 2248 &
1917 2217 2026 2247 ibidem
2043 2218 2255 2256 recusaverunt,
2271 2227 2306 2248 ac
2320 2218 2434 2248 eosdem

1370 2261 1516 2288 Dominum
1531 2255 1665 2295 Custodem
1683 2254 1786 2292 Sigilli,
1803 2257 1950 2285 Henricum
1967 2260 2094 2286 Comitem
2111 2259 2237 2294 Wigorn.
2253 2255 2434 2286 Willielmum

1368 2295 1481 2335 Knollys
1497 2293 1625 2325 Militem
1635 2317 1644 2331 ,
1665 2295 1697 2325 &
1711 2293 1872 2332 Johannem
1888 2293 2008 2331 Popham
2021 2294 2149 2326 Militem
2160 2318 2170 2333 ‚
2188 2294 2354 2326 immediate
2368 2295 2433 2332 post

1370 2335 1547 2366 Mandatum
1560 2332 1689 2362 nostrum
1705 2333 1876 2369 priedit‘tum
1893 2342 1943 2371 per
1960 2333 2034 2370 ipsos
2045 2334 2254 2371 deliberatum,
2272 2342 2303 2363 ut
2320 2333 2435 2371 praefer-

1369 2382 1433 2411 tur,
1448 2374 1498 2403 sub
1511 2371 1585 2402 πᾶα
1602 2372 1635 2403 &
1650 2371 1718 2401 dura
1733 2369 1873 2402 Custodia
1887 2372 2078 2409 quorumdam
2092 2371 2236 2411 Johannis
2252 2375 2359 2401 Davies
2370 2372 2433 2402 Mi-⁴

1368 2411 1438 2449 litis,
1459 2409 1592 2449 Francisc'i
1606 2407 1746 2448 Treshame
1763 2406 1923 2449 Armigeri,
1941 2412 1976 2442 δε
1991 2414 2086 2442 Owim'
2108 2410 2251 2450 Salysbury
2271 2409 2430 2450 Generosi,

1368 2462 1401 2482 ac
1422 2449 1592 2481 diversarum
1610 2448 1726 2479 aliarum
1743 2448 1928 2480 Personarum
1947 2449 2080 2484 falsorum
2095 2450 2296 2486 Prodirorum,
2313 2451 2346 2481 &
2360 2453 2433 2489 prae'-

1367 2490 1512 2521 distorum
1527 2487 1638 2517 Roberti
1652 2490 1762 2516 Comitis
1781 2485 1916 2525 Effixiae,
1935 2490 2030 2525 Rogeri
2042 2492 2153 2518 Comitis
2165 2487 2339 2526 Rutlandiae,
2355 2491 2434 2518 Hert-

1367 2530 1414 2556 rici
1428 2529 1538 2556 Comitis
1551 2523 1798 2562 Southamptoniae,
1817 2527 1850 2556 ὃ(
1865 2525 2008 2556 Willielmi
2020 2530 2130 2557 Domini
2145 2526 2267 2564 Sandys,
2284 2526 2432 2557 Coadhae-

1368 2565 1491 2595 rentium
1508 2586 1518 2600 ,
1543 2562 1632 2593 modo
1652 2562 1800 2593 Guerrino
1821 2564 2007 2595 arraiatoium
2026 2568 2059 2594 δε
2082 2573 2257 2596 armatorum
2273 2587 2283 2601 ‚
2304 2565 2338 2596 &
2361 2574 2430 2595 curn

1367 2602 1534 2640 quibusdam
1554 2600 1725 2631 Tormentis
1737 2603 1844 2630 vocatis
1859 2602 2013 2632 Muskettes
2026 2603 2197 2633 furnitorum
2207 2626 2218 2641 ,
2237 2602 2307 2632 infra
2320 2603 2431 2634 didiatn

1367 2641 1504 2671 Domum
1519 2647 1651 2683 vocatam
1666 2638 1750 2677 Effsx
1765 2638 1842 2708 hor-ff
1850 2640 2006 2678 proditorie
2015 2640 2432 2680 commiserunt&impri1bna-

1367 2687 1488 2715 verunt,
1511 2677 1629 2709 diversae
1647 2676 1785 2708 dietarum
1838 2678 2033 2708 ebelliosarum
2058 2678 2243 2710 Personarum
2263 2681 2369 2710 ibidem
2391 2682 2432 2711 as-

1365 2718 1564 2748 semblatarum
1585 2715 1620 2745 ad
1642 2722 1713 2745 tunc
1736 2716 1920 2747 vociferantes
1935 2717 1967 2746 ὃς
1981 2718 2109 2748 dicentes
2123 2719 2151 2748 in
2168 2718 2265 2748 auditu
2279 2720 2433 2756 praedi-sro-

1366 2765 1429 2787 rum
1449 2754 1561 2786 Roberti
1584 2756 1693 2783 comnis
1717 2753 1853 2793 Effi’xiae‚
1878 2758 1973 2792 Rogeri
1993 2759 2103 2786 Comitis
2121 2756 2299 2795 Rutlandiae,
2321 2759 2434 2788 Henna*

1366 2797 1475 2824 Comitis
1490 2792 1738 2830 Southamptoniae,
1754 2794 1787 2825 δε
1808 2792 1955 2823 Willoelmi
1968 2797 2078 2824 Domini
2096 2796 2174 2825 Sand
2184 2806 2215 2833 s,
2234 2797 2381 2833 anglicana
2397 2798 2432 2829 δε

1365 2832 1510 2876 rebelliosa
1531 2831 1616 2861 verba
1636 2830 1794 2869 sequentia,
1813 2831 1963 2870 videlicet,
1981 2833 2039 2873 kyll
2050 2833 2124 2863 them
2157 2806 2214 2874 lyll
2228 2833 2316 2872 them,
2338 2834 2433 2866 dietos

1365 2871 1530 2902 Dominum
1546 2867 1684 2938 Cugfdem
1700 2869 1806 2907 Sigilli,
1823 2873 1969 2900 Henricum
1983 2875 2109 2902 Comitem
2129 2875 2288 2911 Wigorniae,
2309 2870 2429 2904 Williel·

1363 2921 1435 2940 mum
1448 2908 1562 2947 Knollys
1621 2908 1708 2937 ilitem
1718 2930 1727 2945 ,
1745 2908 1779 2938 &
1792 2908 1952 2946 Johannem
1966 2910 2087 2949 Popham
2103 2911 2230 2942 Militem
2247 2912 2414 2952 innuendo,

1402 2948 1549 2987 Qiodque
1568 2946 1644 2977 idem
1661 2945 1794 2988 Robertus
1808 2949 1897 2977 Comes
1913 2947 2049 2988 Efflxiae,
2067 2949 2171 2981 adtunc
2187 2951 2220 2980 ὃ(
2239 2950 2347 2982 ibidem
2361 2961 2428 2990 pro-

1361 2986 1464 3017 ditorie
1479 2986 1604 3024 praecipit
1619 2984 1776 3028 praedicsstis,
1793 2984 1921 3023 Johanm*
1937 2991 2060 3026 Davies,
2077 2987 2219 3057 Franccifio
2226 2988 2426 3028 Treglbame,&

1362 3029 1462 3055 Owino
1480 3023 1621 3064 Salysbury
1657 3024 1690 3053 &
1704 3024 1761 3053 aliis
1776 3022 1940 3055 Proditoriis
1954 3026 2058 3057 adtunc
2072 3028 2113 3061 δε,
2125 3028 2163 3058 ibi
2184 3036 2231 3058 em
2246 3027 2428 3067 praesentibus

1360 3064 1457 3102 quod,
1478 3064 1497 3093 si
1514 3046 1760 3107 aliquae'bersonfe
1775 3072 1973 3100 attemptarent
1987 3066 2017 3094 in
2034 3065 2154 3097 absentia
2169 3065 2295 3105 ejusdem
2312 3066 2424 3098 Comitis

1361 3101 1479 3141 Effexiae
1503 3101 1630 3139 praedieh
1659 3103 1805 3130 Dommum
1830 3101 1966 3141 Custodem
1991 3103 2078 3140 Sigilli
2090 3127 2099 3143 ,
2123 3107 2269 3134 Henricum
2291 3108 2421 3136 Comitem

1362 3143 1528 3179 Wigorniae,
1556 3138 1737 3170 Willielmum
1761 3139 1875 3178 Knollys
1902 3140 2031 3171 Militem
2056 3143 2089 3173 &
2116 3141 2275 3181 Johannem
2300 3144 2420 3182 Popham

1362 3179 1508 3216 Militem,
1534 3187 1611 3208 eirtra
1632 3177 1801 3207 Custodiam
1824 3178 1947 3214 ipsorum
1968 3178 2109 3218 Johanm's
2133 3184 2260 3220 Davies,
2283 3182 2419 3221 Francifiu'

1360 3215 1514 3260 Trefhqaene,
1529 3218 1562 3247 δε
1578 3216 1699 3246 aliorum
1717 3214 1901 3246 proditorum
1917 3216 2129 3250 Praedieiomm
2146 3221 2316 3258 deliberare,
2333 3229 2380 3252 aut
2398 3221 2419 3251 si

1361 3255 1512 3293 praeditstus
1526 3254 1657 3298 Roberttfs
1678 3258 1769 3282 Comes
1792 3253 1911 3292 Effl’xiae
1934 3255 2140 3289 subverteretur
2155 3280 2165 3295 ,
2189 3259 2310 3297 Anglic‘e
2321 3257 2424 3297 should

1363 3293 1474 3332 mifiarr
1496 3316 1504 3330 ,
1524 3303 1552 3322 m
1569 3291 1696 3322 Clvitate
1711 3291 1847 3321 London.
1864 3293 1943 3331 quod
1958 3305 2028 3326 tunc
2043 3296 2131 3327 iidem
2146 3296 2290 3334 Johannes
2301 3300 2411 3328 Davies

1364 3304 1516 3375 Ffab'cififfl
1529 3328 1666 3368 Treshame
1676 3352 1686 3367 s
1704 3330 1738 3360 &
1755 3333 1871 3375 Owinuf
1881 3332 2041 3373 Salysbury,
2060 3335 2093 3366 &
2104 3335 2203 3366 diversi
2219 3335 2266 3366 alii
2277 3335 2334 3371 falfi
2349 3321 2422 3367 Pro3

1364 3370 1486 3413 ditores,
1504 3368 1537 3399 ad
1560 3378 1630 3399 tunc
1644 3371 1676 3400 &
1694 3368 1799 3398 ibidem
1815 3369 1979 3409 existentes,
1997 3373 2161 3404 occiderent
2183 3375 2217 3406 &
2233 3373 2423 3405 interficerent

1365 3408 1513 3447 praedistos
1527 3411 1672 3450 Dominam
1689 3406 1825 3450 Custodem
1838 3408 1942 3447 Sigilli,
1956 3413 2104 3442 Henricum
2118 3415 2247 3442 Comitem
2261 3413 2424 3451 Wigorniae‚

1366 3445 1539 3476 Willielmum
1553 3446 1666 3484 Knoli'ys
1683 3444 1825 3483 Militem,
1841 3447 1874 3478 δι
1889 3446 2047 3486 Johannem
2062 3450 2179 3489 Popham
2193 3449 2321 3481 Militem
2335 3461 2346 3488 ς,

2131 2858 2140 2872 ²

1402 3484 1450 3528 Et'
1463 3485 1575 3528 ulterius
1591 3493 1639 3520 per
1652 3484 1769 3514 eandem
1787 3483 1817 3513 In
1840 3486 1999 3518 uisitionern
2013 3490 2105 3519 extitit
2122 3488 2321 3526 praesentatum
2338 3488 2420 3525 quod

1365 3522 1493 3567 praedicti
1506 3521 1618 3552 Carolus
1635 3525 1731 3568 Ifercy,
1747 3495 1894 3561 Jofficlinus
1909 3527 2008 3565 Percy,
2023 3527 2209 3557 ferdinandus
2221 3528 2308 3563 Gorge
2339 3529 2417 3557 Hen-

1365 3571 1434 3590 rtcus
1456 3564 1588 3598 Carewe,
1607 3560 1769 3591 Wdlaelmus
1791 3561 1946 3601 constable,
1964 3563 2139 3603 Christqferus
2159 3564 2287 3603 Heydon,
2304 3548 2419 3602 Johan-

1364 3610 1409 3628 nes
1424 3599 1541 3639 Haydon
1550 3624 1559 3636 ,
1578 3599 1736 3629 Edmundus
1748 3601 1917 3639 Baineham,
1931 3601 2077 3640 Johannes
2090 3601 2234 3639 Litleton,
2253 3604 2296 3631 W
2294 3601 2419 3633 illielmus

1365 3636 1484 3674 Temple,
1504 3638 1523 3656 *¹
1540 3636 1653 3667 Elizeus
1673 3639 1778 3677 Jones,
1795 3639 1952 3669 Edwardus
1973 3641 2015 3669 W
2015 3639 2143 3677 hitlocke,
2160 3643 2289 3678 Georgius
2309 3641 2419 3680 Orrell,
2436 3667 2452 3683 ⁴
2540 3669 2544 3675 ,

1366 3675 1524 3705 Edwardus
1547 3675 1676 3715 Bushell,
1699 3676 1812 3706 Carolus
1835 3676 1901 3715 Ogle
1914 3700 1925 3716 ,
1950 3679 2046 3708 Petrus
2072 3678 2227 3708 Edmondes
2240 3701 2250 3716 ,
2272 3678 2417 3717 Johannes
2462 3666 2542 3696 XVI·

1367 3713 1493 3758 Wright,
1513 3714 1546 3744 ἃ
1560 3715 1735 3758 Christoferus
1750 3715 1878 3754 Wight,
1896 3725 1929 3746 ac
1945 3717 2007 3746 aliae
2022 3716 2150 3747 Personae
2163 3718 2192 3746 in
2206 3717 2305 3748 eadem
2320 3718 2420 3756 lnqui-
2430 3713 2487 3742 455
2487 3725 2496 3739 ⁹

1366 3752 1467 3782 fitione
1485 3762 1685 3791 mentionatae,
1705 3754 1784 3783 fimul
1798 3763 1867 3785 cum
1882 3754 2023 3790 praedizstis
2036 3754 2150 3784 Roberto
2164 3758 2269 3786 Comite
2283 3755 2419 3795 Effixiae‚

1366 3792 1467 3827 Rogero
1489 3791 1642 3821 Rutlandiae
1658 3815 1667 3830 ,
1690 3794 1807 3821 Henrico
1827 3795 1929 3821 Comite
1948 3791 2191 3832 Southamptoniae,
2214 3795 2248 3825 &
2267 3795 2418 3826 Willielmo

1367 3831 1484 3858 Domino
1505 3830 1624 3868 Sandys,
1638 3832 1672 3862 &
1694 3831 1806 3861 diversis
1826 3829 1884 3860 aliis
1905 3830 2115 3869 Proditoribus,
2134 3832 2167 3861 ad
2183 3842 2334 3864 numerum
2349 3834 2417 3865 tres·

1366 3876 1518 3910 centarurn'
1538 3867 1736 3907 Personarum,
1754 3868 1845 3898 modo
1867 3867 2026 3906 Guerrin0,
2045 3879 2114 3900 cum
2134 3869 2244 3901 Gladiis
2268 3871 2362 3903 Scutis
2383 3875 2422 3906 δᾶ

1365 3905 1588 3948 Tormentiolis,
1612 3908 1724 3944 anglice
1747 3905 1880 3946 Pistolles,
1907 3908 2019 3937 armatis
2045 3907 2078 3938 ὅτ,
2103 3910 2238 3949 arraiatis,
2262 3911 2296 3941 ad
2327 3911 2418 3942 dietas

1367 3943 1538 3975 Proditorias
1559 3944 1736 3976 intentiones
1749 3947 1782 3976 &
1797 3944 1942 3983 Propofita
1952 3945 1996 3975 sua
2010 3946 2142 3982 praedicta
2154 3947 2300 3979 efficacius
2312 3951 2417 3987 perim-

1364 3982 1464 4026 plenda
1485 3983 1517 4012 δι
1541 3983 1575 4026 ad
1597 3983 1744 4014 Efficitum
1767 3982 1932 4020 redigenda,
1951 3982 2066 4022 postea,
2084 3985 2208 4024 scilicet,
2228 3988 2332 4018 eodem
2357 3988 2418 4016 viii:

1362 4021 1409 4054 die
1431 4019 1592 4060 Februarii,
1611 4023 1697 4054 Anno
1716 4021 1872 4060 supradicio
1882 4043 1893 4060 ,
1907 4020 1965 4053 lter
1979 4022 2061 4054 suum
2076 4033 2212 4062 ceperunt
2228 4026 2382 4064 proditorie
2399 4026 2415 4054 a

2349 4072 2420 4100 ραι-
