2557 4279
692 199 805 244 ET
899 204 1172 247 ACTA
1258 204 1741 256 PUBLICA.

13 301 89 335 A'nn.
102 296 143 329 D.
163 300 299 332 Psaetffltu
316 289 515 331 Dipiomatum
529 291 563 323 ὃ(
578 290 737 322 Literafflm
752 289 909 334 Regiamm
921 313 931 328 2
955 292 1108 338 effiguntq‘
1121 314 1133 329 ³
1147 298 1218 321 con‘

32 338 118 370 1606.
163 341 283 364 ventum
299 332 332 362 &
345 330 554 373 concordatum
570 330 627 367 est,
646 329 726 366 quod
743 328 892 367 disqtniitlo
906 331 971 368 het,
991 332 1024 361 ὃς
1041 329 1120 367 quod
1145 329 1214 360 Ma-

14 393 29 420 3
36 377 100 418 ἵης,
118 387 139 406 1,
156 373 231 410 jores
247 371 280 401 &
293 369 447 399 Eschevini
460 367 619 398 CiVitatuni
642 367 805 404 Rothomagi
817 389 828 405 ,
845 367 957 397 Cadomi
977 369 1010 399 &
1031 368 1213 406 Burdogalae,

2253 234 2326 276 151

1255 292 1406 339 servatores
1423 295 1598 332 inquirentur
1613 297 1645 341 &t
1656 300 1900 340 examinabuntur,
1908 304 2040 344 factaque
2052 313 2101 343 per
2113 307 2229 337 eosdem
2243 317 2306 337 mo·
2324 303 2404 336 Anti.
2418 302 2461 341 Di

1254 331 1522 363 derataeorumdem
1539 332 1818 373 Taxatione,deferri
1830 344 1948 373 eandem
1965 346 1998 374 ad
2008 344 2176 375 Concilium
2192 346 2305 385 Regum
2346 343 2432 375 1605·

1254 370 1281 398 in
1298 379 1420 408 utroque
1442 373 1599 408 curabunt,
1625 384 1655 404 ut
1670 396 1679 409 ,
1704 375 1775 405 crim
1797 379 1900 409 ibidem
1918 383 1995 420 quod
2018 393 2136 420 aequum
2165 385 2305 415 videbitur
2321 382 2443 419 3Jm's1·

16 2753 32 2772 ⁶
43 2755 119 2783 XVI.

159 410 193 441 &
207 409 322 440 aliarum
335 407 370 437 ad
387 415 458 444 quos
471 407 529 437 hoc
548 407 685 444 pertinere
702 407 823 446 poterit,
841 407 915 436 dicta
932 407 1100 443 Diplornata
1114 410 1147 437 ὃς
1163 408 1213 436 Li-

158 456 228 478 teras
243 446 350 484 Regias
361 444 462 476 deferri
478 445 511 476 ad
522 444 691 475 Concilium
707 444 867 484 Mnjcstatis
875 444 1102 484 Chrss1a71iffi>21ae
1111 455 1211 483 quarn-

158 487 281 524 primum
294 483 445 521 curabunt,
460 493 581 521 quarum
598 485 702 514 virtute
717 493 762 514 aut
779 491 914 525 praetextu
931 484 1067 520 ejusmodi
1080 484 1214 513 Exadiio-

158 534 206 554 nes
223 523 331 553 faciunt
345 524 378 553 &
403 524 573 553 continuant
587 543 598 560 ,
624 530 655 552 ut
678 522 776 552 iisdem
799 522 877 558 vilis,
896 524 979 559 hquae
996 523 1070 564 male
1088 525 1120 552 ὅ(
1138 530 1213 552 extra

157 562 286 593 debitum
300 561 432 590 ordinem
447 561 586 598 impositae
601 562 786 597 reperiantur,
803 559 912 589 eaedem
922 559 1010 601 ,cassae
1022 566 1073 591 lint
1092 561 1125 590 ὃς
1143 561 1215 590 abo-

157 601 286 637 leantur,
300 607 387 637 atque
401 600 520 637 interea,
537 600 587 629 siib
602 599 694 629 Poena
709 597 839 640 capitali„
857 599 890 628 &
911 597 1058 628 solutionis
1079 599 1212 635 Quadru-

155 638 194 677 pli
209 638 414 677 prohibeantur
426 638 495 668 dieti
524 637 647 675 Majores
666 637 700 666 δε
719 635 873 678 Eicbeviui
887 657 897 672 ,
923 635 1040 679 ne'plus
1060 637 1211 675 quidquam

156 676 203 707 vel
218 677 296 707 aliter
311 677 384 715 exigi
399 677 564 708 permittant
576 676 659 714 quam
674 674 754 704 dietis
771 673 870 703 Literis
891 682 1057 704 continetur
1067 697 1076 712 ,
1094 676 1140 705 vel
1157 686 1211 706 no-

155 725 204 746 vas
224 714 416 746 Conditiones
432 715 462 744 iu
477 714 579 745 eisdem
595 721 742 743 contentas
757 713 790 742 ὃς
803 711 972 749 praescriptas
988 713 1044 742 ullo
1058 714 1149 744 modo
1163 723 1212 744 ex-

155 754 275 792 cedant,
294 753 386 791 Qiod
404 752 529 783 similiter
545 751 666 781 Londini
680 753 712 781 ὅ(
728 751 757 779 in
770 751 828 779 aliis
851 749 968 788 Magnae
994 750 1144 782 Britanniae
1159 752 1214 782 Ci-

157 793 289 823 vitatibus
307 792 372 829 fiet,
388 792 409 821 ii
423 793 451 820 in
468 790 549 820 dictis
563 789 670 828 Regnis
687 788 804 827 Magnae
826 787 973 819 Britanniae
995 798 1041 820 aut
1062 790 1213 821 Hiberniae

156 831 212 861 tale
227 831 382 868 quidquam
397 829 506 859 frustum
522 828 683 864 reperiatur.

193 869 385 900 Conventum
397 868 480 897 etiam
495 866 528 897 δε
544 865 769 904 concordatum,
788 864 869 902 quod
894 863 1071 895 Mercatores
1094 866 1214 905 Franci,

156 909 185 937 in
202 907 308 944 Angli-a
322 906 516 937 Mercaturam
532 912 709 941 exercentes,
727 914 786 933 non
808 911 943 941 cogentur
967 904 1158 941 imposterum
1182 916 1212 935 a—

156 946 226 976 liam
247 945 353 975 ibidem
374 944 546 974 Cautionem
568 941 714 980 praestare,
739 942 774 972 de
796 941 944 971 Mercium
975 942 1082 972 suarum
1105 943 1215 973 ibidem

155 984 330 1015 Venditione
339 1005 349 1021 ,
367 982 400 1011 δε
415 981 450 1010 de
465 980 595 1011 Pecuniis
609 981 674 1010 inde
691 981 924 1018 provenientibus
939 981 967 1009 in
980 981 1032 1011 alia
1050 980 1215 1011 Mercimo-

155 1025 203 1054 nia
215 1024 244 1052 in
258 1022 337 1052 dic‘to
353 1019 460 1058 Regno
475 1019 674 1050 convertendis
685 1018 948 1062 impendendisque,
964 1028 1149 1062 praeterquam
1162 1019 1216 1058 Ju-

157 1061 305 1097 satoriam,
320 1068 375 1088 nec
389 1058 561 1089 tenebuntur
575 1068 606 1088 ea
623 1057 659 1087 de
673 1057 752 1088 causa
770 1057 1001 1096 Prolongationes
1014 1059 1047 1088 ὃς
1068 1058 1213 1089 exonera-

156 1101 246 1130 tiones
262 1106 430 1135 procurare,
446 1096 491 1127 sed
506 1097 569 1127 haec
586 1097 684 1127 omnia
696 1097 880 1127 convenienti
894 1096 1077 1135 expeditione
1098 1098 1132 1128 ὅτ
1155 1106 1217 1136 gra-

177 1155 178 1159 =
201 1136 280 1167 fient.

157 1147 389 1205 nsConventum
403 1181 538 1211 praetere-a
550 1174 584 1205 δε
598 1172 806 1204 concordatum
821 1173 863 1203 est
873 1195 883 1211 ,
901 1173 984 1211 quod
1006 1173 1104 1205 Naves
1123 1173 1216 1204 Galli-

156 1223 218 1251 cae,
237 1212 389 1244 Mercibus
404 1212 554 1243 Gallorum
570 1212 767 1243 Subvehendis
779 1212 974 1249 inservientes,
992 1212 1097 1249 possint
1112 1212 1218 1243 Portus

155 1253 201 1283 vel
216 1251 321 1288 Ripas,
338 1252 390 1281 illis
403 1251 602 1289 exonerandis,
618 1251 758 1288 Londini,
775 1251 808 1281 &
827 1252 854 1280 iri
876 1251 934 1281 aliis
957 1251 1054 1290 Regni
1075 1250 1217 1282 Portubus

156 1291 191 1321 ὃς
206 1290 379 1320 Stationibus
395 1289 554 1328 navalibus,
568 1291 684 1327 publice
705 1289 867 1328 assignatas,
893 1290 980 1320 libere
998 1290 1154 1329 appellere,
1173 1298 1216 1321 at-

156 1339 214 1367 que
228 1329 335 1358 ibidem
351 1337 526 1367 exoneratas,
550 1329 617 1366 ipsas
638 1328 696 1358 aliis
718 1328 816 1358 denuo
844 1327 994 1358 Mercibus
1014 1338 1151 1367 onerare,
1170 1330 1216 1360 vel

156 1368 215 1397 aliis
225 1367 380 1397 onerandas
394 1367 499 1404 locare,
517 1368 574 1404 pari
589 1368 622 1398 δε
637 1366 735 1397 eadem
747 1366 887 1396 Libertate
902 1366 957 1404 qua
971 1368 1000 1396 in
1014 1366 1107 1397 Gallia
1117 1368 1216 1398 fruun-

157 1414 202 1436 tur
217 1405 303 1445 Angli
319 1405 513 1443 Mercatores,
532 1405 635 1443 absque
650 1405 842 1442 prohibitione
855 1413 902 1435 aut
918 1405 1129 1442 impedimento
1144 1416 1216 1445 quo-

156 1454 300 1482 cumque,
318 1446 349 1475 &
365 1445 474 1474 dabitur
489 1453 575 1481 opera
595 1446 604 1478 <
621 1443 715 1481 quoad
737 1443 795 1473 fieri
814 1445 936 1481 poterit,
958 1447 968 1481 )
988 1452 1020 1475 ut
1037 1445 1066 1474 in
1083 1445 1218 1475 omnibus

155 1483 254 1513 eadem
274 1482 401 1512 Libertas
415 1481 595 1512 Commercii
611 1483 742 1519 utrinque
759 1481 933 1512 observetur.

198 1522 251 1558 Et,
269 1522 407 1558 quoniam
422 1520 482 1551 tieri
497 1531 559 1550 non
576 1520 669 1557 potest
687 1528 718 1550 ut
733 1519 843 1558 singulis
862 1519 1087 1562 Negotiantium
1103 1522 1218 1559 Quere-

155 1558 188 1589 lis
203 1559 236 1590 δε
249 1558 489 1595 Difficultatibus,
508 1559 595 1589 indies
608 1559 827 1596 emergentibus,
844 1560 940 1588 exacte
953 1560 985 1589 δε
1001 1560 1060 1588 satis
1076 1559 1218 1591 sufficien-

157 1605 199 1627 ter
213 1597 327 1635 Scripto
341 1605 491 1634 caveatur,
508 1597 594 1634 idque
615 1598 786 1627 nominatim
799 1619 809 1634 ,
830 1598 922 1634 quoad
941 1598 1118 1633 Qualitatem
1135 1599 1218 1629 Mer-

156 1636 238 1665 cium
255 1645 320 1673 quae
334 1636 469 1665 hincinde
483 1634 608 1665 viciffim
624 1644 659 1666 ex
675 1635 780 1664 horum
794 1635 968 1673 Regnorum
993 1636 1127 1666 alterutro
1143 1639 1173 1667 in
1189 1647 1218 1667 a·

156 1673 217 1704 liud
232 1673 425 1705 subvehuntur
441 1682 488 1704 aut
504 1674 746 1710 transportantur,
766 1673 809 1703 vel
831 1673 924 1710 quoad
946 1673 1057 1704 Abusus
1082 1677 1129 1713 qui
1152 1676 1218 1706 Ne-

157 1713 330 1751 gotiatorum
346 1711 449 1742 malitia
462 1711 506 1742 vel
519 1711 628 1742 incurii
641 1720 687 1742 aut
699 1711 891 1749 imprudentia
906 1711 1049 1742 interdum
1064 1714 1218 1752 obrepunt,

157 1759 337 1782 conventum
354 1751 386 1781 &
402 1750 612 1781 concordatum
630 1750 690 1788 est,
708 1760 767 1788 quo
790 1749 891 1780 melius
909 1750 942 1780 ὅ(
968 1751 1127 1788 expeditius
1147 1752 1217 1783 huic

158 1788 243 1819 Malo
257 1789 400 1819 subveniri
414 1789 516 1827 poffit,
533 1789 614 1828 quod
630 1790 659 1819 iri
677 1788 805 1818 Civitate
823 1787 1029 1828 Rothomagenfi
1045 1799 1095 1827 per
1119 1793 1217 1828 Regem

157 1826 415 1868 Christianiffi‘mum,
432 1827 491 1858 duo
507 1829 624 1866 insignes
640 1826 818 1858 Mercatores
832 1828 893 1858 Viri
907 1827 977 1871 boni
992 1831 1025 1870 .&
1041 1828 1150 1859 Rerum
1166 1839 1216 1867 pe-

155 1867 202 1896 riti
216 1867 441 1896 nominabuntur
455 1866 488 1896 &
502 1866 724 1903 constituentur,
743 1867 804 1904 qui,
817 1865 961 1904 assumptis
975 1865 1098 1903 ejusdem
1113 1867 1217 1899 condi·

154 1905 241 1935 tionis
255 1906 289 1936 &
304 1904 442 1943 qualitatis
454 1904 568 1935 duobus
583 1904 796 1935 Mercatoribus
811 1904 919 1942 Anglis,
927 1914 977 1942 per
987 1904 1218 1937 SerenisfimiRe-

154 1947 196 1981 gis
211 1946 323 1980 Magnae
337 1946 494 1973 Britanniae
514 1943 654 1982 Legatum
671 1952 724 1981 pro
742 1951 872 1980 tempore
886 1943 915 1972 in
931 1942 1032 1974 Galliis
1048 1944 1216 1976 residentem

158 1982 355 2020 nominandis,
373 1982 553 2019 conjunctim
570 1983 707 2020 recipient
724 1980 922 2012 Mercatorum
946 1981 1112 2026 Anglorum
1135 1983 1219 2022 Qe-

158 2021 227 2050 telas
238 2021 270 2050 &
284 2019 498 2051 Controversias
513 2030 703 2058 quaecumque
715 2020 748 2049 in
760 2020 820 2050 hoc
835 2019 1016 2050 Commercii
1031 2021 1065 2052 N
1067 2023 1166 2061 egotio
1185 2024 1219 2054 si-

159 2069 197 2088 ve
210 2057 374 2096 Rothomagi
392 2059 450 2089 sive
464 2059 493 2089 in
508 2059 566 2089 aliis
578 2059 704 2098 ejusdem
720 2058 885 2089 Provinciae
899 2058 1043 2090 Portubus
1057 2060 1219 2100 inciderint,

158 2096 257 2134 easque
272 2097 487 2135 quamprimum
499 2106 535 2128 ex
547 2107 631 2136 aequo
643 2099 677 2129 ὃς
685 2098 828 2136 bono,&,
840 2097 935 2128 habita
945 2098 1086 2135 praesentis
1098 2099 1220 2131 Tracta-

157 2143 203 2167 tus
220 2136 345 2174 ratione,
361 2137 448 2175 quarn
466 2136 615 2166 celerrime
630 2137 660 2166 id
674 2136 733 2166 fieri
747 2137 866 2175 poterit,
885 2136 1020 2168 dirimerit
1042 2138 1075 2168 &
1093 2147 1219 2177 compo—

158 2182 246 2211 nent,
263 2181 348 2212 atque
361 2174 465 2205 eodem
482 2174 573 2204 modo
587 2174 782 2206 Sereniffimus
794 2177 908 2212 Magnae
916 2177 1074 2206 Britanniae
1089 2179 1150 2207 Rex
1164 2188 1219 2209 no—

159 2212 367 2243 minabitduos
385 2213 507 2250 infignes
519 2213 701 2244 Mercatores
725 2212 854 2251 Anglos,
873 2215 922 2251 qui
949 2213 1090 2252 similiter,
1108 2216 1166 2246 affu
1174 2225 1219 2246 rn-

159 2252 216 2290 ptis
232 2250 342 2281 duobus
362 2250 576 2283 Mercatoribus
600 2252 711 2283 Francis
731 2274 741 2291 ,
767 2261 817 2290 per
839 2252 980 2292 Legatum
1005 2253 1220 2295 Christianifflmi

161 2291 239 2327 Regis
255 2290 283 2318 in
299 2289 401 2329 Anglia
413 2299 465 2328 pro
478 2299 606 2328 ternpore
622 2290 791 2322 residentem
813 2292 1012 2330 nominandis,
1036 2294 1219 2332 conjunctim

161 2328 301 2365 Querelas
312 2330 347 2359 ὅ(
362 2330 565 2359 controversias
580 2330 617 2359 de
632 2328 829 2360 Commercio
847 2330 957 2360 ibidem
979 2340 1155 2369 emergentes
1171 2343 1221 2364 ex-

161 2367 275 2403 pedient
289 2367 322 2397 &
336 2366 489 2398 definient:
508 2368 588 2406 quod
604 2367 623 2397 si
636 2368 791 2407 contigerit
811 2367 927 2398 eosdem
948 2369 978 2399 in
1000 2369 1148 2402 Sententia
1168 2373 1220 2402 ali-

161 2404 278 2442 quando
292 2404 420 2435 diffidere
434 2414 480 2436 aut
493 2405 643 2444 dissentire,
656 2414 717 2436 tum
731 2416 765 2437 ex
779 2415 880 2436 mutuo
894 2408 965 2437 inter
976 2407 1002 2437 se
1016 2408 1123 2440 assensu
1137 2411 1220 2449 quin-

159 2452 225 2474 tum
239 2442 389 2482 eligent&
404 2444 547 2475 assument
556 2467 566 2483 ,
584 2443 748 2482 Rothomagi
764 2444 902 2484 Gallum,
928 2446 1052 2476 Londini
1068 2447 1198 2486 Anglum
1209 2473 1219 2489 ,

159 2490 243 2519 atque
257 2483 293 2512 ita
312 2491 347 2513 ex
367 2482 469 2520 majori
488 2483 739 2514 Consentientium
761 2493 885 2514 nurnero
905 2485 1094 2525 procedatur,
1115 2488 1167 2526 &,
1186 2496 1218 2519 ut

159 2521 263 2558 majori
277 2530 347 2551 cum
359 2520 466 2552 effectu
483 2522 542 2552 hoc
559 2522 670 2552 Munus
683 2522 734 2552 illis
745 2521 912 2559 delegatum
934 2532 1126 2563 exequantur,
1146 2535 1219 2558 con-

159 2560 297 2589 cedentur
311 2559 363 2589 illis
384 2568 418 2589 ex
440 2569 558 2598 utraque
583 2560 666 2591 Parte
685 2560 913 2591 Commiffiones
932 2571 1000 2592 cum
1022 2562 1165 2595 Potestate
1184 2566 1219 2596 ad

158 2595 183 2626 F
185 2598 353 2628 unctionem
367 2597 442 2628 hanc
457 2598 644 2638 peragendam
658 2598 824 2637 necessaria,
839 2599 872 2630 &
886 2599 905 2629 fi
915 2621 925 2638 ,
944 2601 974 2630 in
992 2600 1128 2639 Negotio
1142 2604 1220 2642 quod

157 2636 334 2666 tractandum
352 2636 533 2675 susceperint,
552 2637 639 2668 Casus
652 2637 770 2676 alicujus
790 2637 904 2677 insignis
926 2637 1110 2670 Difficultaris
1127 2650 1222 2672 emer-

158 2682 222 2712 gat,
240 2674 276 2704 de
290 2683 349 2712 quo
362 2674 526 2706 alterutrum
542 2676 709 2714 Principem
723 2677 877 2707 certiorem
893 2675 954 2707 fieri
972 2687 1020 2715 par
1039 2678 1096 2710 esse
1112 2679 1221 2711 videbi-

159 2720 222 2751 tur,
239 2712 310 2743 dicti
325 2712 514 2752 Mercatores,
531 2724 569 2744 eo
581 2724 641 2754 quo
658 2715 803 2753 praefertur
818 2715 907 2745 modo
921 2716 1062 2756 deputati,
1081 2717 1162 2749 Rem
1176 2727 1221 2749 to-

160 2759 218 2786 tam
234 2752 270 2782 ad
283 2753 424 2790 utriusque
441 2752 581 2791 Principis
603 2752 774 2784 Concilium
790 2754 810 2774 *³
839 2754 991 2793 respective
1012 2756 1117 2786 deferri
1139 2767 1222 2789 cura—

162 2789 253 2826 bunt,
270 2799 331 2827 quo
343 2791 550 2830 opportunius,
570 2793 603 2823 &
621 2792 678 2823 fine
699 2792 799 2831 majori
823 2791 980 2830 Temporis
1001 2803 1050 2825 aut
1075 2794 1219 2833 Impensa-

162 2837 225 2857 mm
234 2828 359 2866 jadtura,
377 2830 500 2865 expediri
514 2829 607 2868 poffit3
628 2831 785 2861 consimilis
798 2830 884 2861 Ordo
899 2832 1053 2864 stabilietur
1071 2834 1104 2864 ὃς
1121 2835 1216 2865 obser-

161 2866 272 2896 vabitur
282 2866 445 2904 Burdegalae
459 2869 492 2899 ὅ(
507 2869 635 2906 cadomi,
653 2870 687 2900 &
712 2870 741 2900 iri
762 2871 872 2901 caeteris
897 2869 1001 2901 Galliae
1020 2871 1166 2911 Emporiis
1185 2875 1219 2906 δε

159 2903 345 2942 Civitatibus,
363 2906 497 2943 idemque
509 2908 538 2936 iri
553 2909 661 2938 caeteris
679 2906 852 2939 Civitatibus
874 2907 992 2947 Magnae
1013 2910 1165 2942 Britanniae
1186 2914 1220 2944 ὅ(

160 2941 308 2973 Hiberniae
328 2943 393 2981 fiet,
422 2952 455 2974 ut
470 2945 509 2975 illi
523 2947 570 2984 qui
602 2945 636 2976 ad
660 2946 722 2976 hoc
746 2946 876 2984 Munus,
894 2947 991 2979 forma
1016 2949 1169 2989 praediea,
1187 2952 1218 2982 in

161 2981 245 3011 dietis
257 2980 344 3011 Locis
354 2982 521 3014 obeundum
541 2985 679 3014 nominati
701 2986 734 3016 δε
757 2985 883 3023 deputati
904 2986 1026 3026 fuerint,
1047 2997 1146 3019 curam
1169 2990 1220 3021 ha—

162 3019 247 3050 beant
260 3022 457 3058 componendi
471 3021 548 3052 Lites
562 3021 776 3053 Controversias
797 3024 831 3054 ὃς
854 3022 1064 3063 Difficultates,
1081 3036 1157 3066 quae,
1178 3038 1218 3058 ra-

162 3059 240 3101 tione
255 3056 434 3102 Commercii
449 3060 677 3103 intet'utriusque
691 3060 830 3100 Principis
846 3061 987 3094 Subditos
1003 3064 1034 3094 in
1054 3064 1139 3096 dietis
1157 3066 1220 3096 Lo·-

163 3106 205 3127 cis
218 3104 405 3134 negotiantes,
421 3106 574 3128 evenerint.

199 3134 254 3173 Et,
272 3143 303 3165 ut
317 3136 417 3165 melicis
427 3134 560 3174 deinceps
572 3135 731 3168 consulatur
745 3137 957 3174 Tranquillitati
974 3139 1119 3171 didiorum
1136 3141 1219 3172 Mer-

164 3181 294 3204 catorum
304 3195 314 3211 ,
330 3174 361 3203 in
376 3174 517 3212 utriusque
532 3174 671 3213 Principis
686 3174 794 3215 Regnis
806 3176 838 3206 &
863 3176 1011 3208 Dominiis
1029 3178 1218 3211 Commercia

164 3211 402 3249 Excercentium,
422 3213 455 3243 ὃς
469 3223 528 3252 quo
535 3212 765 3253 illorumedam,
781 3214 877 3252 quoad
891 3214 949 3246 fieri
962 3217 1052 3255 potest
1062 3241 1071 3256 ,
1089 3227 1217 3254 parcatur

162 3250 323 3281 Laboribus
337 3251 371 3281 ὃ(
384 3251 568 3289 Sumptibus,
591 3253 640 3290 qui
662 3252 734 3283 huic
756 3253 891 3292 Negotio
912 3255 1125 3294 praeficiuntur,
1143 3267 1217 3288 cori-

159 3299 280 3320 ventum
293 3289 326 3320 &
340 3289 549 3321 concordatum
563 3290 618 3324 est,
637 3291 717 3329 quod
739 3292 808 3322 dieti
828 3291 1021 3332 Mercatores,
1039 3303 1099 3327 tam
1115 3295 1216 3327 Franci

160 3331 249 3366 quam
263 3328 369 3366 Angli,
385 3328 484 3367 quibus
498 3330 559 3359 hoc
579 3328 688 3360 Munus
710 3331 931 3370 committetur,
951 3333 1057 3372 quique
1079 3335 1215 3373 imposte-

160 3367 229 3397 rum
251 3365 474 3397 Conservatores
491 3366 676 3398 Commercii
694 3369 892 3407 vocabuntur,
916 3380 999 3402 erunt
1024 3374 1162 3404 nominati
1181 3375 1215 3405 &

160 3405 286 3444 deputati
299 3405 335 3436 de
350 3405 438 3436 Anno
452 3406 483 3436 in
500 3405 632 3444 Annum,
654 3407 687 3437 &
698 3406 869 3444 Juramento
883 3407 909 3439 se
922 3410 1118 3450 obstringent,
1135 3412 1215 3443 vide-

159 3444 244 3483 licet,
261 3445 290 3474 in
305 3443 397 3474 Gallia
411 3453 509 3475 coram
523 3444 620 3475 Priore
632 3446 665 3476 δε
685 3445 856 3477 Consulibus
873 3455 931 3478 tam
953 3449 1087 3480 Civitatis
1111 3451 1217 3480 Rotho-

161 3481 292 3523 magensts
306 3484 339 3515 ὅτ
351 3482 468 3513 aliarum
482 3481 644 3514 Civitatum
670 3483 699 3513 in
723 3485 824 3524 quibus
840 3485 974 3522 ejusmodi
997 3487 1218 3520 Conservatores

163 3521 300 3552 constitui
315 3522 474 3559 oportebit,
493 3523 581 3560 quam
594 3521 715 3553 Londini
730 3527 762 3554 esc
777 3524 808 3553 iri
819 3524 876 3554 aliis
889 3525 1007 3566 Magnae
1020 3526 1169 3558 Britanniae
1184 3529 1217 3558 &

160 3559 311 3591 Hiberniae
325 3560 499 3592 Civitatibus
510 3561 561 3591 ubi
574 3559 603 3590 id
619 3560 729 3590 necesse
742 3561 841 3600 fuerit,
857 3573 961 3604 nempe
983 3566 1064 3604 quod
1083 3568 1160 3598 reffe
1183 3568 1216 3599 ὃς

162 3597 280 3631 fideliter
295 3599 425 3637 injunCto
439 3599 489 3629 fibi
508 3598 630 3629 Munere
652 3598 861 3639 defungentur,
881 3604 930 3640 &,
956 3603 1073 3635 durante
1097 3605 1215 3637 Termi-

165 3646 205 3668 no
220 3638 356 3676 praediCto
370 3661 380 3676 ,
406 3639 516 3676 quoties
537 3638 699 3668 occasiones
723 3639 892 3679 inciderint,
910 3642 979 3672 huic
1001 3641 1092 3673 Oneri
1115 3644 1214 3675 sedulo

167 3675 336 3708 incumbent
353 3677 386 3707 δε
399 3685 516 3714 operam
529 3676 604 3707 suam
619 3676 797 3715 impendent,
814 3676 897 3716 idque
910 3681 1009 3718 gratis,
1028 3681 1096 3712 nihil
1112 3684 1128 3712 a
1145 3683 1218 3713 Sub-

167 3714 230 3744 ditis
244 3714 408 3753 Principum
422 3725 454 3746 ea
467 3715 502 3746 de
516 3715 595 3745 causa
608 3716 768 3754 exigentes,
793 3724 913 3753 excepto
936 3727 1031 3750 tamen
1052 3721 1102 3750 ubi
1124 3721 1220 3752 Partes

169 3753 369 3785 contendentes
379 3763 482 3785 eorum
495 3764 559 3790 quae
573 3753 649 3792 gesta
661 3755 764 3784 fuerint
786 3753 860 3784 Aeta
881 3755 932 3785 sibi
952 3756 1066 3797 Scripto
1088 3759 1147 3789 dari
1170 3769 1218 3796 pe-

172 3791 279 3829 tierint,
294 3800 379 3830 atque
391 3794 421 3823 in
435 3803 472 3823 eo
487 3792 548 3823 casu
567 3793 745 3830 Scriptorum
760 3791 874 3822 illorum
889 3793 1012 3826 Taxatio
1037 3806 1085 3835 per
1106 3797 1219 3828 eosdem

173 3827 388 3861 conservatores
401 3831 544 3862 moderata
558 3833 591 3863 ὃ(
605 3840 639 3861 ex
658 3841 743 3869 aequo
758 3832 790 3862 Sc
808 3831 888 3861 bono
905 3831 960 3863 fiet.

210 3865 344 3899 Praeterea
358 3879 534 3900 conventum
548 3871 580 3902 δε
595 3870 801 3900 concordatum
816 3868 856 3899 est
866 3893 874 3908 ,
893 3871 972 3908 quod
990 3873 1088 3903 omnia
1107 3873 1222 3911 Stipen-

174 3904 220 3935 dia
237 3905 269 3935 &
281 3905 379 3937 Salaria
393 3908 529 3939 exceffiva
539 3933 548 3947 ,
568 3909 601 3940 &
617 3909 669 3938 alia
682 3907 812 3938 proficua
825 3908 858 3938 &
869 3908 938 3946 Jura
953 3911 1079 3950 minuta,
1098 3913 1131 3943 δε
1151 3913 1222 3942 Por-

173 3943 245 3974 toria
258 3952 323 3981 quae
338 3944 478 3978 officiarii
492 3948 526 3979 &
548 3945 676 3977 Ministri
701 3946 849 3976 Locorum
872 3948 887 3977 a
910 3948 992 3978 dictis
1014 3948 1224 3981 Mercatoribus

174 3981 319 4019 utriusque
330 3981 495 4022 Principum
509 3986 636 4017 subditis
652 3984 748 4015 Modo
761 3985 896 4023 exigunt,
914 3987 1067 4026 nimirum,
1087 3988 1224 4019 Guardiae

168 4020 411 4059 Contraguardiae,
424 4024 596 4055 Oneratores
611 4026 644 4057 δε
657 4023 867 4055 Exoneratores
875 4023 1008 4055 Navium
1018 4048 1028 4064 ,
1052 4026 1225 4058 Fascicularii

1252 408 1441 439 constitutum
1456 409 1551 447 fuerit,
1569 411 1596 453 id
1611 412 1638 440 in
1653 412 1768 450 Scriptis
1781 417 1937 456 redacstum,
1955 421 2049 458 postea
2064 430 2110 459 per
2118 421 2190 452 Fora
2204 425 2237 453 &
2249 423 2305 452 Lo-

1253 454 1286 476 ca
1300 446 1411 484 publica
1425 448 1562 477 hincinde
1582 458 1609 477 iii
1625 457 1746 487 utroque
1762 452 1867 490 Regno
1880 466 2033 493 exponatur
2045 482 2053 496 ,
2070 461 2102 490 ὅ(
2118 460 2252 491 Postibus
2264 462 2306 491 af·

1254 485 1353 523 figatur
1366 508 1374 522 ,
1393 494 1424 528 ut
1438 486 1504 516 inde
1520 488 1833 529 unicuiquefiictorum
1844 493 2041 525 Mercatorum
2052 499 2224 529 innoiescere
2242 509 2308 537 pos·

1254 523 1285 552 sit
1303 524 1370 561 quid
1387 524 1437 553 libi
1454 525 1586 562 deinceps
1600 526 1759 561 hujusmodi
1774 529 1927 562 Officiariis
1943 534 1975 563 δε
1992 533 2116 564 Ministri
2127 556 2129 558 -
2140 560 2147 572 ,
2167 547 2218 575 pro
2232 539 2309 571 3213,

1254 562 1298 591 rio
1311 571 1395 600 atque
1408 562 1546 599 ejusmodi
1563 564 1677 593 minutis
1694 563 1808 601 Juribus
1824 569 1856 598 &
1878 568 2028 608 PortoriiS,
2047 573 2211 605 solvendum
2228 578 2269 608 sit.

1292 600 1446 638 Praeterea,
1462 601 1531 631 dicti
1547 601 1766 633 Conservatores
1781 607 1977 640 particulariter
1990 610 2140 648 inquirent,
2159 616 2190 645 ὃς
2207 615 2308 652 seipsos

1253 639 1353 669 instrui
1366 640 1522 677 curabunt,
1540 640 1576 670 de
1594 640 1779 671 Libertatibus
1794 644 1826 673 &
1843 643 2012 684 Privilegiis‚
2032 658 2094 685 quae
2114 652 2148 679 ab
2171 652 2309 692 aliquibus

1254 677 1425 708 Civitatibus
1441 679 1474 709 ὃς
1490 688 1591 708 eorum
1612 678 1734 716 Incolis,
1760 681 1789 709 in
1816 683 1957 720 utriusque
1981 684 2118 725 Principis
2140 689 2251 725 Regnis
2274 694 2309 723 ὃς

1254 715 1419 753 Dominiis,
1438 716 1651 755 praetenduntur
1666 718 1697 748 &
1713 718 1916 759 vendicantur,
1935 723 1967 752 ὃς
1981 723 2017 752 de
2029 724 2200 757 Commodis
2212 731 2245 760 &
2261 730 2310 762 In„

1254 755 1419 784 commodis
1432 756 1619 793 eorumdem,
1636 765 1694 794 quo
1708 756 1802 793 facto,
1818 759 1951 796 utrinque
1968 759 2099 799 Princeps
2121 765 2182 794 suos
2205 772 2309 800 certio.

1255 802 1297 822 res
1315 793 1417 829 faciet,
1435 802 1464 823 ut
1484 794 1548 824 inde
1564 794 1670 833 possint
1687 804 1721 825 ex
1740 805 1823 834 aequo
1836 798 1870 828 ὃς
1885 798 1966 827 bono
1983 800 2138 837 moderari,
2158 805 2189 833 ὃς
2249 817 2309 838 cer-

1254 839 1317 861 tum
1330 832 1428 869 redigi,
1437 842 1490 868 pro
1500 834 1606 862 ratione
1617 833 1796 871 antiquarum
1805 833 2052 868 Consuetudinum
2064 838 2174 870 dicioni
2202 845 2235 874 ad
2256 856 2309 876 co-

1254 879 1319 899 rum
1339 871 1372 901 &
1387 869 1558 908 Civitatum,
1573 871 1658 909 idque
1675 881 1708 901 ex
1727 872 1858 903 consulto
1868 873 1995 905 Concilii
2014 876 2151 915 utriusque
2166 879 2312 921 Principis„

1294 907 1413 938 Dabunt
1432 910 1518 939 etiam
1536 919 1652 946 operam
1677 911 1745 940 ἀίξῒί
1768 911 1989 944 Conservatores
2007 923 2036 945 ut
2063 914 2260 949 Mensurarum
2279 923 2313 953 &
2331 942 2335 946 .

1256 946 1424 976 Ponderum
1444 948 1474 976 in
1493 955 1614 985 utroque
1631 949 1735 987 Regno
1764 950 1833 984 iusta
1858 953 1947 990 ratio,
1965 962 2000 982 ex
2019 953 2142 992 Legibus
2166 958 2314 998 utrinque,

1256 985 1435 1021 observetur,
1454 985 1492 1014 ne
1507 985 1629 1016 alterutri
1648 985 1725 1018 Parti
1749 987 1831 1019 Fraus
1857 988 1919 1027 fiat,
1945 991 1977 1021 ὃς
2001 999 2031 1022 ut
2054 992 2162 1023 Abusus
2185 1004 2287 1026 omnes
2301 1020 2312 1036 ,

1256 1024 1305 1059 qui
1322 1033 1370 1060 per
1385 1022 1584 1053 Ministrorum
1599 1025 1739 1056 incuriam
1756 1036 1803 1057 aut
1815 1028 1886 1057 dolo
1903 1029 1979 1059 malo
2000 1029 2054 1060 hac
2074 1032 2182 1062 ratione
2201 1034 2315 1071 irrepse-

1258 1062 1330 1099 rint,
1349 1061 1484 1091 tollantur
1498 1084 1507 1099 ‚
1535 1062 1569 1092 ὃς
1593 1062 1630 1092 ne
1652 1063 1787 1102 deinceps
1807 1065 1963 1098 tolerentur
1984 1069 2128 1101 cavebunt
2146 1092 2157 1108 ,
2178 1071 2211 1101 &
2234 1073 2316 1109 quod

1261 1098 1375 1130 Merces
1390 1109 1454 1138 quae
1468 1099 1606 1130 hincinde
1627 1102 1655 1131 in
1679 1102 1813 1134 alterutro
1834 1103 2002 1143 Principum
2027 1107 2133 1146 Regno
2154 1118 2203 1147 per
2223 1110 2316 1142 didtos

1260 1136 1438 1168 Mercatores
1450 1146 1499 1168 aut
1514 1139 1624 1169 aliunde
1638 1141 1849 1180 subvehuntur,
1867 1153 1902 1174 an
1918 1145 2079 1176 Visitationi
2093 1147 2234 1186 subjacere
2257 1159 2318 1182 mea

1259 1185 1388 1214 reantur,
1406 1187 1442 1206 an
1460 1176 1555 1213 secus,
1575 1177 1610 1207 ad
1627 1178 1656 1209 id
1675 1180 1794 1217 requisiti
1810 1180 2015 1218 dijudicabunt.

1297 1214 1334 1245 Et
1351 1216 1488 1252 quoniam
1504 1216 1646 1254 praecipua
1665 1217 1789 1256 Qerela
1804 1219 1934 1251 Oratoris
1950 1222 2136 1254 Sereniffimae
2156 1223 2320 1265 Magestatir

1259 1256 1374 1290 Magnae
1390 1256 1565 1291 Britannice,
1591 1255 1624 1285 ὃς
1647 1254 1844 1287 Mercatorum
1867 1259 2029 1298 Anglorum
2052 1262 2085 1292 ὃς
2105 1263 2226 1294 aliorum
2251 1264 2320 1302 ejus-

1260 1291 1326 1321 dem
1345 1292 1429 1331 Regis
1443 1291 1649 1328 Subditorum,
1663 1294 1754 1324 existit
1772 1317 1781 1330 ,
1808 1305 1908 1328 contra
1931 1298 2077 1330 Arrestum
2099 1302 2132 1332 ὅ(
2157 1301 2319 1334 Decretum

1259 1330 1405 1367 quoddam
1421 1332 1449 1360 in
1463 1329 1601 1361 Concilio
1624 1330 1851 1371 Christianiffimae
1874 1336 2046 1377 Majestatir,
2065 1339 2201 1370 vicesimo
2222 1342 2320 1378 primo

1261 1369 1367 1406 Aprilis
1382 1369 1471 1399 Antio
1487 1369 1587 1400 Salutis
1602 1370 1752 1400 milleiimo
1766 1372 1969 1405 sexcentesimo
1984 1376 2108 1416 editum,
2128 1388 2186 1416 quo
2200 1388 2319 1411 cavetur

1259 1409 1295 1437 de
1310 1406 1476 1437 Pannorum
1494 1407 1657 1438 Laneorum
1674 1408 1804 1447 Opificio
1827 1412 1860 1443 ὃς
1884 1413 2043 1453 Qualitate,
2069 1426 2118 1454 per
2141 1416 2321 1450 Mercatores

1262 1445 1371 1484 Anglos
1387 1447 1415 1475 in
1430 1445 1557 1476 Galliam
1572 1446 1840 1487 subvehendorum,
1862 1453 1987 1483 maxime
2013 1456 2084 1484 vero
2106 1456 2133 1484 in
2161 1454 2321 1488 Provinciis

1260 1486 1460 1526 Normasqnt'ae,
1477 1486 1637 1515 Britannias
1652 1488 1763 1516 minoris
1773 1509 1782 1524 ,
1798 1487 1831 1517 &
1849 1490 2009 1529 Guienniae,
2028 1491 2250 1540 Christianiffima
2265 1498 2319 1525 Re-

1256 1525 1304 1559 gia
1319 1522 1472 1562 MaJestas,
1499 1523 1597 1553 volens
1619 1525 1756 1560 praedicto
1777 1527 1842 1563 Regi
1863 1530 1977 1565 Magnae
1991 1531 2149 1561 Britanniae
2166 1529 2252 1563 iri-..tri
2268 1534 2320 1564 suo

1260 1561 1426 1591 charissimo
1439 1562 1468 1591 in
1481 1571 1517 1592 co
1532 1561 1697 1601 gratificari,
1715 1563 1743 1593 id
1759 1563 1857 1603 saepius
1872 1568 2031 1604 requirente
2044 1569 2115 1599 dieti
2138 1570 2223 1609 Regis
2245 1571 2320 1603 Ora-

1261 1607 1340 1636 tore,
1359 1600 1436 1630 ultro
1451 1601 1533 1630 etiam
1548 1600 1604 1639 ipse
1618 1601 1851 1641 christianissimus
1863 1606 1942 1643 Rex,
1962 1607 2078 1644 cupiens
2100 1609 2260 1646 expeditum
2285 1612 2319 1642 ὃς

1259 1637 1369 1668 facilius
1394 1638 1473 1668 reddi
1493 1638 1551 1668 hoc
1569 1639 1718 1670 <iustorum
1742 1641 1906 1672 Pannorum
1929 1645 2001 1675 inter
2025 1645 2119 1675 diiios
2143 1645 2322 1680 Mercatores

1259 1674 1500 1713 Commercium,
1518 1678 1555 1707 ne
1571 1678 1638 1716 quid
1653 1678 1758 1709 interea
1774 1678 1960 1712 incommodi
1976 1682 2041 1714 inde
2056 1683 2238 1721 Reipublicae
2254 1695 2321 1724 pro—

1259 1715 1374 1752 veniat,
1393 1714 1460 1744 illud
1476 1714 1636 1745 Decretum
1658 1724 1829 1748 revocatum
1853 1719 1886 1749 &
1909 1720 2076 1759 abrogatum
2093 1723 2171 1761 vult,
2189 1725 2264 1754 idem
2287 1735 2321 1755 ue

1260 1761 1380 1783 revocat
1396 1753 1429 1783 ὃς
1442 1753 1578 1792 abrogat,
1597 1754 1631 1784 ὃ(
1644 1763 1681 1784 eo
1702 1766 1760 1785 tion
1775 1758 1863 1787 teneri
1888 1757 2070 1790 Mercatores
2092 1760 2137 1792 An
2163 1764 2203 1793 los
2229 1762 2248 1783 ²*

1258 1791 1356 1829 clarat,
1374 1791 1590 1829 neeat‘rquando
1604 1792 1794 1830 imposterum
1813 1796 1957 1827 obnoxios
1972 1797 2034 1828 fore
2051 1798 2110 1830 ullis

1258 1830 1343 1860 nibus
1358 1839 1423 1867 quae
1436 1839 1471 1861 ex
1486 1839 1582 1862 mente
1591 1831 1662 1861 illius
1678 1833 1793 1871 Arresti,
1811 1834 1856 1863 vel
1868 1835 1984 1866 aliarum
2002 1846 2247 1878 quarumcumque
2265 1840 2321 1872 Le-

1259 1877 1331 1905 gum
1345 1867 1525 1899 Statutorum
1537 1877 1583 1900 aut
1598 1868 1823 1901 Ordinationum
1833 1893 1843 1908 ,
1868 1872 1926 1903 ullo
1949 1877 2041 1905 modo
2057 1877 2179 1909 antehac
2198 1878 2235 1909 de
2251 1878 2321 1917 ejus-

1259 1906 1339 1937 modi
1356 1906 1460 1937 Pannis
1472 1916 1506 1938 ex
1522 1907 1599 1938 Lana
1614 1908 1753 1939 confectis
1767 1910 1921 1950 editorum,
1939 1914 2078 1950 quantum
2092 1915 2126 1946 ad
2142 1916 2231 1948 dietas
2238 1916 2322 1948 Con-

1260 1944 1416 1976 fiscationes
1431 1946 1546 1985 attinet,
1563 1945 1607 1977 sed
1622 1947 1789 1984 permissum
1805 1949 1838 1979 δε
1852 1948 1978 1982 liberum
1993 1952 2048 1982 effe
2073 1954 2150 1993 vult,
2175 1956 2209 1986 δε
2230 1955 2320 1987 libere

1259 1983 1342 2014 dictis
1358 1983 1571 2015 Mercatoribus
1586 1985 1687 2024 Anglis
1697 1987 1835 2025 permittit
1849 1988 1883 2018 ὃς
1906 1991 2057 2030 concedit,
2081 2001 2112 2023 ut
2127 2016 2137 2031 ,
2160 1993 2180 2023 fi
2200 1994 2247 2032 qui
2270 1995 2320 2026 ali·-

1261 2022 1378 2060 quando
1393 2023 1586 2063 imposterum
1601 2024 1692 2054 Panni
1705 2033 1738 2055 ex
1756 2025 1849 2064 Lana,
1867 2033 1898 2056 ut
1915 2029 2076 2068 praefertur,
2093 2030 2219 2062 confeffi
2234 2033 2320 2063 vitio-

1259 2062 1297 2099 si,
1314 2070 1363 2099 per
1376 2062 1438 2092 illos
1456 2071 1503 2092 aut
1517 2071 1617 2092 eorum
1633 2063 1757 2101 aliquem
1771 2063 1952 2096 Commercii
1967 2067 2049 2098 causa
2063 2070 2093 2098 in
2115 2069 2241 2101 Galliam
2253 2070 2321 2102 sub-

1259 2100 1414 2137 vehantur,
1431 2100 1548 2131 eosdem
1562 2102 1721 2140 remittere,
1737 2103 1771 2134 &
1785 2104 1802 2133 e
1818 2103 1911 2134 Gallia
1923 2108 2106 2145 transportare
2127 2108 2215 2140 libere
2230 2111 2263 2142 ὃς
2279 2110 2320 2140 fi:-

1262 2139 1330 2169 cure
1344 2139 1465 2178 poffint:
1496 2139 1535 2170 Et
1554 2141 1695 2177 quoniam
1719 2142 1846 2178 praediffi
1868 2141 2046 2176 Mercatores
2070 2146 2174 2186 Angli,
2199 2157 2234 2178 ex
2256 2148 2324 2179 Lite

1260 2177 1344 2208 motfi
1359 2177 1394 2208 de
1407 2177 1555 2208 dictorum
1572 2179 1737 2209 Pannorum
1754 2180 1792 2211 sic
1806 2180 1995 2214 advectorum
2012 2184 2154 2223 Qialitate
2165 2208 2175 2222 ,
2194 2186 2228 2217 δε
2242 2196 2276 2217 ex
2291 2196 2323 2218 e-

1260 2215 1382 2253 jusmodi
1397 2215 1613 2253 Disceptatione
1626 2216 1762 2249 Molestia
1776 2219 1808 2250 ὃς
1823 2219 1959 2260 Damno,
1966 2224 2023 2254 una
2037 2233 2106 2254 cum
2118 2222 2234 2262 JaCtura
2248 2233 2324 2256 tem-—

1261 2255 1337 2292 poris
1348 2254 1383 2285 &
1396 2254 1547 2286 Mercium
1559 2255 1756 2295 detentarum,
1774 2257 1852 2288 affici
1865 2259 1985 2300 possint,
2004 2270 2187 2294 conventum
2200 2263 2235 2294 &
2249 2273 2327 2295 con-

1263 2293 1414 2325 cordatum
1428 2293 1471 2325 est
1485 2294 1566 2332 quod
1588 2317 1598 2332 ,
1625 2295 1755 2332 praedieti
1780 2295 2004 2329 Conservatores
2025 2299 2208 2332 Commercii
2231 2302 2324 2333 modo

1262 2332 1383 2369 praefato
1399 2331 1535 2372 Deputati
1545 2356 1555 2371 ,
1571 2333 1591 2363 si
1609 2334 1724 2371 quando
1737 2334 1772 2365 ad
1786 2345 1835 2366 eos
1847 2335 1986 2373 ejusmodi
2002 2338 2127 2378 Qerela
2147 2340 2237 2371 delata
2263 2340 2326 2372 fue-

1263 2371 1318 2408 rit,
1337 2370 1511 2402 Sententiam
1525 2371 1616 2402 ferent
1627 2372 1742 2410 quinam
1756 2373 1870 2404 illorum
1887 2375 2065 2414 Pannorum,
2082 2379 2130 2408 cui
2145 2378 2174 2408 in
2190 2379 2324 2417 quaestio-¹

1263 2418 1330 2439 nem
1346 2411 1481 2448 veniunt,
1499 2419 1552 2450 pro
1567 2410 1717 2448 legitimis,
1743 2410 1894 2450 habitaque
1916 2415 2025 2446 ratione
2047 2415 2249 2448 Confectionis
2271 2427 2323 2448 eo-

1263 2447 1415 2486 rumdem,
1433 2449 1503 2478 item
1520 2447 1629 2479 Valoris
1642 2451 1675 2481 δε
1690 2449 1802 2488 Precii,
1817 2460 1871 2489 pro
1885 2451 2038 2484 Venalibus
2054 2455 2150 2485 haberi
2165 2457 2199 2487 ὃς
2221 2456 2324 2495 exponi

1262 2486 1367 2524 poffint
1389 2487 1422 2518 &
1435 2487 1576 2525 debeant,
1595 2488 1628 2519 ὃ(
1643 2489 1758 2526 quinam
1777 2498 1829 2528 pro
1844 2489 1959 2521 Vitiosis
1972 2492 2119 2530 rejiciendi
2134 2495 2166 2525 ὃς
2180 2496 2325 2526 remitten-

1264 2524 1293 2555 di
1309 2525 1378 2563 sirit,
1396 2534 1519 2563 quorum
1534 2526 1781 2556 Conservatorum
1795 2527 1988 2559 Conscientiae
2008 2531 2042 2561 &
2065 2533 2151 2562 bonae
2174 2532 2251 2562 Fidei
2276 2540 2324 2563 to-

1262 2570 1327 2593 tum
1344 2563 1405 2594 hoc
1420 2563 1583 2602 Negotium
1602 2566 1664 2594 Rex
1683 2563 1920 2605 Christianiffimus
1939 2570 2116 2609 committit,
2133 2579 2225 2601 ratum
2245 2570 2324 2610 quod

1264 2601 1295 2630 in
1311 2610 1346 2631 eo
1362 2601 1484 2632 fecerint
1498 2602 1663 2642 habiturus,
1681 2602 1718 2633 Et
1734 2604 1812 2640 quod
1827 2604 1863 2634 ad
1880 2605 1995 2637 Parmos
2011 2617 2082 2646 quos
2102 2610 2209 2639 remitti
2223 2618 2259 2640 ex
2271 2619 2323 2640 eo-

1263 2648 1329 2669 rum
1344 2639 1489 2670 Sententia
1502 2642 1668 2680 contigerit,
1688 2641 1757 2672 nihil
1769 2643 1829 2680 jure
1842 2641 1959 2682 Exitus,
1974 2654 2022 2682 per
2037 2646 2148 2684 Regios
2165 2646 2325 2687 Ministros,

1265 2678 1282 2708 ὲ
1297 2676 1506 2708 Mercatoribus
1519 2689 1643 2717 quorum
1659 2689 1691 2710 ea
1706 2679 1786 2710 Bona
1800 2681 1878 2719 sunt,
1895 2684 1924 2712 in
1940 2683 2083 2722 posterum
2097 2686 2234 2723 exigetur.

1301 2715 1490 2748 Conventum
1505 2718 1618 2748 ulterius
1631 2718 1664 2748 &
1680 2719 1889 2749 concordatum
1905 2720 1964 2759 est,
1984 2723 2064 2759 quod
2080 2722 2211 2755 Libertas
2226 2723 2322 2756 Com-

1266 2756 1366 2784 mercii
1382 2756 1513 2793 utrinque
1527 2757 1653 2786 omnino
1672 2758 1835 2787 retinebitur
1850 2780 1859 2795 ,
1877 2768 1911 2788 ex
1927 2761 2032 2790 ratione
2048 2763 2187 2800 praesentis
2201 2764 2234 2794 &
2251 2772 2323 2802 prae-

1264 2793 1431 2824 cedentium
1448 2794 1655 2832 Traeiatuum,
1672 2795 1708 2825 de
1724 2795 1910 2827 subvehendis
1927 2798 2151 2839 quibuscumque
2172 2800 2324 2832 Mercibus

1265 2832 1431 2863 manufactis
1447 2841 1495 2864 aut
1515 2843 1575 2863 non
1592 2833 1779 2872 manufactis,
1798 2844 1890 2874 neque
1902 2835 2036 2867 hincinde
2051 2839 2079 2868 in
2104 2839 2235 2870 alterutro
2257 2839 2319 2872 Re-

1262 2879 1386 2909 gnorum
1400 2871 1503 2902 faciant
1520 2871 1729 2904 prohibitiones
1765 2874 1798 2903 &
1813 2873 1897 2912 siqu-'e
1913 2876 2049 2906 recentius
2073 2876 2156 2907 fatiae
2173 2877 2223 2907 lint
2238 2887 2323 2908 revo-

1264 2909 1422 2948 cabuntur,
1445 2911 1571 2948 exceptis
1593 2920 1691 2942 tamen
1710 2896 1761 2942 ill'is
1786 2910 1950 2951 Mercibus,
1976 2923 2095 2952 quarum
2123 2915 2252 2946 adverstio
2274 2923 2324 2948 aut

1263 2947 1461 2987 transportatio
1473 2949 1593 2979 antehac
1605 2949 1714 2985 semper
1728 2949 1856 2986 Legibus
1875 2952 1908 2983 ὃς
1925 2951 2038 2982 Statutis
2062 2954 2190 2991 utrinque
2213 2954 2324 2993 existit,

1264 2987 1298 3017 &
1315 2986 1408 3016 modo
1429 2988 1517 3017 etiam
1537 2987 1589 3017 sub
1611 2988 1704 3019 Poena
1727 2988 1943 3019 Confiscationis
1964 2990 2107 3028 prohibita
2124 2991 2215 3022 existit
2229 3015 2238 3029 ,
2259 3002 2324 3030 quae

1262 3025 1349 3054 etiam
1366 3033 1395 3055 ut
1410 3033 1496 3055 certae
1511 3025 1545 3056 &
1561 3027 1687 3062 cognitae
1701 3026 1751 3056 sint
1766 3027 1880 3066 Scripto
1894 3029 2104 3068 comprehense
2121 3030 2211 3061 modo
2230 3030 2323 3069 supra*

1261 3062 1343 3093 dieto
1365 3063 1500 3102 utrinque
1523 3064 1638 3102 publice
1659 3073 1872 3105 proponentur,
1899 3067 1932 3097 &
1954 3069 2209 3100 Conservatoribus
2229 3068 2324 3100 Com-

1261 3101 1359 3131 mercii
1370 3102 1558 3142 Transcripto
1571 3103 1722 3134 tradentur.

1297 3138 1487 3172 Conventum
1507 3141 1620 3171 ulterius
1640 3142 1674 3172 &
1698 3142 1903 3173 concordatum
1926 3142 1982 3181 est,
2003 3144 2082 3182 quod
2097 3169 2107 3184 ,
2131 3145 2148 3175 si
2168 3145 2320 3184 reperiatur

1260 3176 1354 3208 Navis
1367 3179 1460 3218 aliqua
1475 3181 1493 3210 ὲ
1507 3178 1596 3211 Portu
1618 3180 1713 3218 aliquo
1737 3181 1859 3219 Magnae
1881 3182 2030 3213 Britanniae
2050 3192 2096 3214 aut
2119 3184 2244 3214 Franciae
2265 3183 2322 3213 sol-

1259 3225 1338 3255 vens,
1356 3219 1457 3256 majori
1472 3220 1627 3256 quantitate
1646 3218 1794 3250 Mercium
1809 3229 1923 3251 onerata
1942 3223 2026 3259 quam
2046 3232 2098 3260 pro
2118 3223 2219 3260 quibus
2234 3220 2316 3251 Prin·

1259 3255 1317 3293 cipi
1334 3265 1369 3286 ex
1386 3258 1514 3288 alterutra
1529 3265 1606 3294 parte
1619 3256 1712 3287 debita
1726 3257 1880 3298 Vectigalia
1894 3261 2030 3296 perinluta
2048 3261 2165 3296 fuerint,
2184 3260 2239 3289 ill-ie
2255 3267 2319 3290 tan⁴

1258 3295 1416 3326 tummodo
1434 3295 1574 3326 dictarum
1588 3295 1735 3327 Mercium
1748 3306 1838 3334 partes
1849 3297 2010 3329 confiscata:
2026 3308 2126 3337 erunt,
2144 3308 2195 3337 pro
2212 3298 2318 3336 quibus

1258 3332 1333 3363 dicta
1353 3333 1506 3374 Vettigaiia
1518 3344 1579 3364 nori
1596 3334 1661 3365 sunt
1675 3336 1812 3372 persoluta
1822 3359 1832 3373 ,
1847 3337 1954 3366 caeteris
1970 3338 2105 3367 omnibus
2118 3338 2203 3366 libere
2220 3336 2318 3366 dimis-

1258 3371 1309 3410 sis,
1328 3372 1443 3415 Qiod,
1458 3373 1477 3403 si
1497 3373 1570 3404 forte
1587 3373 1658 3403 inter
1676 3374 1764 3404 diftas
1785 3373 1899 3404 Merces
1918 3376 2086 3413 reperiantur
2100 3373 2235 3414 ejusmodi
2250 3384 2318 3413 qua-

1258 3420 1324 3440 rum
1342 3412 1559 3449 Traniportatio
1580 3411 1705 3449 Legibus
1724 3411 1820 3451 Regni
1838 3422 1871 3443 ex
1896 3422 1954 3452 quo
1977 3413 2194 3456 transportantur
2221 3414 2318 3450 prohi-

1258 3449 1316 3517 ts>ita
1334 3450 1386 3518 ξπ,
1404 3460 1442 3480 eo
1458 3451 1522 3482 casu
1535 3450 1737 3481 Ordinationes
1755 3451 1788 3482 &
1806 3450 1914 3482 Statuta
1932 3452 2101 3489 Regnorum
2121 3460 2251 3490 utrinque
2264 3451 2319 3482 obe

1272 3497 1337 3518 erva
1362 3497 1455 3519 untur.

1296 3526 1430 3558 Similiter
1444 3534 1622 3558 conventum
1635 3527 1669 3558 ὃς
1684 3526 1895 3558 concordatum
1912 3527 1972 3566 est,
1990 3528 2069 3566 quod
2092 3526 2268 3560 Mercatores
2283 3528 2318 3560 &

1259 3564 1368 3596 Incolae
1387 3566 1539 3596 insularum
1558 3565 1592 3595 de
1608 3564 1712 3604 Jmfiy
1726 3567 1759 3597 ὃ(
1777 3565 1897 3604 Garnfiy
1915 3566 2000 3595 libere
2017 3566 2048 3596 δε
2067 3565 2163 3597 secure
2190 3569 2318 3607 negotia-

1259 3605 1282 3633 ri
1299 3605 1423 3641 poterint
1442 3605 1471 3634 in
1493 3603 1597 3640 Regno
1617 3603 1720 3634 Galliae
1731 3626 1740 3641 ,
1756 3604 1789 3634 &
1807 3605 1916 3641 paribus
1933 3605 2085 3641 iisdemque
2111 3604 2264 3644 privilegiis
2281 3608 2316 3637 &

1261 3643 1452 3673 Libertatibus
1469 3641 1573 3671 ibidem
1593 3643 1731 3678 gaudeant
1756 3643 1789 3672 &
1814 3642 1957 3679 fruantur,
1982 3644 2083 3681 quibus
2104 3643 2320 3685 Christianiffimi

1260 3684 1340 3718 Regis
1353 3682 1466 3711 Subditi
1486 3681 1513 3709 in
1533 3679 1615 3710 dictis
1635 3679 1731 3710 insulis
1754 3679 1923 3717 gaudent&
1944 3681 2088 3720 fruuntur,
2115 3683 2260 3719 persolutis
2276 3691 2317 3713 ta-

1262 3729 1330 3749 men
1348 3722 1381 3751 &
1402 3718 1529 3756 praestitis
1546 3719 1682 3748 omnibus
1698 3727 1762 3756 quae
1787 3719 1934 3756 utrobique
1960 3719 1994 3749 ad
2017 3719 2162 3758 Principes
2179 3723 2321 3759 pertinent

1262 3759 1296 3788 ὅ(
1313 3757 1350 3788 de
1363 3759 1426 3796 jure
1440 3758 1587 3788 debentur.
1886 3795 1891 3799 Ι

1297 3796 1445 3826 Reddetur
1467 3796 1549 3825 etiam
1573 3793 1696 3824 Subditis
1720 3792 1892 3824 Sereniffimi
1919 3797 1996 3832 Regis
2017 3797 2131 3833 Magne
2161 3800 2321 3828 Britanniae

1262 3835 1291 3865 in
1309 3836 1445 3865 omnibus
1462 3833 1557 3864 Caulis
1572 3834 1604 3863 &
1624 3831 1800 3862 Proceffibus
1814 3832 1866 3862 suis
1891 3842 2021 3871 prompta
2037 3837 2076 3866 ¹&
2093 3837 2218 3873 expedita
2229 3836 2318 3874 Justi-

1262 3875 1317 3911 tia,
1333 3873 1513 3903 mandabitur
1537 3871 1621 3900 etiam
1650 3871 1784 3900 omnibus
1811 3871 1843 3901 &
1870 3872 1978 3909 singulis
1999 3871 2151 3904 Officiariis
2171 3877 2203 3906 &t
2224 3873 2319 3904 Mini-

1264 3911 1323 3941 stris
1343 3912 1482 3942 Portuum
1510 3908 1688 3938 Normandxae
1707 3932 1716 3946 ,
1744 3912 1898 3938 Bririmniae
1920 3914 2048 3949 minoris,
2066 3913 2098 3942 ὃ(
2118 3915 2265 3951 Guiennae,
2284 3921 2315 3944 ut

1264 3950 1426 3980 humaniter
1445 3950 1477 3979 ὃς
1497 3956 1564 3977 curn
1582 3947 1679 3977 favore
1694 3947 1784 3976 ditTtos
1802 3947 1935 3977 Subditos
1956 3950 2066 3979 tractari
2084 3959 2200 3988 curent,
2220 3953 2270 3989 &‚
2288 3962 2318 3982 e-

1266 3997 1412 4018 mei·⁰eiite
1431 3988 1525 4024 aliquo
1542 3985 1672 4024 Negotio
1690 3985 1802 4024 majoris
1821 3988 1962 4017 momenti
1980 3995 2026 4017 aut
2052 3990 2164 4027 meriti,
2189 3990 2233 4019 sua
2251 3992 2318 4019 Ma-

1264 4012 1346 4065 jeftj}
1365 4022 1589 4068 christianiffiqna
1604 4021 1742 4053 Concilio
1758 4024 1808 4054 suo
1826 4025 1949 4062 injungit
1974 4033 2003 4056 ut
2029 4026 2086 4064 ejus
2110 4027 2198 4058 causae
2218 4028 2321 4064 cogni-

172 4060 230 4090 sive
242 4056 449 4095 Colligatorum
463 4062 624 4093 Portatorea
640 4062 696 4092 five
721 4062 824 4100 Bajuli,
842 4063 875 4093 ὃς
898 4064 928 4093 in
949 4064 1107 4095 universum
1125 4076 1228 4097 omnes
1269 4074 1378 4096 tionem
1393 4066 1441 4102 ipii
1458 4062 1623 4106 suscipiant,
1648 4070 1694 4105 aut
1713 4062 1820 4100 judices
1847 4071 1908 4093 non
1931 4062 2069 4102 suspectos
2095 4065 2229 4108 Partibus·
2246 4066 2321 4094 dele·-

172 4097 298 4138 ejusdem>
309 4096 423 4129 Ordinis
436 4098 577 4135 officiarii
591 4103 625 4134 ὃς
641 4100 768 4132 Ministri
791 4101 915 4140 publici,
937 4110 986 4140 per
1006 4102 1120 4134 eosdem
1145 4103 1228 4135 Cori-
1269 4112 1351 4143 gent:
1370 4102 1405 4133 Et
1422 4100 1546 4132 similiter
1561 4099 1738 4131 Serenisfima
1753 4099 1887 4140 Menestas
1902 4104 2018 4140 Magnae
2030 4106 2188 4134 Britanniae
2200 4126 2209 4140 2
2222 4113 2249 4132 in
2261 4103 2322 4132 Ree

2262 4141 2326 4178 gnis

2289 1773 2319 1794 e·
2340 1769 2452 1805 *XVL

2149 1800 2316 1832 'onfiscatio-
2338 1811 2404 1846 649,
