2557 4279
36 280 111 311 Ann.
121 275 160 307 D.

54 326 137 355 1590.

39 366 81 392 32.
100 357 168 382 Etiz.

70 399 127 430 Reg.

38 2359 54 2374 ὃ*
81 2357 134 2383 XV
141 2357 153 2384 I
160 2376 166 2383 .

75 2395 120 2421 8ο.

36 2431 100 2461 Rihl.
112 2437 167 2460 Cot-

38 2479 90 2500 ton.
110 2476 173 2498 Nero

784 193 897 234 ET·
979 195 1245 236 ACTA

220 279 290 318 But,
309 278 562 318 notwithstanding
577 278 630 308 this
654 278 805 318 Accorde‚
823 279 871 310 the
890 279 1015 319 Captens
1036 281 1097 311 doo
1120 291 1188 312 now
1204 281 1247 310 in-

187 318 263 349 form
279 318 325 349 Us
340 318 417 355 that,
436 326 568 356 contrary
585 326 615 347 to
632 317 679 346 the
693 318 787 354 same,
805 319 860 348 and
874 327 905 348 to
931 319 979 348 the
1000 319 1128 349 Promise
1150 319 1185 349 of
1198 320 1247 349 the

186 361 268 387 Conte
283 359 407 385 Maurice
425 355 514 385 under
529 356 570 385 his
586 354 674 385 Hand
690 355 798 386 VVritin
827 379 836 394 ‚
860 357 908 387 the
923 357 979 386 said
999 362 1117 395 Captens
1139 368 1183 387 are
1208 358 1246 398 by

187 398 234 427 the
250 399 339 425 Staces
354 394 407 424 and
422 398 505 423 conte
518 393 653 430 deprived
668 395 705 423 of
711 394 782 424 their
816 395 998 434 ‘ompanyes,
1015 396 1071 426 and
1087 396 1158 427 their
1172 396 1246 434 'Pay-

187 444 280 466 ments
296 443 374 470 upon
391 433 461 463 their
475 441 626 469 accompts
640 431 757 462 refused.

223 473 337 503 Which
365 473 449 510 being
473 480 550 508 true,
575 470 636 500 We
656 471 727 500 have
749 471 828 508 good
844 471 923 502 cause
944 482 974 502 to
990 473 1072 502 think
1093 483 1146 503 our
1161 472 1246 504 selves

184 512 282 552 highly
296 511 420 541 touched
437 512 466 539 in
489 510 677 546 Reputati0n3
703 510 758 539 and
780 510 936 547 therefore,
956 519 1013 552 ⁴not
1031 511 1172 549 knowing
1192 521 1246 550 any

184 552 279 581 furder
297 559 396 580 matter
420 549 593 585 whereupon
617 556 649 578 to
665 548 770 586 judgeb
789 549 839 578 but
851 549 897 577 the
913 548 1104 591 Intormation
1122 551 1158 580 of
1171 550 1245 581 these

187 593 305 628 Captens
316 613 324 627 ,
342 588 402 617 We
416 588 488 618 have
502 586 618 624 granted
633 595 663 616 to
679 586 756 616 them
772 587 831 616 that
845 586 906 615 We
923 586 981 615 will
996 590 1076 617 caule
1101 588 1149 618 the
1169 589 1245 619 State

185 630 222 660 of
233 630 304 659 their
320 626 411 657 Cause
433 636 463 656 to
486 627 522 656 be
544 623 672 655 declared
687 632 718 654 to
735 625 782 655 the
797 628 888 653 states
908 624 1054 663 Generall,
1074 627 1129 656 and
1152 635 1184 658 [ο
1200 638 1244 658 re-

186 669 266 707 quire
280 679 295 697 3
309 665 446 696 Redreffe
462 664 579 695 thereos.

223 707 290 737 And
312 706 356 736 for
371 705 425 734 this
446 702 563 741 purpose
576 701 638 731 W⁷e
653 700 709 739 do,
728 701 765 740 by
779 700 852 731 these
872 699 1030 739 Presentes,
1050 703 1109 732 will
1130 704 1184 734 and
1201 715 1246 734 re-

184 748 266 783 quire
282 754 338 783 you
352 753 383 773 to
397 743 461 773 take
469 742 502 771 all
515 740 583 771 such
598 739 848 778 Informations‚as
861 739 910 769 the
924 739 979 769 said
995 743 1128 779 Captens,
1147 742 1245 780 bring-

184 785 235 853 ing
251 781 518 854 {ssZstGffiEssfet‘eg}
530 778 1246 856 ἳὲἓίῐἘξ11111,ξὲ[ἓίἵξυζῖξςάἕὲξῑὲγυὲἒ[ἔῗέζ

198 833 231 853 ee
1133 841 1143 856 ,

186 861 512 932 apffrriilmzltstgikisardes,
531 894 602 925 with
618 903 645 923 as
666 893 842 924 convenient
863 892 972 933 Speede
989 904 1016 924 as
1035 904 1094 933 you
1111 905 1191 936 may,
1209 907 1244 936 ye

189 938 275 976 111311,
292 939 319 968 in
340 945 392 966 our
415 933 528 976 Name,
551 931 687 972 expresssy
703 933 812 971 require
830 932 878 962 the
901 935 996 961 States
1010 933 1143 963 Generall
1155 944 1185 964 to
1200 945 1244 965 re-

186 987 275 1046 5533?
282 969 1010 1051 &03131-{35‘3‘3323‘3205-{1es‘zss‘anzffssssfrsscfi‘fflhss
1013 981 1092 1041 ἓξὲξ
1095 972 1242 1042 iffi&

185 1054 222 1083 de
237 1050 444 1083 betwiXtthem
457 1047 512 1078 and
534 1049 581 1078 the
602 1051 684 1077 conte
708 1050 855 1085 Mauryce,
895 1048 962 1077 with
985 1048 1032 1078 the
1056 1048 1110 1078 said
1127 1053 1243 1088 Captens

184 1102 262 1129 upon
280 1092 326 1120 the
340 1088 520 1119 Solicitation
533 1086 570 1116 of
579 1087 625 1116 the
640 1089 677 1115 L.
693 1088 734 1115 W
734 1085 863 1126 illoughby
877 1084 931 1115 and
947 1096 1000 1116 our
1016 1085 1165 1119 Consellor
1178 1089 1239 1118 Kil-

182 1130 299 1167 Iegrew,
318 1127 416 1158 which
433 1135 468 1165 ye
481 1135 545 1165 may
562 1125 668 1164 alledge
680 1125 746 1165 they
761 1132 868 1155 cannot
883 1124 985 1155 violate
1004 1126 1130 1158 without
1148 1128 1242 1165 preju-

180 1169 244 1198 dice
259 1169 295 1197 os
305 1176 358 1197 our
375 1165 506 1195 Honour.

222 1206 287 1239 And
310 1203 435 1236 thetfore
453 1202 515 1233 We
534 1202 609 1233 wish
628 1203 708 1233 them
733 1209 764 1232 to
788 1201 861 1232 have
885 1211 966 1232 more
992 1202 1104 1241 regarde
1126 1202 1240 1241 theros,

182 1246 249 1277 than
273 1244 310 1275 of
333 1252 385 1283 any
412 1240 560 1280 particuler
587 1241 693 1271 Proffit
718 1250 752 1271 or
777 1241 859 1271 other
880 1240 1019 1278 Displesur
1037 1242 1176 1272 towardes
1194 1243 1241 1272 the

180 1286 234 1315 said
256 1287 388 1321 Captens,
406 1281 511 1316 having
532 1281 604 1310 bene
624 1279 697 1310 Men
715 1279 753 1309 of
767 1280 845 1316 good
866 1278 998 1318 Service,
1016 1280 1124 1317 against
1141 1281 1241 1311 whom

182 1324 230 1354 the
249 1321 337 1352 worst
354 1320 417 1359 they
435 1318 537 1349 coulde
552 1317 658 1357 alledge
675 1328 731 1348 was
747 1319 806 1348 that
821 1318 902 1356 they,
923 1319 960 1358 by
977 1318 1242 1350 Commandement

182 1362 219 1392 of
238 1361 308 1391 their
332 1369 401 1390 own
426 1357 559 1388 Generall
584 1356 692 1386 th'Erle
715 1355 750 1394 of
768 1356 921 1397 Leycester,
946 1357 1014 1394 did,
1039 1368 1067 1387 as
1084 1357 1118 1387 all
1138 1358 1241 1388 honest

182 1400 307 1438 Captens
325 1399 412 1436 ought
430 1405 460 1427 to
478 1396 549 1426 have
566 1395 642 1434 don,
660 1395 789 1435 promyse
807 1396 896 1425 either
916 1396 953 1434 by
974 1395 1037 1425 Oth
1055 1406 1089 1425 or
1106 1396 1242 1427 otherwi-

180 1439 209 1469 se
223 1448 255 1469 to
275 1438 362 1476 keepe
382 1436 441 1466 that
457 1435 559 1464 Town
577 1432 646 1472 fase,
664 1434 719 1464 and
739 1433 794 1462 3110
810 1441 842 1463 to
860 1432 939 1464 serve
958 1433 1006 1464 Us
1027 1443 1059 1464 to
1075 1435 1176 1466 whom
1195 1435 1243 1466 the

181 1477 276 1508 whole
295 1475 403 1513 Contry
423 1482 480 1504 was
497 1472 670 1503 committed
690 1474 720 1502 in
738 1470 916 1503 protectior).

222 1554 262 1584 So
276 1563 305 1583 as
322 1550 494 1582 whatsoever
514 1549 605 1587 might
626 1549 663 1579 be
683 1548 832 1580 construed
853 1556 885 1579 to
905 1550 941 1580 be
960 1549 1077 1581 Service
1093 1559 1165 1582 unto
1184 1552 1242 1590 Us‚

184 1593 278 1627 ouzht
295 1599 346 1620 not
366 1591 401 1629 by
420 1598 473 1628 any
491 1588 586 1618 reason
603 1589 639 1617 be
658 1588 793 1627 compted
816 1589 867 1618 but
883 1588 1042 1628 proffitable
1067 1590 1120 1620 alib
1145 1599 1175 1620 to
1195 1591 1242 1620 the

185 1627 281 1661 whole
300 1630 430 1668 Contrey
451 1628 503 1657 and
520 1635 550 1656 to
568 1626 616 1656 the
631 1629 723 1656 States
734 1626 880 1662 Generall3
901 1628 955 1656 and
971 1628 1000 1657 so
1013 1637 1047 1666 ye
1068 1638 1131 1668 may
1146 1629 1240 1658 affirm

184 1670 243 1700 thar
262 1669 337 1698 Wee
356 1668 416 1696 doo
433 1665 564 1703 precisely
583 1674 683 1702 accept
703 1668 750 1706 the
768 1665 895 1695 services
912 1665 949 1694 of
967 1667 1000 1696 311
1023 1666 1155 1704 Perlons,
1183 1668 1241 1698 that

185 1718 231 1737 316
249 1717 281 1737 01
299 1717 351 1736 can
370 1707 407 1736 be
422 1706 481 1734 don
500 1713 530 1734 to
548 1703 596 1734 Us
612 1705 640 1733 in
658 1704 735 1734 111016
757 1703 906 1741 Contnes,
925 1706 1015 1743 ought
1033 1714 1064 1736 to
1084 1706 1120 1735 be
1138 1707 1165 1735 in
1183 1716 1242 1736 rea-

182 1747 233 1776 son
257 1744 399 1783 adjudged
425 1753 455 1773 to
481 1743 516 1772 be
543 1751 573 1772 to
592 1743 641 1772 the
657 1742 769 1772 Service
786 1742 840 1772 and
860 1741 989 1782 Benet'ytt
1013 1745 1048 1773 of
1064 1744 1111 1774 the
1137 1744 1242 1775 wholle

181 1785 256 1816 State
276 1784 401 1814 01111016
421 1782 589 1819 ProvinceS,
607 1782 674 1817 beig
693 1782 721 1810 in
738 1790 791 1811 our
811 1781 988 1811 Protefflon.

224 1823 279 1852 Fur
291 1846 300 1861 ,
318 1822 344 1852 is
360 1830 411 1860 any
430 1821 511 1851 other
532 1819 740 1850 Constructicm
758 1820 792 1849 be
813 1819 895 1849 made
913 1820 1018 1858 against
1042 1832 1096 1862 any
1115 1821 1174 1852 that
1194 1822 1242 1853 ha-

184 1872 223 1892 ve
240 1860 335 1891 offred
350 1870 382 1890 or
399 1859 466 1891 shall
485 1858 559 1888 offer
577 1867 608 1889 to
626 1858 701 1888 serve
720 1857 767 1888 Us
785 1858 881 1896 there,
898 1859 1007 1888 whilest
1026 1860 1087 1890 We
1107 1861 1178 1890 have
1193 1861 1242 1891 the

182 1900 354 1931 Protefflon
373 1899 408 1928 of
422 1897 499 1928 those
519 1897 670 1934 Contrics,
694 1897 756 1926 We
778 1896 844 1927 shall
871 1898 943 1927 have
959 1898 1038 1927 cause
1057 1906 1088 1928 to
1107 1899 1187 1929 think
1206 1900 1241 1929 all

179 1949 232 1969 our
251 1938 375 1969 Favours
392 1938 445 1967 and
465 1936 606 1974 Charges,
627 1934 774 1966 bestowed
791 1944 867 1973 upon
886 1936 985 1974 them,
1009 1945 1039 1968 to
1058 1937 1094 1968 be
1112 1946 1242 1977 ungrate-

181 1977 251 2017 fully
269 1976 396 2008 receavid
417 1977 453 2016 by
469 1976 559 2007 them.

220 2055 321 2086 Given
337 2054 424 2085 under
439 2064 493 2084 our
506 2053 603 2092 Signet
613 2075 622 2091 ‚
637 2061 665 2084 at
679 2063 731 2084 our
741 2057 863 2084 Mannor
880 2053 915 2093 of
923 2054 1090 2091 Grenwich,
1110 2055 1158 2086 the
1171 2055 1238 2086 xxii.

181 2094 218 2125 of
222 2094 288 2134 July
306 2102 389 2132 1590.
406 2095 436 2123 in
457 2093 504 2124 the
519 2094 602 2122 xxxii.
622 2092 712 2123 Yeare
729 2092 766 2122 of
777 2102 829 2123 our
843 2092 963 2132 Raigne.

218 2173 254 2200 To
271 2181 317 2200 our
333 2168 416 2210 trusty
431 2169 491 2199 and
500 2168 666 2199 welbelovid
675 2169 806 2200 Thomas
822 2170 936 2201 Wilkes
943 2172 1003 2201 and
1014 2172 1145 2203 Thomas
1160 2172 1238 2204 Bod-

182 2208 227 2250 ley
247 2211 373 2249 Esquires
389 2219 434 2238 our
448 2212 585 2239 Servitors
601 2212 629 2238 in
647 2208 693 2238 the
708 2211 796 2238 Lowe
813 2212 950 2250 Contreys.

205 2337 228 2359 '¹‘
254 2339 290 2370 A
312 2335 480 2380 Christiano
506 2337 629 2383 Quarto
650 2339 725 2383 Rege
745 2339 852 2371 Daniae
871 2337 914 2371 ad
930 2340 1075 2385 Reginam
1096 2343 1218 2375 Litera.

254 2423 411 2465 Hristianus
429 2421 558 2461 t{Quartus
593 2421 651 2452 Dei
670 2421 791 2461 Gratia,
806 2427 909 2454 Daniae
928 2425 1082 2462 Norvagiae
1109 2426 1245 2456 Vandalo-

269 2474 328 2492 rum
349 2465 545 2502 Gottorumque
564 2446 592 2490 i}
604 2470 621 2491 Ε
632 2470 649 2490 x
668 2460 720 2491 EL
731 2471 749 2491 Ε
761 2471 777 2491 c
786 2471 809 2491 ’r
822 2471 843 2491 U
853 2473 882 2500 s,
911 2462 972 2492 DU
984 2473 1001 2493 x
1020 2464 1118 2494 Slevici
1142 2464 1243 2502 Holsa-

39 2513 68 2536 B.
88 2519 116 2545 4,
124 2510 174 2547 fol,
191 2507 236 2533 tiae
257 2505 414 2531 Stormariae
430 2510 463 2529 ac
483 2498 679 2538 Dithmarfiae‚
704 2499 819 2530 COMES
836 2501 864 2530 in
884 2499 1038 2538 oldenburg
1055 2503 1088 2532 ὃ(
1110 2502 1242 2533 Dalmen-

41 2546 85 2583 38-

189 2541 261 2579 horst
271 2563 280 2578 ,
296 2539 479 2570 Sereniffitnae
493 2537 620 2575 Principi
635 2537 775 2568 Dominae
793 2537 970 2568 Elizabethae
988 2540 1100 2576 Anghae
1120 2544 1244 2571 Franciae

189 2581 222 2611 ὅ(
235 2578 375 2608 Hibernia>v
390 2580 515 2614 Reginae,
531 2576 609 2605 Fidei
625 2575 830 2615 Defensatrici,
848 2576 1077 2614 Consanguineae
1094 2589 1126 2609 36
1144 2579 1244 2610 Sorori

185 2618 290 2648 nostrae
304 2616 499 2652 Chariffimae,
517 2613 640 2644 Salutem
651 2637 659 2653 ‚
677 2615 710 2646 &
725 2616 861 2646 omnium
875 2626 970 2647 rerum
990 2616 1242 2657 prosperrimarum

180 2655 374 2688 feliciffimutn
391 2656 607 2684 incrementum.

218 2693 384 2733 Serenifflma
402 2695 526 2729 Princeps
543 2690 749 2730 Consanguinea
762 2690 799 2726 ό·
814 2695 894 2722 Soror
909 2692 1075 2733 Chariffi'ma.

217 2733 300 2764 Cum
322 2741 355 2762 611
379 2730 519 2761 Mandato
539 2733 700 2760 serenitatis
724 2729 822 2769 vestrae
845 2732 922 2769 plura
943 2733 1042 2763 Nobis
1062 2733 1164 2771 Capita
1186 2733 1241 2765 suae

182 2772 348 2811 Legationis
365 2770 416 2800 Vir
432 2767 606 2799 Clarissimus
623 2768 824 2808 christophorus
840 2771 996 2809 Perkingius
1014 2772 1241 2812 Audnorschoniae

180 2808 382 2848 proposuisset,
402 2811 471 2838 inter
486 2807 537 2837 alia
560 2808 593 2838 &
618 2808 675 2837 hoc
701 2817 776 2846 erat,
802 2808 938 2846 quosdam
960 2813 1121 2840 Serenitatis
1143 2811 1241 2850 vestrae

179 2849 314 2880 Subditos
335 2848 371 2878 de
386 2847 502 2877 Telonii
521 2845 609 2876 nostri
630 2844 844 2886 Helfinghorenfi
861 2847 1007 2879 Praefectis
1038 2849 1151 2887 questos
1165 2850 1240 2888 esse,

181 2888 282 2926 quod,
300 2894 396 2924 praeter
417 2892 565 2923 receptum
576 2885 688 2923 jamdiu
702 2885 732 2914 in
746 2886 802 2915 1106
820 2885 926 2924 Regno
943 2889 1083 2926 modum,
1100 2889 1182 2918 novis
1195 2890 1239 2918 in-

179 2927 259 2964 super
275 2934 321 2955 aut
338 2925 533 2962 gravioribus,
551 2934 640 2963 neque
656 2923 765 2959 semper
787 2924 944 2955 uniusmodi
960 2925 1164 2957 Exactionibus
1180 2937 1241 2964 pre-

182 2974 342 3001 merentur,
376 2963 533 3002 Literasque
555 2963 628 2992 hanc
649 2963 690 2991 ob
709 2962 820 2993 causam
843 2964 877 2993 ad
899 2963 990 2994 dietos
1010 2966 1130 2995 Telonii
1151 2965 1239 2996 nostri

182 3002 337 3034 Praefecios
353 3001 485 3038 petiisset,
504 3001 604 3038 quibus
619 3000 714 3030 stricte
730 3003 768 3031 eis
784 3002 978 3039 injungeretur
1000 3012 1030 3033 ut
1052 3003 1185 3041 deinceps
1198 3005 1235 3034 ab

181 3040 315 3079 ejusmodi
328 3040 440 3070 insolitis
453 3039 656 3069 Exactionibus
668 3038 858 3079 abstinerent,
871 3041 952 3080 seque
968 3041 1002 3071 ad
1018 3051 1149 3072 normam
1162 3045 1235 3081 jam-

183 3079 296 3118 pridem
310 3078 372 3117 ipsis
386 3077 576 3115 praescriptam
592 3077 815 3109 conformarent.

222 3116 286 3148 Nos
301 3118 446 3146 Serenitati
460 3114 557 3144 ve'ffrae
568 3138 577 3153 ,
596 3115 774 3147 inpetitione
789 3126 847 3147 tam
860 3116 949 3156 justa,
966 3126 1079 3157 gratum
1094 3129 1129 3149 ex
1142 3120 1240 3149 animo

182 3156 275 3187 facere
299 3155 461 3191 cupientes,
512 3154 592 3184 iteras
614 3153 750 3198 ejusmodi
772 3157 934 3198 afgumenti
950 3158 1121 3198 conscriptas
1141 3167 1241 3197 quam-

186 3196 313 3235 primum
330 3193 363 3223 ad
377 3201 425 3222 eos
439 3191 551 3229 perferri
566 3202 736 3223 curawmus.

227 3233 290 3276 Qui
312 3241 371 3261 non
396 3232 488 3260 multo
508 3230 587 3270 post,
614 3230 760 3271 Responso
775 3232 809 3263 ad
825 3232 894 3263 Nos
908 3233 1009 3273 misso,
1025 3234 1050 3265 se
1064 3235 1093 3264 in
1108 3244 1144 3264 eo
1158 3236 1241 3265 omni

188 3271 273 3308 culpa
296 3279 410 3305 vacare,
436 3278 528 3305 neque
549 3279 673 3306 unquam
697 3271 740 3300 vel
764 3271 850 3301 latum
870 3282 997 3308 unguem
1023 3275 1039 3303 a
1056 3273 1241 3310 Praescripto,

189 3308 381 3340 Sanctissimae
394 3306 565 3346 Memoriae,
579 3307 649 3338 Divi
667 3309 793 3338 Friderici
815 3309 939 3341 Domini
956 3313 988 3344 ὃ(
1008 3311 1131 3342 Parentis
1153 3312 1242 3342 nostri

189 3347 352 3378 Chariffimi
369 3347 401 3377 ὃ(
418 3343 531 3375 Nostro
552 3347 642 3384 (cujus
656 3346 764 3377 summa
778 3349 858 3378 brevi
873 3349 1088 3388 Programmate
1107 3360 1243 3388 compre-

190 3386 274 3417 hensa
289 3387 316 3415 in
334 3386 392 3424 ipso
406 3384 525 3413 Telonii
540 3383 639 3414 limine
655 3393 686 3414 ut
699 3387 834 3417 omnium
854 3389 944 3418 oculis
961 3397 1051 3426 pateat
1074 3389 1196 3426 exposita
1210 3389 1245 3420 δε

187 3424 307 3463 appensa
321 3424 362 3462 sit)
383 3421 525 3452 deflexisse
538 3420 600 3452 sunt
615 3423 744 3466 profeffi,
762 3424 800 3455 Et
814 3426 889 3464 quod
905 3437 964 3456 non
977 3428 1086 3467 semper
1106 3429 1138 3458 ὅ(
1159 3429 1174 3458 ἐι
1189 3427 1245 3457 sin-

188 3464 262 3501 gulis
274 3463 352 3494 idem
367 3462 582 3493 tantumdemve
597 3470 736 3501 exrgatur,
754 3463 781 3493 id
796 3463 854 3494 fieri
869 3465 915 3494 vel
938 3467 1044 3496 ratione
1066 3466 1160 3496 habita
1180 3476 1244 3497 ma-

187 3502 346 3540 gnitudinis
363 3501 396 3532 ὃς
416 3500 579 3537 capacitatis
600 3500 730 3531 Navium
745 3525 755 3540 ‚
787 3511 833 3533 aut
860 3502 1008 3534 Mercium
1029 3504 1242 3543 aestimarionis,

190 3551 255 3581 quae
277 3541 313 3571 ab
333 3540 394 3577 ipsis
417 3538 630 3569 Mercatoribus
650 3537 710 3569 fieri
729 3541 877 3571 consuevit
893 3553 903 3579 3
927 3541 1019 3573 Enixe
1041 3552 1165 3581 petentes
1182 3554 1241 3581 quo

193 3579 284 3616 magis
295 3578 422 3617 ipsorum
437 3578 600 3608 innocenti-„1
615 3578 751 3608 omnibus
772 3579 870 3610 testata
892 3579 956 3618 fiat,
980 3590 1062 3619 atque
1085 3592 1174 3612 meras
1192 3583 1241 3612 has

188 3618 246 3648 csse
263 3617 465 3654 improborum
479 3615 656 3654 quorundam
680 3619 839 3648 Sere-nitatis
862 3617 960 3657 vestrae
980 3620 1168 3651 Subditorum
1193 3631 1241 3651 ca-

189 3657 330 3693 lumnias,
345 3656 464 3693 quibus,
482 3663 582 3691 praeter
595 3654 728 3685 meritum
744 3655 867 3691 ipsorum
890 3666 937 3687 aut
959 3659 1092 3697 culpam,
1109 3661 1136 3689 in
1161 3659 1240 3689 Indi-

187 3696 354 3732 gnationem
376 3702 435 3723 tam
459 3695 620 3722 Serenitatis
642 3693 740 3731 vestra·
759 3696 844 3731 quam
868 3695 994 3727 nostram
1009 3698 1082 3734 ipsos
1100 3697 1241 3729 adducere

187 3743 262 3764 curae
278 3742 312 3763 ac
326 3732 425 3762 Studio
438 3730 537 3769 fuerit,
554 3740 586 3762 ut
600 3734 779 3760 serenitatem
794 3731 913 3772 vestram
928 3735 981 3765 hac
996 3735 1032 3766 de
1050 3747 1078 3767 re
1096 3746 1146 3774 per
1162 3737 1240 3767 Lite-

186 3782 231 3801 ras
244 3770 577 3808 commonefaceremus,
592 3770 727 3808 simulque
742 3780 904 3807 rogaremus
919 3781 948 3802 ut
963 3775 1010 3812 iis,
1028 3777 1075 3813 qui
1097 3775 1240 3814 quantula-

151 3838 153 3840 .
188 3819 301 3847 cunque
319 3810 349 3838 in
364 3819 393 3839 re
407 3809 486 3839 laesos
500 3808 553 3839 sese
564 3808 637 3846 apud
653 3811 832 3838 Serenitatem
852 3809 971 3848 vestram
994 3813 1140 3852 conquesti
1164 3813 1241 3852 sunt,

190 3848 335 3877 mandetur
356 3856 385 3878 ut
408 3857 455 3879 aut
477 3847 590 3884 ipsimet
613 3847 798 3878 Accusatores
817 3857 914 3878 coram
934 3851 1016 3881 nobis
1039 3862 1241 3892 compareant,

190 3895 235 3915 aut
248 3885 352 3916 idoneo
369 3886 426 3916 huc
450 3886 537 3916 misso
557 3886 743 3916 Procuratore
766 3885 859 3916 distos
873 3886 1040 3920 Telonarios
1065 3891 1146 3929 hujus
1160 3891 1241 3921 Facsti

191 3932 251 3953 reos
265 3923 320 3953 esse
335 3925 508 3955 convincant
518 3947 526 3961 ,
546 3933 653 3962 paratos
668 3924 720 3955 sese
732 3924 787 3955 esse
804 3934 862 3954 non
876 3934 986 3957 tantum
994 3927 1112 3966 judicio
1125 3929 1152 3959 se
1167 3939 1241 3959 con—

190 3967 233 3990 tra
245 3959 350 4000 sistere,
368 3963 469 3993 verum
486 3964 570 3992 etiam
586 3973 617 3993 ea
633 3963 661 3992 in
678 3963 801 3993 medium
816 3963 941 4003 adferre,
964 3967 1067 4003 quibus
1088 3969 1121 3999 &
1143 3967 1243 3998 Nobis

191 3999 226 4031 &
238 4001 384 4029 Serenitati
398 4000 496 4040 vestrae
510 4000 616 4039 sperent
629 4001 797 4032 satisfactum
814 4002 856 4031 iri.

231 4035 329 4078 Quam
342 4048 439 4069 eorum
448 4039 636 4077 Petitionem,
655 4041 724 4070 cum
741 4041 871 4078 aequitate
884 4041 937 4071 niti
949 4051 1129 4074 cerneremus
1138 4067 1147 4082 ,
1167 4044 1244 4075 dees-

191 4075 492 4146 sngpnnqug-qussqipm
511 4079 657 4117 potuimus
672 4090 682 4118 3
707 4078 832 4118 Ideoque
850 4079 933 4111 hasce
947 4080 982 4112 ad
996 4084 1175 4115 Serenitatem
1190 4095 1244 4115 ve-

1329 194 1801 241 PUBLICA.

1325 283 1402 310 Mais
1417 280 1455 310 les
1471 284 1627 318 Capitaines
1643 294 1708 312 nous
1720 283 1866 322 infirment
1883 287 1901 316 ὰ
1913 288 2040 330 present,
2066 301 2116 332 que
2133 292 2296 331 nonobstant
2311 304 2352 325 cet

1286 319 1396 364 a⁶f⁰rd’
1423 318 1461 353 &
1484 327 1574 348 contre
1596 320 1632 366 ies
1645 322 1789 365 *promeffi’s
1807 325 1842 352 du
1859 326 1967 357 Comte
1985 329 2116 361 Maurice
2129 329 2244 361 donncf'es
2253 342 2305 369 par
2322 337 2348 362 6-

1286 365 1355 394 crit,
1373 358 1409 386 les
1419 357 1524 396 susdzts
1540 362 1765 398 Capitatnessont
1775 363 1869 398 prive's
1880 371 1932 399 par
1948 365 1983 394 les
1998 367 2074 398 Etats
2090 369 2128 403 (ὢν
2138 378 2191 407 par
2206 370 2230 399 le
2248 371 2344 401 Com-

1286 404 1321 441 te,
1327 397 1359 425 de
1372 395 1443 424 leurs
1459 400 1645 435 compagnies,
1664 397 1702 433 ό»
1716 399 1792 437 qu'on
1805 398 1863 428 leur
1877 400 1962 439 refuse
1977 403 1999 432 le
2012 415 2152 444 payement
2166 408 2198 438 de
2213 419 2239 438 ce
2251 413 2297 449 qus·
2305 410 2342 449 ψ

1284 434 1322 463 du
1333 442 1400 471 pour
1412 433 1470 463 leur
1478 442 1584 473 compte.

1322 476 1358 500 Ce
1373 476 1418 511 qui
1435 473 1514 502 e‘tant
1530 472 1683 511 veritahle,
1698 485 1761 504 nous
1773 486 1862 506 avons
1875 478 1967 513 grand
1974 477 2049 516 ficJet
2064 484 2096 511 de
2108 495 2172 514 nous
2187 489 2268 515 croire
2281 486 2341 516 tre‘s

1285 509 1362 549 lese'es
1375 511 1443 539 dans
1460 518 1537 540 notre
1552 516 1721 549 reputati0n5
1743 514 1809 554 C’rst
1819 519 1948 554 pourquoi
1965 516 2030 553 nes

1474 549 1478 553 .
1973 558 1976 562 ⁴
2020 519 2120 549 achant
2132 527 2209 560 point
2217 528 2267 563 Jur
2280 528 2341 564 quoi

1278 548 1387 589 former
1410 560 1445 577 un
1461 557 1601 587 jugement
1613 550 1674 588 plus
1690 552 1794 590 ample,
1811 564 1862 592 que
1876 554 1930 592 sur
1947 553 2139 593 l’znformation
2156 562 2187 590 de
2203 573 2242 591 ces
2259 566 2341 600 Capi—

1284 592 1391 625 taines‚
1410 598 1475 616 nous
1493 593 1551 616 leur
1571 599 1660 618 avons
1674 591 1785 619 accorde‘
1796 593 1828 620 de
1834 590 1913 629 faire
1927 593 2090 631 representer
2111 609 2165 627 aux
2188 600 2263 631 Etars
2279 602 2343 631 Ge-

1283 635 1385 675 neraux
1405 625 1487 656 l‘e‘tat
1506 626 1538 656 de
1559 626 1617 656 leur
1640 626 1754 667 affaire,
1781 629 1819 664 ὠ
1834 630 1866 659 de
1887 631 2031 661 demander
2053 634 2144 672 qu‘elle
2160 637 2216 675 soit
2239 640 2343 679 redreJ:

1295 676 1330 694 ee.

1274 666 1296 704 J
1322 706 1364 732 Et
1375 710 1441 740 pour
1453 710 1493 732 cet
1506 703 1570 741 effi’t
1583 715 1647 733 nous
1664 704 1778 735 voulons
1791 704 1829 739 ὠ·
1842 717 1910 735 vous
1926 708 2075 739 ordorznons
2084 718 2138 747 par
2162 712 2197 741 les
2210 717 2343 753 presentes

1284 753 1334 782 que
1352 752 1420 771 vous
1445 746 1569 772 receviez
1590 750 1678 772 toutes
1700 743 1736 773 les
1750 742 1941 784 informations
1958 758 2008 787 que
2028 747 2065 776 les
2073 748 2174 787 susc'iits
2190 755 2344 789 Capitainef

1284 791 1353 810 vous
1369 780 1518 810 donneront
1531 792 1564 810 en
1580 792 1647 811 vous
1660 782 1780 812 rendunt
1796 793 1834 811 ces
1847 786 2028 822 Lettres‚par
2045 788 2076 815 ou
2091 798 2158 816 vous
2170 797 2285 825 pourrez
2298 804 2342 823 re-

1284 829 1410 858 marquer
1423 818 1469 847 s’r'l
1475 829 1495 856 y
1510 831 1529 848 a
1542 820 1653 860 quelque
1668 829 1811 859 apparence
1825 821 1857 850 de
1866 820 2029 860 fondement
2048 835 2107 854 aux
2127 826 2244 864 plaintes
2265 831 2342 868 qu'ils

1284 868 1347 886 nous
1365 854 1516 894 ontfaites.

1321 897 1363 925 Et
1379 894 1458 934 apre‘s
1473 894 1529 924 cela
1545 906 1613 924 vous
1629 900 1754 934 exigerez
1768 896 1960 936 expreffl‘ment
1974 911 2006 930 en
2022 909 2099 931 notre
2114 913 2175 932 nom
2189 915 2257 933 avec
2271 912 2346 936 toute

1282 933 1311 962 la
1333 934 1456 971 diligence
1479 944 1528 973 que
1545 945 1612 963 vous
1624 943 1758 973 pourrez,
1774 939 1819 966 des
1834 937 1913 967 Etats
1927 938 2096 978 Generaux,
2111 941 2192 982 qu‘ils
2205 948 2345 983 refoivenc

1282 979 1364 1001 votre
1377 970 1558 1016 information
1574 983 1667 1002 comme
1683 975 1764 1004 e'tant
1780 977 1975 1006 recommande‘e
1989 978 2022 1006 de
2036 987 2113 1008 notre
2123 988 2191 1017 part
2200 1003 2210 1018 ‚
2226 981 2264 1016 ὠ·
2279 994 2348 1012 vous

1280 1009 1318 1039 les
1337 1018 1466 1048 porterez
1485 1021 1503 1038 a
1522 1010 1647 1048 ohserver
1664 1011 1782 1042 l’accora'
1803 1013 1841 1048 ὠ·
1860 1023 1918 1044 tous
1936 1016 1973 1044 les
1990 1017 2099 1046 articles
2117 1023 2165 1057 qui
2188 1031 2221 1048 en
2239 1029 2287 1050 ont
2306 1023 2354 1051 e‘te‘

1273 1048 1351 1087 faits
1370 1049 1512 1085 entr’eux,
1538 1048 1562 1078 le
1581 1049 1692 1080 Comte
1711 1050 1843 1082 Maurice
1862 1052 1900 1088 ὠ·
1920 1053 1955 1083 les
1967 1054 2070 1093 fi1sdits
2090 1055 2266 1097 Capitaines‚
2289 1071 2346 1089 aux

1280 1087 1410 1124 inflantes
1428 1086 1466 1116 du
1486 1086 1565 1117 Lord
1587 1087 1779 1129 Willoughby
1798 1089 1836 1125 ὠ
1855 1092 1888 1121 de
1905 1101 1984 1122 notre
2002 1093 2144 1132 cvnftiller
2165 1095 2324 1134 Killegrew
2336 1121 2347 1137 ‚

1280 1136 1331 1166 que
1350 1136 1417 1155 vous
1436 1125 1492 1155 leur
1511 1127 1589 1157 direz
1603 1138 1636 1156 ne
1649 1131 1765 1165 pouvoir
1777 1136 1829 1167 pas
1848 1129 1907 1160 §tre
1923 1131 2076 1171 viole'Jans
2087 1132 2167 1172 faire
2185 1142 2244 1165 tort
2264 1136 2282 1166 a
2299 1148 2349 1166 no-

1278 1172 1322 1193 tre
1338 1164 1466 1194 honneur.

1317 1202 1385 1242 C'cst
1405 1207 1536 1243 pourquoi
1560 1215 1625 1233 nous
1641 1203 1802 1243 Jouloaitons
1820 1207 1897 1256 qu'ils
1909 1219 1930 1245 y
1948 1212 2026 1239 aient
2041 1209 2102 1248 plus
2126 1211 2256 1251 d'esgard‚
2282 1213 2348 1254 qu’ci

1280 1240 1392 1282 quelque
1411 1250 1553 1280 avantage
1566 1243 1743 1281 particulier,
1764 1256 1796 1274 ou
1817 1258 1834 1275 a
1853 1247 1962 1287 quelque
1981 1248 2091 1286 chagrin
2109 1258 2199 1280 contre
2225 1251 2262 1281 les
2288 1253 2346 1291 sus:

1281 1282 1338 1309 dits
1364 1279 1542 1318 Capimines,
1567 1290 1650 1311 amnt
1675 1284 1723 1312 ὅτε(
1733 1283 1778 1311 des
1791 1295 1855 1320 gens
1875 1290 1920 1323 qui
1942 1295 1992 1316 ont
2010 1288 2094 1317 rendit
2112 1289 2145 1317 de
2170 1289 2233 1318 bons
2250 1289 2347 1329 βψω·-

1281 1328 1338 1354 ces,
1356 1327 1446 1348 contre
1465 1318 1576 1359 lesquels
1592 1319 1617 1348 le
1638 1323 1681 1357 pis
1705 1330 1756 1359 que
1774 1320 1828 1350 l‘on
1841 1323 1926 1361 puzffi‘
1944 1324 2078 1365 alleguer,
2104 1327 2157 1365 est,
2185 1340 2235 1369 que
2248 1339 2303 1367 par
2322 1329 2348 1359 le

1282 1358 1511 1387 commandement
1529 1359 1560 1387 de
1579 1357 1637 1388 leur
1651 1367 1746 1396 propre
1764 1361 1899 1398 Genera),
1927 1361 1949 1391 le
1975 1364 2085 1396 Comte
2111 1366 2147 1395 de
2174 1367 2347 1408 Leycestre‚

1281 1395 1314 1424 ils
1338 1403 1388 1425 ont
1401 1394 1466 1435 fait
1491 1404 1552 1426 tout
1578 1408 1605 1426 ce
1622 1408 1673 1437 que
1690 1397 1850 1428 d'honnetcs
1871 1404 2026 1437 capitaines
2044 1404 2174 1433 devorent
2190 1404 2288 1445 faire,
2311 1419 2346 1437 ενι

1276 1442 1465 1473 promettant,
1475 1436 1531 1472 soit
1543 1443 1598 1473 par
1609 1437 1734 1474 serment
1752 1447 1784 1466 ou
1803 1438 1880 1467 d’une
1898 1448 1978 1469 autre
1996 1446 2132 1480 muniere,
2151 1443 2183 1472 de
2197 1446 2298 1481 garder
2316 1445 2347 1474 la

1284 1475 1313 1502 V
1312 1472 1357 1502 ille
1374 1474 1527 1512 stimulent,
1556 1473 1593 1507 (ὧν
1619 1473 1690 1513 ainsi
1707 1475 1739 1503 de
1756 1486 1820 1505 nous
1831 1477 1946 1516 ftrvir,
1966 1490 2032 1508 nous
2049 1480 2066 1510 a
2084 1493 2130 1521 qut
2148 1482 2177 1510 la
2190 1485 2345 1522 protestion

1282 1512 1314 1540 de
1334 1519 1394 1541 tout
1411 1511 1436 1541 le
1461 1515 1527 1552 Pays
1546 1514 1612 1541 {toit
1635 1512 1759 1552 commiſs.

1317 1553 1361 1579 De
1381 1550 1445 1580 telle
1464 1555 1581 1581 muniere
1599 1562 1650 1591 que
1668 1559 1728 1581 tout
1747 1563 1772 1581 ce
1790 1557 1836 1594 qui
1847 1551 1879 1591 se
1893 1562 1959 1592 peut
1979 1556 2116 1595 expliquer
2136 1557 2193 1587 etre
2219 1560 2252 1589 de
2267 1568 2345 1591 notre

1272 1587 1400 1626 fi‘rvs'ce,
1426 1601 1459 1618 ne
1481 1590 1582 1626 sauroit
1604 1598 1657 1629 par
1683 1602 1786 1620 aucune
1804 1596 1893 1628 raison
1914 1593 1972 1622 &tre
1991 1596 2107 1624 entendu
2134 1607 2182 1635 que
2202 1609 2296 1628 comme
2314 1612 2347 1629 a-

1280 1635 1441 1664 vantageux
1463 1627 1481 1656 ἃ
1498 1635 1558 1657 tout
1576 1627 1601 1656 le
1619 1630 1690 1665 Pays
1708 1628 1746 1663 ὠ,
1763 1642 1820 1659 aux
1838 1630 1916 1661 Etats
1936 1632 2088 1664 Generaux
2106 1646 2116 1671 ς
2141 1636 2182 1663 Et
2201 1636 2257 1675 c'est
2277 1639 2349 1677 ainsi

1280 1677 1330 1706 que
1348 1677 1414 1694 vous
1427 1676 1555 1705 prouvez
1572 1666 1674 1704 affurer
1697 1678 1745 1707 que
1765 1679 1829 1697 nous
1847 1680 1988 1700 recevrons
2010 1672 2184 1711 precifi'ment
2208 1673 2245 1704 les
2254 1676 2350 1713 servi-

1280 1715 1318 1732 ces
1334 1715 1383 1745 que
1399 1711 1484 1733 tontes
1497 1704 1636 1743 personnes
1645 1714 1777 1744 pourront
1791 1718 1858 1737 nous
1871 1709 1967 1738 rendre
1977 1710 2045 1739 dans
2060 1722 2100 1740 ces
2109 1713 2244 1751 Pays‚ces
2256 1714 2349 1753 servi-

1280 1753 1319 1771 ces
1335 1754 1366 1771 ne
1382 1743 1489 1771 devant
1509 1743 1566 1772 etre
1589 1745 1714 1779 regarde‘s
1732 1756 1782 1785 que
1797 1757 1891 1775 comme
1911 1747 1936 1777 le
1946 1749 2054 1786 firvicc·
2074 1748 2112 1784 ὠ»
2133 1750 2144 1778 l
2153 1760 2298 1790 avantage
2315 1754 2348 1784 de

1281 1789 1342 1810 tout
1359 1782 1455 1811 l'Etat
1474 1782 1505 1810 de
1525 1792 1564 1810 ces
1582 1783 1728 1810 Provinces
1748 1788 1795 1821 qui
1812 1786 1872 1821 sont
1882 1784 1946 1825 sous
1964 1795 2040 1816 notre
2057 1790 2222 1818 Protec‘lion.

1316 1823 1371 1849 Car
1396 1830 1404 1846 ι
1421 1819 1474 1849 l'on
1492 1828 1561 1850 veut
1588 1820 1690 1849 donner
1709 1821 1819 1862 quelque
1838 1831 1916 1852 autre
1926 1827 1990 1861 sens
2013 1835 2105 1856 contre
2130 1838 2195 1857 ceux
2211 1833 2257 1868 qui
2281 1842 2346 1860 nous

1280 1866 1327 1888 ont
1347 1870 1360 1887 o
1383 1865 1425 1887 ert
1443 1869 1475 1887 ou
1494 1863 1540 1901 qui
1555 1857 1682 1896 offiiront
1700 1864 1732 1887 de
1749 1871 1814 1889 nous
1822 1862 1937 1900 servir,
1956 1864 2081 1902 pendant
2100 1876 2151 1906 que
2169 1877 2233 1896 nous
2254 1879 2344 1899 avons

1281 1907 1319 1925 ces
1339 1897 1456 1936 Pays-ld
1471 1899 1531 1936 sous
1548 1904 1625 1927 notre
1643 1899 1815 1937 Proteelion,
1834 1911 1901 1929 nous
1920 1912 2020 1931 aaroni·
2035 1903 2113 1942 sujet
2137 1905 2169 1934 de
2195 1909 2276 1935 croire
2295 1919 2344 1948 que

1280 1943 1368 1965 toutes
1386 1946 1433 1965 nos
1440 1935 1561 1974 faveurs
1577 1934 1614 1969 (ἐν
1633 1946 1680 1966 nos
1697 1936 1819 1977 depenses
1837 1939 1976 1980 employe'es
1986 1950 2054 1980 pour
2080 1953 2151 1982 eux,
2178 1953 2283 1976 auront
2299 1948 2350 1976 ἔτι(

1281 1985 1368 2015 refues
1393 1983 1462 2005 avec
1483 1974 1660 2014 ingratitude.

2303 224 2354 266 43

1318 2053 1424 2083 Donne‘
1431 2052 1496 2092 sous
1516 2061 1595 2084 notre
1617 2053 1708 2085 cachet
1726 2054 1743 2084 ἁ
1758 2062 1836 2084 notre
1850 2054 1966 2087 Maison
1979 2057 2016 2089 de
2032 2057 2229 2100 Greenwich,
2247 2060 2272 2091 le
2294 2071 2343 2095 22.

1277 2090 1385 2129 Juillet
1403 2101 1487 2131 1590.
1504 2091 1533 2121 la
1551 2101 1596 2131 32.
1612 2095 1699 2123 annc‘e
1714 2094 1745 2123 de
1761 2102 1839 2124 notre
1853 2098 1951 2132 Regue.

1316 2168 1348 2214 A.
1357 2179 1408 2200 nos
1425 2169 1533 2200 Fideles
1552 2172 1586 2202 &
1607 2171 1673 2201 bien
1690 2170 1779 2201 aimes
1801 2171 1916 2201 Thomas
1932 2172 2041 2203 thkes
2061 2175 2094 2206 ὃς
2109 2175 2225 2207 Thomas
2241 2176 2342 2219 Bodley

1276 2207 1409 2248 Ecuiers,
1428 2219 1481 2240 nos
1496 2209 1652 2241 Serviteurs
1666 2211 1733 2240 dans
1747 2210 1785 2240 les
1797 2210 1939 2250 Pays-Bas.

1271 2332 1363 2373 stram
1376 2333 1479 2364 dandas
1492 2333 1549 2364 effe
1565 2332 1803 2373 existimavimus,
1821 2335 1921 2373 quibus
1937 2336 1972 2365 ab
1994 2346 2026 2367 ea
2049 2338 2288 2370 contenderemus
2309 2349 2341 2372 ut

1280 2372 1403 2403 vicissim
1425 2371 1586 2402 nostrorum
1609 2372 1689 2409 justae
1706 2372 1840 2403 Petitioni
1864 2374 1989 2404 affentiri
2003 2385 2180 2414 annuereque
2197 2379 2281 2417 velit,
2297 2379 2341 2409 di-

1280 2411 1397 2449 &osque
1417 2411 1611 2448 Accusatores,
1629 2419 1674 2441 aut
1690 2421 1792 2441 eorum
1814 2412 2014 2443 Procuratores
2032 2413 2235 2446 sufficientibus
2256 2427 2340 2447 man-

1281 2448 1350 2479 datis
1372 2448 1522 2480 instructos
1534 2472 1543 2487 ,
1562 2448 1658 2479 nostro
1680 2449 1728 2480 hic
1750 2449 1803 2480 sese
1822 2450 1938 2488 Judicio
1962 2451 2052 2481 sistere
2067 2454 2238 2493 compellat,
2257 2458 2339 2487 certo

1281 2488 1494 2527 promittentes,
1514 2488 1532 2517 si
1546 2497 1576 2517 ea
1587 2511 1596 2525 ,
1615 2487 1651 2517 de
1663 2489 1767 2526 quibus
1783 2488 1857 2525 apud
1871 2491 2051 2519 Serenitatem
2066 2491 2185 2531 vestram
2201 2495 2340 2532 conqueri

1281 2526 1336 2556 ausi
1352 2526 1430 2563 sunt,
1447 2527 1518 2556 veris
1531 2527 1700 2565 argumentis
1713 2527 1746 2558 &
1764 2527 1933 2557 testimoniis
1948 2528 2132 2564 probaverint
2148 2531 2181 2560 ὅ(
2196 2533 2344 2571 evicerint,

1283 2566 1339 2602 ejus
1356 2565 1466 2603 generis
1479 2564 1644 2601 exemplum
1661 2565 1689 2594 in
1707 2565 1821 2602 injustos
1834 2564 1990 2596 Exaeiores
2006 2568 2020 2596 a
2037 2566 2134 2597 Nobis
2150 2567 2284 2600 statutum
2301 2572 2344 2609 iri,

1282 2613 1340 2640 quo
1356 2603 1509 2634 manifesto
1522 2602 1626 2640 liqueat
1641 2603 1750 2633 nullum
1764 2603 1888 2634 studium
1903 2607 2064 2634 serenitatis
2072 2605 2170 2644 vestrae
2183 2607 2343 2646 gratifican-

1280 2643 1310 2671 di
1326 2641 1427 2672 Nobis
1442 2652 1480 2672 un
1503 2651 1567 2671 uam
1582 2641 1717 2679 defuisse,
1736 2652 1826 2681 neque
1844 2642 1998 2682 quidquam
2019 2643 2119 2674 Nobis
2134 2653 2193 2675 tam
2210 2657 2285 2677 curae
2300 2648 2342 2678 es-

1279 2679 1307 2710 se
1329 2681 1415 2717 quam
1437 2689 1468 2710 ut
1483 2651 1597 2719 ffustitia
1619 2679 1685 2710 sarta
1702 2680 1777 2710 tecta
1800 2690 1929 2718 maneat,
1962 2682 1994 2712 &
2017 2682 2053 2712 de
2076 2682 2214 2714 Sontibus
2234 2685 2340 2717 Poenae

1281 2719 1465 2749 commeritae
1486 2719 1645 2756 exigantur3
1664 2719 1703 2749 sin
1724 2720 1796 2749 vero
1817 2719 1909 2749 dictos
1922 2719 2106 2750 Accusatores
2122 2721 2216 2752 Causa
2241 2725 2342 2755 cadere

1278 2757 1311 2787 ὃ(
1328 2756 1476 2787 manifeste
1491 2756 1651 2787 Calumniae
1667 2758 1804 2787 convinci
1818 2758 1987 2796 contigerit,
2007 2759 2071 2789 vice
2088 2760 2165 2790 versa
2180 2761 2341 2792 asermita-

1279 2803 1307 2824 te
1328 2795 1420 2833 vestra
1444 2795 1603 2833 flagitamus
1623 2803 1654 2826 ut
1675 2795 1749 2826 falsae
1770 2797 1803 2827 &
1831 2797 1988 2827 temeraria:
2012 2796 2133 2835 Linguae
2154 2800 2341 2836 petulantium

1280 2841 1430 2871 coerceat,
1447 2834 1480 2864 ὅ(
1500 2834 1651 2864 calumniae
1673 2835 1910 2875 reos-condignis
1935 2834 2036 2865 Poenis
2057 2835 2184 2867 afficiat:
2207 2839 2279 2876 Qio
2293 2840 2341 2870 fiet

1279 2880 1326 2908 ut,
1345 2872 1421 2909 quod
1436 2872 1507 2902 inter
1528 2871 1595 2902 Nos
1617 2871 1657 2902 est
1672 2871 1864 2903 firmissimum
1880 2873 2027 2903 Amicitiae
2043 2874 2190 2905 vinculum
2202 2899 2211 2913 ‚
2236 2878 2339 2907 leviss-

1279 2919 1397 2940 morum
1412 2909 1581 2941 Hominum
1596 2910 1724 2941 inanibus
1739 2911 1870 2949 querelis,
1889 2921 1950 2940 non
1967 2910 2056 2941 solum
2072 2912 2145 2942 nulla
2159 2923 2193 2943 ex
2207 2924 2284 2953 parte
2299 2916 2342 2946 la-

1279 2948 1505 2986 befadtetur,sed
1516 2949 1606 2986 majus
1621 2950 1706 2979 etiam
1722 2947 1880 2989 firmiusque
1894 2949 1983 2979 indies
1998 2949 2212 2981 incrementum
2228 2954 2338 2991 capiat;

1278 2987 1357 3024 quod
1374 2988 1492 3017 unicum
1506 2986 1634 3017 nostrum
1650 2986 1706 3018 esse
1720 2986 1842 3017 studium
1866 2991 1954 3017 Deum
1975 2990 2113 3024 Optimum
2131 2992 2287 3020 Maximum
2306 3001 2341 3022 ex

1273 3026 1373 3055 animo
1394 3024 1545 3055 testamur:
1564 3025 1701 3055 Amanter
1721 3034 1845 3062 petentes
1860 3035 1889 3056 ut
1911 3029 2051 3055 Serenitas
2074 3026 2167 3065 vestra
2187 3030 2287 3060 omnia
2301 3029 2337 3061 de

1274 3063 1372 3093 Nobis
1387 3063 1520 3094 benevoli
1536 3063 1633 3093 Animi
1648 3063 1754 3094 Officia
1770 3074 1802 3095 ac
1817 3064 1903 3095 Sudia
1918 3066 2000 3093 certo
2010 3063 2176 3100 polliceatur
2187 3078 2198 3104 3
2208 3065 2264 3097 Cui
2280 3067 2338 3098 Va-

1277 3101 1435 3132 letudinem
1451 3101 1612 3140 prosperam
1628 3101 1646 3120 *
1667 3103 1699 3133 ὃς
1715 3101 1824 3133 Rerum
1839 3113 1872 3134 ac
1891 3101 2088 3132 Consiliorum
2111 3106 2246 3135 omnium
2271 3105 2336 3136 feli-

1278 3149 1346 3170 cem
1360 3148 1494 3171 eventum
1511 3141 1527 3170 ὲ
1542 3140 1613 3171 Deo
1627 3149 1788 3178 precamur.

1316 3216 1402 3247 Datae
1418 3217 1568 3254 Coldingae,
1585 3216 1636 3246 sub
1654 3216 1755 3253 Sigillo
1768 3216 1882 3256 nostro,
1900 3217 2153 3257 subscribentibus,
2172 3219 2205 3250 ad
2215 3219 2338 3251 Guber-

1281 3257 1432 3286 nationem
1452 3255 1552 3294 Regni
1567 3254 1656 3285 nostri
1670 3255 1823 3295 deputatis,
1839 3256 2032 3295 Senatoribus,
2053 3256 2110 3289 Die
2124 3267 2172 3298 24.
2185 3258 2270 3298 Julii,
2280 3259 2342 3290 An-

1280 3304 1320 3324 no
1342 3302 1428 3334 1590.

1414 3373 1593 3404 NicoLAvs
1614 3373 1711 3405 KAAs.

1413 3413 1536 3443 PETER
1557 3413 1700 3444 Monere..

1413 3451 1600 3483 Gssoimms
1618 3451 1903 3483 Rosspurnmrz.

1279 3597 1372 3642 Super
1395 3597 1523 3642 IVegotio
1548 3595 1730 3641 Religionis,
1757 3592 1935 3673 Κῴοις-ἔφη
1959 3591 2064 3623 Daniae
2095 3595 2183 3640 Regis
2202 3594 2248 3628 ad
2268 3598 2337 3629 Sco-

1635 3653 1737 3675 torum
1760 3644 1848 3687 Regis
1897 3648 1998 3672 iteras.

1347 3741 1373 3772 E
1382 3751 1394 3772 s
1404 3751 1422 3772 Ρ
1431 3752 1451 3772 0
1463 3749 1485 3771 N
1498 3749 1510 3771 s
1518 3748 1541 3770 υ
1551 3746 1578 3769 Μ
1603 3736 1777 3768 Sereniffimi
1794 3745 1827 3766 ac
1851 3734 2043 3766 Potentiffimi
2066 3739 2168 3767 Dauiae
2191 3740 2339 3777 Noruagiae

1280 3747 1338 3811 R

2371 297 2439 330 Ann
2458 300 2497 330 D.

2396 347 2482 375 1590.

2366 383 2409 410 32.
2424 382 2494 406 Eue.

2399 418 2457 452 Reg.

2355 3121 2375 3141 *
2404 3125 2485 3157 XVI.

2400 3161 2446 3190 81.

2353 3731 2418 3762 Bibl.
2425 3735 2488 3759 δοιά

1364 3779 1550 3810 Vandalorum
1564 3779 1758 3815 Gottorumque
1775 3774 1801 3804 R
1813 3784 1829 3804 Ε
1842 3782 1864 3803 G
1877 3783 1888 3803 1
1898 3784 1910 3803 s
1928 3773 1989 3804 DU
1999 3785 2016 3804 c
2026 3784 2037 3804 Ι
2049 3784 2061 3806 s
2080 3776 2188 3814 Slesicigi
2201 3777 2338 3816 Holfiztiae
2351 3781 2360 3800 t
2364 3783 2391 3800 ¹⁷⁷²
2396 3795 2401 3800 ·
2417 3769 2489 3801 Catia,

1279 3822 1436 3848 Stormariae
1450 3828 1483 3849 ac
1498 3815 1633 3846 Dithmar
1644 3825 1676 3843 7ae
1686 3837 1695 3852 ,
1714 3813 1742 3844 C
1751 3822 1771 3842 o
1782 3821 1808 3842 M
1818 3820 1829 3841 Ι
1839 3820 1863 3841 *1*
1874 3820 1886 3841 Ι
1895 3822 1906 3842 s
1925 3812 1954 3842 in
1969 3812 2141 3852 Oldenburgh
2157 3817 2189 3846 &
2206 3818 2337 3846 Delmen—
2349 3811 2411 3848 gula
2422 3813 2487 3835 ΠΖ·

1280 3856 1370 3897 horst,
1381 3856 1485 3901 ‘datum
1502 3854 1599 3886 Sereni
1624 3854 1676 3882 imi
1690 3861 1722 3881 ac
1741 3849 1930 3881 Potentiffimi
1938 3854 2075 3881 Scotorum
2088 3853 2335 3890 RegisJacobiVl',
2348 3849 2397 3888 fol.
2414 3856 2462 3882 ²01

1283 3895 1419 3933 Legionis,
1435 3892 1573 3932 generosis
1586 3893 1619 3923 &
1637 3888 1790 3920 clarissimis
1807 3888 1961 3934 DominiS,
1978 3889 2108 3934 Gulielmo
2117 3894 2230 3922 Stuarto
2246 3892 2263 3921 a
2273 3895 2340 3922 Pet-

1280 3942 1410 3964 tenweme
1435 3929 1680 3965 emendatorio,
1696 3927 1730 3958 &
1752 3927 1882 3966 Johanm
1905 3928 2017 3967 Skynaeo
2031 3939 2061 3959 m
2077 3929 2210 3967 supremo
2231 3931 2341 3962 Scotiae

1280 3972 1386 4003 Senatu
1401 3971 1564 4002 Advocato.

1320 4046 1518 4078 Sereniffimus
1545 4053 1581 4074 ac
1609 4040 1822 4073 Potentiffimus
1850 4045 1951 4072 Daniae
1986 4044 2134 4081 Noruagiae
2163 4044 2348 4075 Vandalorum

1282 4088 1431 4117 Gottorum
1445 4084 1475 4115 R
1486 4092 1505 4115 ε
1515 4091 1551 4120 x,
1570 4080 1602 4112 D
1613 4090 1662 4112 ux
1680 4080 1941 4149 SldugggHoU'atiae
1963 4084 2123 4113 Stormariae
2143 4093 2177 4115 ac
2197 4082 2348 4159 Dithmssae-
