2530 4279
114 2651 130 2668 ‘
158 2652 239 2681 XVI.

114 3148 191 3179 Ann.
202 3148 242 3179 D.

134 3188 217 3225 1587.

114 3229 226 3261 Pat.29.

115 3264 217 3300 Eliz.p.

119 3311 245 3336 15.m.20.

117 3994 136 4013 '¹‘
161 3997 244 4025 XVI.

186 4045 212 4069 3.

272 167 2428 307 CONVENTIONES„

851 420 1835 508 LITERAE‚

1265 611 1303 658 E

410 752 1044 862 ACTA
1210 757 1287 856 P

1373 610 1416 656 T

1375 753 2278 859 UBLICA.

1065 946 1262 996 Regnante
1291 941 1544 983 Elizabetha
1576 943 1743 996 Regina.

267 1040 1151 1094 ωᾶἓῆϋξῇἢϋξῇθϋέᾒῆῦΰέἢϋὶἒῧῑῆῦέἓθ
1157 1042 2426 1087 Ὄξὲθῶθῶἓῆὣῇἣῶᾒῆῦξῇἣῶᾒῆυξέἢῶᾒῆὣὶἣ

1161 1149 1186 1175 *
1213 1144 1285 1185 De
1312 1143 1624 1199 Indtgenatione.

598 1242 721 1283 ·Egina
741 1242 878 1272 omnibus
891 1240 927 1271 ad
940 1249 1028 1279 quos,
1046 1239 1108 1271 &c.
1146 1238 1283 1270 Salutem.

566 1279 587 1291 *³
616 1281 617 1284 ’
668 1282 767 1312 Sciatis
782 1280 861 1319 quod
879 1279 965 1317 Nos,
983 1279 1020 1309 de
1036 1278 1137 1310 Gratia
1152 1277 1248 1308 nostra
1260 1277 1322 1315 spe-

594 1330 628 1356 ,1,
648 1320 733 1357 ciali,
750 1329 784 1349 ac
800 1329 833 1349 ex
849 1326 924 1349 certa
939 1318 1062 1348 Scientia
1085 1319 1118 1348 &
1134 1326 1216 1347 mero
1231 1315 1321 1346 Motu

519 1373 526 1386 c
563 1354 567 1366 ¹
623 1359 629 1394 ,ἶ
647 1358 765 1396 nostris,
783 1368 834 1395 pro
848 1357 948 1387 Nobis
962 1355 1132 1387 Haeredibus
1146 1355 1179 1386 &
1203 1354 1322 1385 Succes-

560 1396 592 1430 ·'‚
624 1399 629 1420 '³
647 1396 755 1428 foribus
770 1395 887 1433 nostris,
904 1395 1107 1432 concedimus,
1126 1393 1248 1424 Dilecto
1257 1393 1322 1424 Ser-

491 1434 499 1446 *
628 1462 630 1467 1
647 1436 736 1466 vienti
749 1434 993 1471 nostro,Horatio
1008 1433 1181 1463 Pallavicino
1198 1432 1322 1462 oriundo

622 1474 630 1513 s,
650 1474 680 1504 in
699 1473 826 1504 Civitate
844 1473 880 1502 de
904 1472 1009 1503 Genua
1026 1474 1055 1502 in
1075 1472 1198 1509 partibus
1216 1470 1323 1509 Italiae,

577 1521 579 1524 ’
623 1516 630 1541 A
649 1512 728 1550 quod
746 1512 820 1550 ipse,
837 1511 871 1541 ad
890 1519 979 1541 totam
997 1511 1086 1541 vitam
1105 1510 1201 1546 suam,
1222 1510 1254 1540 fit
1275 1508 1324 1539 In-

517 1567 519 1570 ·
589 1557 593 1560 '
622 1549 628 1566 ·’
649 1552 749 1589 digena
767 1551 800 1580 δε
819 1559 900 1580 verus
919 1549 1027 1586 Ligeus
1051 1547 1145 1578 noster
1162 1547 1323 1578 Haeredurn

500 1605 508 1612 -
523 1610 549 1612 --
573 1580 631 1612 ³⁴
650 1592 683 1622 ὅτ
700 1588 900 1619 Successorum
918 1587 1081 1618 nostrorum
1117 1588 1151 1618 &
1167 1586 1245 1624 quod
1258 1586 1326 1624 ipse,

263 1629 380 1661 durante
399 1628 456 1659 vita
473 1628 573 1667 su5‚in
592 1629 726 1659 omnibus
743 1627 874 1658 tradetur
892 1634 1035 1664 reputetur
1054 1609 1186 1656 habeatur
1201 1633 1324 1656 teneatur

263 1670 299 1700 &
320 1670 492 1707 gubernetur
511 1677 643 1706 tanquam
661 1666 751 1697 fidelis
773 1666 880 1702 Ligeus
904 1665 998 1696 noster
1018 1664 1090 1695 infra
1109 1663 1245 1702 Regnum
1270 1673 1324 1693 no-

263 1706 354 1737 strum
376 1706 484 1746 Angliae
503 1706 653 1744 oriundus,
671 1707 704 1736 &
721 1715 779 1735 non
797 1705 873 1734 aliter
884 1727 893 1742 ,
913 1714 967 1734 nec
987 1703 1042 1733 alio
1060 1703 1162 1745 modo,

303 1746 448 1785 Quodque
466 1745 542 1775 idem
555 1747 691 1774 Horatius
707 1743 910 1781 Pallavicinus,
927 1743 1046 1773 durante
1062 1741 1131 1773 Vita
1146 1741 1209 1779 lua,
1224 1743 1322 1772 omni-

265 1786 366 1816 modas
385 1784 522 1815 Auiones
538 1784 623 1814 reales
637 1785 671 1815 ὃ(
706 1782 841 1813 ersonales
856 1783 889 1813 &
913 1782 1032 1818 mixtas,
1050 1781 1079 1810 in
1101 1781 1236 1811 omnibus
1258 1780 1322 1811 Cu-

265 1823 312 1853 riis
327 1822 616 1861 &Jurisdietionibus
629 1832 669 1852 no
696 1822 731 1852 ris
743 1820 900 1851 Haeredum
924 1821 957 1851 ὃς
982 1819 1186 1850 Succefforum
1210 1818 1322 1849 nostro-

266 1871 346 1900 rum,
366 1862 466 1892 habere
487 1871 655 1897 excercere,
672 1862 764 1898 eisque
779 1860 821 1890 uti
836 1859 870 1889 &
884 1859 1022 1897 gaudere,
1041 1859 1074 1890 &
1090 1858 1120 1887 in
1142 1858 1247 1887 eisdem
1263 1858 1323 1895 pla-

265 1901 350 1930 citare
365 1901 398 1932 &
413 1900 554 1938 placitari,
574 1900 739 1937 respondere
754 1898 787 1928 &
803 1898 983 1937 responderi,
1001 1896 1153 1927 defendere
1167 1898 1200 1928 &
1224 1896 1323 1926 defen-

264 1940 294 1969 di
309 1938 409 1977 possit,
428 1939 456 1967 in
470 1939 602 1968 omnibus
617 1939 650 1969 &
667 1948 716 1976 per
731 1938 847 1974 omnia,
865 1937 934 1967 sicut
948 1935 1036 1966 fidelis
1054 1934 1161 1973 Ligeus
1182 1934 1277 1965 noster
1292 1936 1321 1965 in

264 1977 346 2007 dicto
361 1977 466 2016 Regno
482 1976 581 2007 nostro
598 1977 708 2015 Angliae
723 1975 876 2012 oriundus,

304 2014 342 2046 Et
356 2016 464 2051 insuper
479 2015 559 2054 quod
574 2015 665 2046 dietus
678 2018 813 2046 Horatms
828 2012 1038 2053 pallavicinus,
1054 2012 1173 2044 durante
1181 2012 1248 2044 Vita
1261 2012 1321 2052 sua,

264 2054 369 2085 Terras
389 2054 570 2085 Tenementa
596 2053 790 2085 Reverciones
812 2053 845 2083 ὃς
864 2052 1105 2083 Haereditamenta
1130 2061 1319 2089 quaecurnque

264 2092 338 2123 infra
356 2092 490 2132 Regnum
508 2093 638 2123 nostrum
662 2092 796 2130 Angliae,
814 2100 861 2123 aut
878 2091 950 2121 infra
967 2091 1018 2121 alia
1043 2090 1184 2120 Dominia
1209 2090 1319 2128 nostra,

263 2131 422 2169 perquirere
448 2141 546 2169 capere
569 2132 694 2171 recipere
717 2131 819 2161 habere
840 2139 934 2161 tenere
959 2130 992 2160 &
1016 2129 1156 2168 possidere
1172 2131 1201 2159 in
1219 2129 1321 2159 Feodo

263 2170 400 2208 fimplici,
420 2169 516 2201 Feodo
532 2169 655 2208 talliam,
674 2169 709 2200 ad
732 2169 905 2200 Terminum
927 2167 1005 2199 Vitae
1029 2176 1075 2198 aut
1097 2168 1248 2205 Vitarum‚
1269 2177 1321 2205 pro

262 2207 406 2239 Termino
429 2209 504 2239 Anni
527 2208 572 2238 vel
595 2208 768 2245 Annorum,
786 2217 833 2238 aut
856 2208 952 2245 aliquo
973 2207 1028 2237 alio
1047 2207 1135 2236 modo
1151 2207 1184 2236 ad
1207 2206 1320 2237 libitum

262 2246 360 2286 suum,
378 2257 411 2277 ac
433 2247 472 2277 eis
492 2248 531 2278 uti
546 2248 579 2278 &
604 2247 724 2284 gaudere
739 2248 769 2276 in
786 2255 844 2277 tam
865 2245 965 2283 amplis
980 2244 1070 2275 modo
1085 2246 1118 2277 ὅ(
1134 2244 1228 2275 forma
1237 2245 1322 2282 possit

263 2286 298 2317 δε
328 2286 415 2316 valeat
430 2285 499 2316 ficut
528 2286 623 2323 aliquis
646 2286 807 2324 Ligeorum
831 2283 998 2315 nostrorum
1024 2283 1094 2314 infra
1116 2283 1256 2322 Regnum
1271 2293 1324 2313 no-

265 2323 354 2354 strum
371 2324 418 2355 An
439 2324 484 2354 11·ae
496 2324 649 2363 oriundus,

303 2362 340 2392 Et
357 2365 416 2402 quo
455 2362 546 2393 dietus
571 2365 705 2392 Horatius
736 2361 924 2392 pallavicinus
941 2361 977 2392 de
996 2369 1103 2393 caetero
1128 2362 1158 2391 in
1177 2361 1321 2400 futurum,

265 2400 383 2431 durante
400 2401 469 2432 Vita
486 2400 533 2431 sua
545 2425 555 2440 ,
580 2401 676 2432 colore
694 2401 738 2432 seu
758 2402 861 2438 vigore
887 2401 1002 2437 alicujus
1024 2400 1116 2431 Αάὶῦς
1139 2399 1241 2431 Statuti
1261 2400 1320 2429 Or-

262 2438 413 2470 dinationis
431 2439 475 2470 seu
496 2439 699 2470 Conceffionis
718 2440 863 2470 factorum
884 2447 930 2469 aut
955 2438 1131 2475 fiendorum,
1156 2448 1215 2468 non
1243 2438 1320 2468 aliter

263 2485 387 2508 teneatur
412 2478 457 2508 seu
482 2478 669 2515 compellatur
693 2478 727 2508 ad
752 2477 920 2508 solvendum
945 2477 1070 2507 dandum
1091 2476 1254 2507 faciendum
1273 2476 1318 2507 seu

261 2516 482 2554 supportandum
508 2516 606 2546 Nobis
631 2517 675 2546 vel
692 2516 776 2546 alicui
795 2515 952 2546 Haeredum
971 2524 1018 2546 aut
1042 2514 1247 2545 Successorum
1266 2525 1318 2545 no-

263 2553 403 2593 strorum,
422 2555 466 2586 seu
480 2555 654 2593 cuicumque
670 2555 733 2592 alii,
751 2555 840 2593 aliqua
855 2554 906 2583 alia
923 2553 1005 2583 Taxa
1020 2553 1151 2590 Tallagia
1174 2553 1316 2590 Subfidia,

262 2591 309 2623 seu
334 2593 422 2632 aliqua
444 2593 493 2623 alia
507 2592 605 2623 Onera
621 2602 826 2631 quaecumque,
846 2602 899 2630 pro
916 2591 999 2622 Bonis
1015 2591 1111 2622 Terris
1127 2591 1172 2621 seu
1195 2591 1315 2623 Persona

261 2631 331 2669 suis,
348 2640 532 2670 praeterquam
548 2631 609 2662 talia
621 2632 654 2662 δὲ
673 2632 692 2651 ²*
714 2640 788 2662 tanta
808 2632 897 2669 qualia
915 2631 948 2661 &
966 2638 1069 2670 quanta
1086 2630 1132 2660 alii
1151 2629 1244 2661 fideles
1263 2631 1316 2661 Li-

263 2671 310 2706 gei
330 2669 416 2699 nostri
444 2669 515 2700 infra
541 2669 682 2706 Regnum
703 2670 832 2700 nostrum
854 2669 968 2706 Angliae
993 2668 1124 2706 oriundi,
1150 2678 1202 2706 pro
1217 2669 1315 2699 Terris

262 2707 448 2738 Tenementis
473 2708 519 2738 seu
544 2708 669 2745 personis
694 2709 762 2746 suis,
790 2708 901 2738 solvunt
918 2707 985 2738 dant
1000 2707 1109 2737 faciunt
1128 2707 1174 2737 vel
1195 2708 1315 2745 suppor-

263 2754 337 2786 tant,
355 2755 402 2778 aut
420 2746 528 2777 solvere
545 2747 610 2777 dare
627 2747 719 2777 facere
737 2747 781 2777 vel
800 2747 958 2785 supportare
981 2746 1178 2776 communiter
1199 2747 1320 2777 consue-

262 2786 411 2816 verunt&
429 2793 559 2816 tenentur
577 2809 585 2821 ,
609 2786 641 2815 &
657 2796 715 2815 non
729 2787 807 2816 aliter
821 2795 876 2816 nec
890 2785 947 2815 alio
963 2784 1070 2822 modo,
1089 2783 1133 2813 sed
1151 2784 1230 2821 quod
1247 2794 1317 2821 prae·

262 2823 356 2855 dietus
378 2826 511 2854 Horatius
532 2823 722 2854 Pallavicinus
746 2824 851 2855 habere
873 2824 907 2854 δὲ
930 2822 1067 2862 possidere
1079 2822 1164 2862 poffit
1180 2823 1317 2855 valeat&

270 1603 394 1616 '‘aser-uren...
397 1605 436 1614 αι-
440 1604 447 1612 ·
453 1605 469 1609 -

394 2983 488 3028 Super
523 2979 661 3026 Custodia
700 2979 837 3028 Fltffingae
862 2992 923 3013 una
945 2991 1014 3014 cum
1039 2983 1183 3015 Ramme-

747 3029 823 3072 kins-

266 3135 481 3198 ELizalgeth,
500 3139 538 3179 by
554 3138 602 3169 the
619 3137 716 3169 Grace
730 3137 767 3168 of
777 3137 849 3169 God
859 3160 868 3176 ,
880 3136 940 3172 &a
959 3145 991 3168 to
1005 3137 1038 3168 all
1057 3145 1088 3168 to
1103 3137 1221 3170 whome
1238 3138 1318 3178 theys

342 3176 466 3208 Preients
484 3177 550 3209 shall
565 3187 669 3215 come,
686 3177 836 3213 Greeting.

301 3215 458 3254 Whereas,
475 3217 512 3256 by
532 3217 579 3246 the
599 3216 652 3246 late
669 3214 779 3246 Deathe
800 3215 848 3253 of,
868 3225 921 3245 our
942 3213 1048 3254 trustye
1061 3214 1116 3244 and
1131 3214 1316 3245 wellbeloved

264 3255 418 3291 Servaunt,
436 3258 485 3288 Syr
499 3254 628 3323 PhyGlyppe
646 3254 745 3294 Sya'ney
765 3253 894 3292 Knight,
912 3253 959 3284 the
977 3253 1077 3284 Town
1096 3253 1133 3283 of
1146 3252 1270 3292 Flyfhyng
1286 3263 1316 3293 ys

263 3293 497 3362 noggrtiiiiiggilet
510 3303 540 3361 {s
560 3302 610 3360 11ῗέ
612 3302 718 3360 ἳὲἶΞκετ
726 3330 791 3374 11131
805 3340 874 3369 very
889 3338 983 3360 meere
1001 3329 1056 3359 and
1079 3329 1253 3369 necessarye,
1269 3330 1316 3360 for

264 3370 525 3401 th'Advancement
539 3369 575 3399 of
586 3379 639 3398 our
654 3368 766 3399 Servrce
781 3378 809 3398 111
825 3368 903 3399 those
915 3368 1047 3407 PartyeS,
1064 3377 1096 3399 to
1112 3369 1181 3399 have
1197 3370 1244 3399 the
1258 3368 1315 3406 say-

265 3409 301 3440 de
316 3408 400 3439 Place
413 3407 562 3447 supplyed,
580 3406 657 3445 wyth
673 3416 700 3436 as
717 3415 811 3444 greate
819 3406 1011 3449 Expedycyon
1026 3417 1054 3437 as
1067 3408 1196 3476 magnbe,
1217 3409 1235 3437 b
1269 3407 1315 3436 so-

263 3457 315 3516 }ne
329 3446 504 3486 Personnage
527 3446 563 3477 of
584 3445 727 3485 Qalytye
740 3445 794 3476 and
811 3445 897 3486 Gylts
915 3445 969 3486 fytt
990 3445 1036 3475 for
1047 3455 1064 3476 a
1080 3444 1108 3476 C
1145 3454 1192 3485 rge
1207 3417 1254 3476 osy
1256 3446 1315 3475 that

295 3496 325 3516 m
346 3494 459 3516 ortance

304 3495 419 3554 Kiaowe
434 3508 557 3564 ye³that,
576 3521 622 3553 for
638 3522 685 3553 the
701 3521 801 3560 special
816 3522 920 3553 Truste
938 3532 985 3553 we
1005 3522 1077 3552 have
1092 3521 1207 3560 reposed
1223 3522 1251 3551 in
1267 3520 1315 3551 the

265 3561 415 3602 Fydelytye
428 3561 482 3592 and
498 3561 707 3600 Suffycyencye
722 3561 757 3590 of
769 3570 821 3591 our
843 3561 949 3599 trustye
967 3560 1023 3590 and
1045 3559 1232 3591 wellbeloved
1253 3559 1315 3590 Ser-

265 3609 370 3637 vaunt,
388 3604 435 3639 Syr
449 3600 576 3640 lVylliam
589 3598 692 3638 Ruffill
702 3598 834 3636 Knight‚
851 3609 895 3630 we
912 3601 983 3629 have
996 3599 1078 3629 made
1091 3599 1209 3638 specyall
1225 3598 1315 3637 choy-

267 3649 301 3669 ce
315 3640 352 3670 of
362 3640 429 3678 hym
446 3648 477 3669 to
492 3639 604 3676 supplye
619 3639 666 3668 the
678 3637 762 3668 Place
775 3636 812 3665 of
821 3647 874 3667 our
890 3640 1031 3667 Governor
1046 3637 1100 3667 and
1122 3641 1259 3675 Capetayn
1282 3636 1320 3666 of

268 3677 315 3708 the
332 3677 393 3716 sayd
409 3681 510 3714 Toune,
530 3678 598 3707 with
615 3678 662 3706 the
679 3676 854 3709 Rammekyns
869 3676 927 3705 and
938 3679 1016 3705 Forts
1029 3676 1178 3706 thereunto
1193 3676 1316 3711 belong-

267 3725 342 3755 yng,
359 3716 412 3746 and
426 3716 461 3744 of
471 3715 504 3744 311
519 3716 565 3745 the
581 3714 724 3753 Garryson
737 3713 790 3743 and
806 3713 954 3753 Souldyers
968 3715 1027 3745 that
1041 3724 1126 3744 nowe
1133 3725 1179 3744 are
1193 3714 1246 3743 and
1260 3713 1312 3742 he-

1361 1237 1498 1277 poffideat
1513 1248 1616 1269 omnes
1635 1239 1669 1270 δε
1684 1238 1866 1269 omnimodas
1889 1237 2047 1270 Libertates
2062 1237 2238 1269 Franchefias
2254 1238 2288 1269 δε
2304 1236 2426 1269 Privile-
2445 1244 2522 1277 Αῃη,

1359 1278 1404 1316 gia
1428 1287 1617 1317 quaecumque
1632 1300 1643 1315 ,
1673 1287 1707 1307 ac
1726 1278 1764 1306 eis
1787 1277 1827 1307 uti
1858 1278 1891 1308 &
1920 1277 2043 1314 gaudere
2071 1277 2156 1316 possit
2183 1277 2254 1307 infra
2285 1276 2420 1316 Regnum
2465 1286 2530 1324 ¹53-

1359 1315 1489 1346 nostrum
1519 1317 1634 1353 Angliae
1662 1316 1696 1346 ὃς
1720 1314 1933 1354 ]υ11[ἀ1ἃ1οη65
1959 1316 2064 1346 nostras
2080 1340 2089 1353 ‚
2122 1316 2194 1346 adet>
2221 1315 2309 1346 libere
2341 1316 2420 1353 quie·
2447 1336 2481 1361 29
2498 1311 2530 1352 El

1361 1359 1389 1385 te
1402 1355 1514 1391 integre
1530 1355 1563 1385 &
1579 1352 1698 1392 pacifice
1717 1361 1801 1391 prout
1821 1355 1916 1384 caereri
1936 1352 2030 1384 fideles
2054 1355 2136 1392 Ligci
2158 1354 2265 1391 nostri,
2292 1354 2364 1385 infra
2379 1355 2422 1384 di-

1360 1393 1441 1423 &um
1457 1393 1598 1430 Regnum
1616 1391 1749 1422 nostrum
1769 1392 1881 1430 Angliae
1897 1393 2009 1422 oriundi
2052 1393 2153 1423 habere
2173 1392 2311 1430 possidere
2330 1394 2370 1423 uti
2385 1393 2421 1424 &

1362 1431 1483 1468 gaudere
1499 1431 1637 1469 debeant,
1663 1431 1766 1468 absque
1787 1429 1999 1461 Perturbatione
2017 1416 2219 1462 lVlolestatione
2239 1431 2421 1471 inquietatio«

1361 1480 1398 1500 ne
1414 1469 1628 1508 Impedimento
1644 1469 1802 1499 Vexatione
1817 1468 2008 1507 Calumpnia,
2026 1469 2071 1500 seu
2087 1469 2263 1500 Gravamine
2276 1481 2420 1510 quocum-

1362 1519 1416 1548 que
1434 1508 1525 1539 nostri
1544 1509 1589 1539 vel
1607 1507 1767 1538 Haeredum
1787 1516 1835 1537 aut
1853 1507 2058 1538 Succefforum
2084 1508 2246 1538 nostrorum
2257 1531 2266 1545 ‚
2289 1509 2422 1547 Justicia·

1364 1548 1470 1577 riorum
1488 1547 1670 1578 Escaetorum
1691 1546 1909 1577 vicecomitum
1928 1546 2121 1585 Ballivorum,
2138 1554 2187 1576 aut
2203 1546 2320 1577 aliorum
2341 1547 2421 1578 Offi=

1364 1587 1515 1616 ciariorum
1531 1586 1576 1616 seu
1593 1584 1798 1615 Ministrorum
1814 1593 2083 1623 quorumcumque3

1399 1624 1435 1655 Et
1454 1625 1582 1662 insuper,
1598 1624 1634 1654 de
1652 1624 1771 1654 uberiori
1791 1621 1891 1654 Gratia
1909 1623 2022 1660 nostra,
2049 1633 2083 1653 ac
2102 1632 2136 1653 ex
2153 1632 2228 1654 certa
2245 1623 2369 1656 Scientia
2384 1626 2419 1656 &

1363 1673 1445 1693 mero
1456 1662 1543 1693 Motu
1552 1662 1667 1699 nostris,
1679 1662 1883 1699 concedimus,
1894 1671 1947 1700 pro
1958 1661 2056 1692 Nobis
2074 1661 2243 1692 Haeredibus
2253 1664 2286 1694 &
2303 1663 2421 1694 Succes-

1362 1702 1468 1732 soribus
1487 1701 1607 1739 nostris,
1624 1700 1744 1738 praefato
1763 1702 1880 1729 Horatio
1899 1699 2070 1730 Pallavicino
2088 1701 2167 1738 quod
2189 1701 2226 1731 de
2243 1704 2349 1732 caetero
2370 1703 2421 1732 be-

1361 1742 1399 1770 ne
1420 1740 1502 1770 liceat
1521 1741 1554 1770 &
1573 1740 1671 1770 licebit
1692 1738 1810 1776 praefato
1830 1741 1971 1777 Horatio,
1986 1739 2022 1769 dc
2041 1747 2172 1776 ternpore
2190 1740 2220 1769 in
2237 1748 2369 1779 tempuS,
2386 1742 2421 1772 &

1360 1780 1443 1809 omni
1463 1787 1594 1816 tempore
1612 1778 1728 1808 durante
1744 1777 1812 1807 Vita
1830 1777 1894 1814 sua,
1921 1777 1955 1808 ad
1984 1777 2100 1808 libitum
2116 1777 2199 1808 suum
2226 1780 2301 1809 exire
2319 1781 2352 1811 ὅ(
2371 1779 2422 1810 de-

1361 1818 1461 1849 cedere
1477 1826 1553 1848 extra
1570 1817 1628 1847 hoc
1650 1816 1789 1855 Regnum
1814 1815 1943 1845 nostrum
1964 1815 2096 1853 Angli-ze,
2124 1824 2171 1846 aut
2189 1825 2265 1847 exrra
2290 1817 2341 1847 alia
2360 1817 2422 1847 Re-

1361 1866 1416 1896 gna
1440 1855 1533 1886 nostra
1559 1857 1588 1885 in
1614 1855 1719 1893 aliquas
1743 1854 1838 1884 Partes
1864 1853 2056 1884 transmarinas
2080 1855 2287 1892 quascumque,
2312 1855 2423 1886 ibidem

1363 1896 1467 1925 morari
1486 1896 1519 1926 δε
1538 1903 1682 1925 remanere
1702 1893 1736 1923 ad
1756 1893 1870 1923 libitum
1888 1893 1969 1922 suum
1990 1894 2022 1923 &
2043 1893 2179 1931 quamdiu
2197 1893 2248 1924 libi
2268 1895 2421 1933 placuerit,

1361 1934 1393 1965 &
1412 1933 1446 1964 ad
1465 1934 1579 1964 libitum
1599 1934 1632 1965 δε
1651 1931 1863 1969 beneplacitum
1882 1931 1964 1961 suum
1983 1931 2071 1961 redire
2089 1933 2118 1961 in
2137 1931 2274 1971 Regnum
2289 1933 2420 1964 nostrum

1360 1973 1478 2010 Angliae
1494 1972 1611 2011 quando
1629 1971 1661 2002 &
1683 1971 1940 2008 quotienscumque
1967 1970 2016 2000 fibi
2043 1970 2194 2009 placuerit,
2220 1973 2335 2002 durante
2354 1971 2421 2004 Vita

1359 2011 1422 2049 suci,
1445 2011 1549 2049 absque
1574 2010 1668 2048 aliquo
1698 2009 1867 2047 Praejudicio
1892 2008 2084 2039 Arrestatione
2110 2008 2178 2039 Fine
2206 2008 2420 2047 Impedimento

1361 2049 1546 2088 Imperitione
1569 2048 1756 2079 Forisfadtura
1774 2048 1829 2078 five
1845 2047 2019 2078 Gravamine
2038 2056 2164 2086 quocum
2188 2059 2241 2086 ue,
2269 2049 2341 2080 adeo
2359 2050 2419 2087 ple-

1359 2089 1396 2119 ne
1417 2089 1507 2119 libere
1527 2088 1559 2119 &
1582 2089 1689 2125 integre
1709 2095 1792 2125 prout
1811 2085 1943 2124 praefatus
1961 2087 2096 2115 Horatius
2122 2057 2311 2118 Paiiavicinus
2328 2090 2422 2126 potuit

1359 2128 1391 2159 &
1411 2128 1516 2158 valebit
1532 2127 1601 2157 dum
1619 2127 1782 2165 Alienigena
1802 2125 1873 2163 fuit,

1398 2166 1539 2197 Volumus
1554 2166 1640 2196 etiam
1656 2175 1709 2203 ac,
1728 2174 1775 2202 per
1791 2163 1962 2202 praesentes,
1979 2164 2165 2195 concedimus
2187 2164 2266 2203 quod
2289 2166 2421 2202 praefatus

1361 2208 1495 2236 Horatius
1519 2204 1706 2234 Pallavicinus
1728 2204 1827 2233 habeat
1853 2202 1901 2233 has
1926 2203 2032 2233 Literas
2059 2203 2184 2241 nostras,
2211 2203 2260 2233 fibi
2282 2204 2367 2234 faeias
2384 2206 2418 2237 &

1362 2244 1526 2282 concessas,
1545 2244 1646 2281 absque
1667 2243 1736 2273 Fine
1757 2242 1801 2272 seu
1823 2241 1923 2271 Feodo
1940 2251 2048 2280 magno
2068 2241 2112 2271 vel
2131 2251 2219 2279 parvo
2237 2241 2270 2271 ad
2283 2252 2354 2280 opus
2368 2253 2420 2273 no-

1361 2283 1470 2321 strum,
1489 2283 1533 2313 vel
1554 2282 1631 2313 aliter
1653 2292 1706 2320 pro
1729 2280 1879 2310 Praemiffis
1902 2280 1946 2310 seu
1963 2281 2056 2318 aliquo
2072 2279 2306 2319 Praemissorum,
2323 2281 2418 2312 dando

1362 2321 1497 2352 solvendo
1518 2321 1563 2351 seu
1584 2320 1733 2356 faciendo;
1752 2319 1889 2356 aliquibus
1905 2318 2019 2349 Statutis
2043 2318 2281 2348 Ordinationibus
2296 2319 2419 2351 Aetibus

1362 2360 1575 2390 Provifionibus
1605 2360 1650 2389 seu
1680 2357 1959 2389 Proclamationibus
1983 2358 2011 2386 in
2034 2355 2222 2386 Parliamento
2252 2357 2351 2387 nostro
2373 2359 2419 2390 vel

1361 2398 1605 2429 Praedecessorum
1627 2396 1805 2433 nostrorum,
1824 2396 1869 2425 vel
1896 2403 1971 2425 extra
1994 2395 2232 2432 parliamentum,
2257 2396 2286 2425 in
2303 2404 2418 2428 contra-

1360 2438 1434 2468 rium
1455 2446 1518 2467 ante
1541 2437 1604 2466 haec
1629 2444 1757 2472 tempora
1778 2434 1858 2463 faetis
1878 2434 2011 2463 ordinatis
2033 2433 2149 2472 provisis
2169 2433 2349 2470 proclamatis
2368 2443 2418 2467 aut

1359 2474 1518 2512 conceffis,
1549 2476 1595 2505 seu
1618 2473 1806 2511 imposterum
1829 2472 1962 2502 faciendis
1983 2472 2143 2501 ordinandis
2166 2472 2346 2508 providendis
2372 2475 2417 2504 seu

1358 2514 1580 2552 proclamandis,
1595 2522 1641 2542 aut
1657 2522 1712 2550 pro
1729 2521 1764 2541 eo
1779 2511 1855 2549 quod
1873 2510 1948 2540 idem
1961 2512 2094 2539 Horatius
2111 2510 2298 2539 Pallavicinus
2311 2512 2338 2540 in
2349 2510 2417 2542 Par-

1356 2554 1430 2584 tibus
1444 2552 1533 2583 Italiae
1549 2551 1683 2582 oriundus
1699 2550 1797 2587 fuerit,
1815 2557 1861 2579 aut
1877 2547 1970 2587 aliqua
1992 2548 2046 2579 alia
2061 2547 2108 2578 Re
2126 2547 2220 2579 Causa
2233 2548 2279 2579 vel
2295 2548 2416 2581 Materia

1354 2601 1552 2631 quacumque,
1571 2600 1630 2620 non
1646 2588 1831 2619 obstantibus.

1392 2630 1426 2661 In
1441 2631 1522 2669 cujus
1541 2630 1598 2667 rei,
1612 2629 1672 2660 &c.

2483 1368 2528 1402 Reg

1391 2706 1481 2738 Teste
1496 2705 1607 2746 Regina
1623 2705 1696 2745 apud
1713 2703 1993 2745 Wstmonasterium‚
2011 2702 2135 2734 secundo
2155 2702 2202 2734 die
2223 2703 2411 2735 Novembris

1840 2783 1892 2811 Per
1910 2784 2001 2811 Breve
2024 2782 2056 2810 de
2074 2782 2192 2811 Privato
2210 2780 2307 2818 Sigillo.

1357 2948 1573 2984 Commiffion
1608 2948 1648 2983 de
1672 2948 1699 2982 la
1723 2947 1825 2982 Reine
1848 2944 1996 2981 accordee
2030 2958 2069 2980 au
2095 2944 2271 2980 Chevalier
2297 2946 2410 2982 Russel

1402 3009 1487 3045 pour
1509 2999 1573 3032 eti-e
1607 2997 1822 3031 Gouverneur
1847 2995 1885 3029 de
1905 2993 2103 3041 Flessmgue,
2130 2994 2170 3029 de
2189 2996 2410 3040 Rammekens‚

1402 3052 1435 3082 δε
1460 3047 1513 3082 des
1538 3048 1627 3080 Forts
1651 3045 1834 3080 d’alentour.

1403 3133 1565 3171 Lizabeth‚
1582 3140 1633 3171 par
1655 3131 1682 3162 la
1699 3141 1780 3169 grace
1801 3131 1833 3160 de
1856 3132 1947 3169 Dieu,
1964 3126 2025 3164 &a
2065 3131 2103 3159 A
2123 3137 2180 3159 tour
2195 3141 2260 3160 ceux
2274 3131 2292 3160 ἃ
2307 3134 2354 3171 qui
2371 3131 2407 3161 les

1415 3172 1549 3210 presentes
1561 3171 1776 3209 parviendront,
1794 3169 1884 3198 Salut.

1392 3211 1533 3241 D’autant
1547 3221 1596 3249 que
1610 3218 1658 3245 par
1674 3208 1702 3238 Ia
1717 3215 1785 3238 mort
1799 3209 1830 3237 de
1846 3215 1922 3237 notre
1936 3205 2014 3240 fidele
2027 3205 2065 3241 ὠ·
2078 3206 2137 3235 bien
2152 3209 2227 3236 aime*
2243 3211 2407 3246 Servileur,

1354 3249 1379 3279 le
1396 3247 1542 3279 chevalier
1557 3248 1689 3287 Philippe
1706 3247 1835 3287 Sydney,
1854 3245 1882 3275 la
1898 3244 1970 3276 Ville
1986 3245 2017 3274 de
2031 3244 2185 3284 Fleffingue
2210 3245 2246 3285 est
2261 3245 2279 3274 ἂ
2295 3245 2404 3284 preftnt

1346 3288 1415 3328 sans
1427 3291 1621 3323 Gouverneur,

1391 3329 1433 3355 Et
1450 3337 1502 3366 que
1520 3336 1584 3355 nous
1595 3324 1706 3362 jugeons
1718 3322 1881 3353 convenable
1896 3321 1934 3356 &
1949 3320 2105 3360 neceffizstr,
2118 3330 2184 3360 pour
2200 3321 2360 3358 l’avantage
2374 3323 2409 3352 de

1352 3373 1430 3394 notre
1450 3368 1558 3394 Service
1578 3364 1648 3393 a'ans
1669 3372 1707 3392 ces
1731 3361 1909 3402 quartiers—ld
1921 3383 1932 3398 ,
1947 3371 1996 3400 que
2013 3361 2042 3389 la
2057 3360 2112 3390 dite
2150 3359 2205 3389 lace
2212 3362 2265 3396 soit
2282 3360 2407 3398 remphe,

1352 3403 1604 3442 auffipromtement
1621 3401 1687 3442 qu'il
1697 3400 1733 3440 est
1745 3399 1850 3438 poffible
1860 3424 1868 3437 ,
1882 3407 1932 3438 par
1947 3398 2057 3438 quelque
2065 3368 2192 3436 persopnne
2205 3397 2405 3438 dequalitec&

1353 3443 1386 3472 de
1399 3441 1489 3471 talem
1499 3449 1609 3480 propres
1618 3450 1685 3480 pour
1704 3450 1753 3469 une
1768 3439 1863 3476 charge
1878 3439 1909 3467 de
1925 3445 1994 3466 cette
2013 3444 2173 3475 17nportance
2178 3447 2189 3473 ,-

1389 3519 1510 3556 Sachez,
1528 3528 1578 3559 que
1591 3526 1656 3546 nous
1674 3515 1793 3555 confiant
1804 3513 2075 3554 fingulie‘rementfirr
2087 3511 2237 3551 lafidelite‘
2245 3513 2283 3548 ῤ’
2304 3513 2334 3544 la
2357 3526 2402 3544 ca-

1352 3559 1444 3596 parite'
1453 3558 1484 3587 de
1496 3565 1573 3586 notre
1585 3553 1665 3596 fide‘le
1681 3553 1717 3588 ὠ·
1733 3555 1882 3584 bien-aime
1894 3557 2049 3590 Serviteur,
2067 3552 2092 3581 le
2106 3551 2252 3581 Chevalier
2272 3553 2401 3583 Guillau-

1355 3606 1402 3626 rne
1418 3596 1534 3633 Russel,
1552 3605 1617 3624 nous
1632 3593 1740 3622 l'avons
1753 3592 1827 3631 chozfi
1837 3592 2099 3630 particulierement,
2103 3597 2171 3627 pour
2185 3588 2292 3629 remplir
2300 3591 2328 3619 la
2340 3590 2402 3629 pla-

1353 3645 1379 3663 ce
1394 3635 1426 3664 de
1442 3642 1521 3664 notre
1535 3633 1728 3663 Gouverneur
1744 3632 1777 3662 &
1787 3632 1935 3668 Capitaine
1949 3631 1984 3659 de
1997 3630 2021 3659 la
2036 3630 2093 3659 dite
2103 3627 2193 3662 ville,
2212 3630 2246 3659 &
2262 3629 2297 3659 de
2311 3629 2402 3659 Ram-

1354 3673 1471 3703 mekens
1489 3673 1523 3703 δε
1545 3672 1594 3702 des
1616 3670 1695 3700 Forts
1711 3673 1800 3708 quien
1815 3669 1977 3707 dependent,
1995 3667 2032 3702 &
2047 3667 2079 3696 de
2095 3673 2168 3696 toute
2180 3667 2209 3696 la
2222 3670 2347 3706 garnison
2362 3666 2402 3702 &-

1352 3712 1397 3740 des
1411 3710 1536 3747 Soldats,
1554 3712 1600 3750 qui
1608 3720 1628 3746 y
1635 3707 1702 3747 fimt
1716 3707 1734 3736 ὰ
1747 3706 1852 3746 present
1862 3730 1871 3745 ,
1889 3706 1927 3740 (ῥ’
1941 3706 2019 3746 qu'on
2028 3716 2049 3743 y
2073 3712 2174 3734 mettra
2191 3706 2258 3735 dans
2271 3705 2301 3735 la
2313 3708 2401 3743 suite,

266 3754 367 3784 reafter
379 3753 447 3785 111311
462 3754 499 3783 be
513 3754 588 3783 there
604 3753 703 3790 placed
716 3752 762 3782 for
776 3762 830 3782 our
842 3751 964 3792 Servyce
979 3753 1035 3783 and
1051 3752 1149 3782 Garde
1163 3751 1200 3782 of
1212 3752 1260 3782 the
1273 3751 1313 3781 sa-
1345 3758 1413 3789 pour
1426 3757 1502 3779 notre
1513 3752 1622 3778 Service
1638 3744 1676 3781 ῤ’
1688 3754 1756 3784 pour
1769 3745 1798 3775 la
1810 3746 1894 3782 garde
1907 3744 1940 3773 de
1953 3752 2021 3774 cette
2034 3746 2061 3774 V
2062 3742 2108 3774 ille
2124 3743 2161 3779 ὠ
2173 3744 2218 3773 des
2234 3748 2328 3781 Forts,

266 3801 313 3821 me
328 3793 445 3823 Towne
459 3791 513 3822 and
527 3792 621 3822 Fortes
631 3815 640 3829 ,

301 3830 354 3860 To
373 3831 444 3861 have
461 3830 565 3860 houlde
579 3829 727 3868 excercyse
743 3827 797 3859 and
823 3837 954 3866 occupye
977 3828 1116 3858 th'Office
1133 3829 1170 3859 of
1181 3839 1234 3859 our
1251 3827 1315 3867 sayd

267 3870 405 3898 Governor
426 3868 481 3898 and
500 3873 555 3905 Cas>
567 3875 638 3903 rtayn
656 3869 691 3898 of
705 3868 753 3898 the
770 3867 833 3906 sayd
850 3867 966 3896 Towne
984 3867 1039 3896 and
1060 3867 1155 3905 Forts,
1175 3868 1213 3907 by
1232 3868 1316 3906 hym-

263 3906 316 3973 ‘self
328 3917 362 3937 or
377 3908 415 3947 by
435 3907 477 3936 his
494 3879 650 3946 suffffcyent
670 3907 803 3946 Deputye
818 3915 851 3936 or
871 3904 1154 3944 Deputyes‚'during
1164 3915 1218 3935 our
1237 3906 1317 3936 Plea-

275 3954 336 3981 ure,

305 3986 317 3997 *
339 3981 462 4022 Gevyng
480 3992 551 4013 unto
569 3984 617 4013 the
634 3982 694 4020 sayd
713 3985 762 4016 Syr
783 3980 912 4011 William
936 3980 1039 4020 Ruffill
1056 3981 1104 4012 full
1127 3981 1232 4012 Power
1257 3981 1312 4011 and

265 4019 454 4059 Anthoritye,
480 4023 517 4060 by
535 4021 609 4051 these
629 4020 770 4058 Prelents,
799 4028 830 4050 to
849 4020 912 4049 take
929 4020 976 4049 the
993 4019 1072 4050 Othe
1098 4021 1152 4050 and
1171 4020 1263 4050 Othes
1280 4019 1317 4049 of

261 4059 295 4089 311
315 4058 494 4126 βορῖἓιχγηεὶ.)
504 4059 559 4125 3ἳά
578 4059 707 4098 Soldyers
724 4059 802 4090 there
812 4058 922 4095 serving
926 4079 938 4097 ,
955 4057 1010 4088 and
1022 4058 1081 4089 that
1094 4058 1228 4089 hereafter
1244 4058 1311 4089 shall

297 4101 369 4128 Tom.
428 4100 452 4126 Ι.
496 4119 504 4127 .
538 4119 546 4127 .

1390 3829 1461 3856 Pour
1477 3829 1549 3856 tenir
1558 3849 1567 3864 ,
1582 3824 1699 3862 garder,
1719 3831 1824 3852 exercer
1838 3820 1876 3856 ῤ’
1889 3828 1992 3859 occuper
2002 3819 2121 3859 l‘employ
2134 3821 2166 3849 de
2181 3828 2258 3850 notre
2268 3819 2403 3851 Gouver-

1354 3875 1423 3896 neur
1436 3866 1469 3896 &
1485 3865 1634 3902 Capitaine
1648 3862 1684 3891 de
1699 3863 1723 3891 la
1738 3862 1797 3890 dite
1811 3859 1883 3889 Ville
1899 3860 1930 3890 ὃ(
1945 3861 1991 3889 des
2007 3860 2103 3895 Forts,
2117 3867 2169 3896 par
2191 3858 2234 3898 luy
2256 3857 2352 3893 me‘ue,
2370 3869 2403 3887 ou

1350 3912 1404 3942 par
1422 3903 1490 3942 celuy
1506 3914 1538 3932 ou
1552 3912 1633 3939 ceux,
1652 3903 1696 3941 qui
1709 3910 1740 3928 en
1756 3897 1844 3937 estant
1859 3897 1997 3936 capables,
2023 3897 2046 3926 il
2058 3907 2127 3926 aura
2142 3896 2278 3934 delegue's,
2304 3898 2407 3926 durant

1355 3941 1441 3981 nostre
1456 3940 1627 3979 bon-plaifir²
2376 3973 2380 3978 ι

1393 3985 1528 4010 Donnant
1543 3978 1615 4016 plem
1634 3978 1750 4015 pouvoir
1768 3974 1805 4009 ὠ·
1832 3973 1974 4003 authorite‘
1987 3984 2022 4002 au
2045 3971 2135 4012 fitfixsit
2157 3972 2300 4002 Chcvalier
2320 3971 2406 4002 Guil-

1350 4020 1444 4050 laume
1462 4017 1578 4053 Russel,
1592 4023 1644 4053 par
1658 4013 1695 4042 les
1705 4019 1856 4052 presentes,
1874 4013 1905 4041 de
1923 4022 2040 4040 recevon'
2055 4012 2091 4041 les
2107 4015 2224 4040 Sermens
2245 4013 2276 4039 de
2290 4018 2347 4038 tous
2369 4009 2406 4040 les

1349 4060 1506 4097 Capitaines
1520 4054 1558 4090 ῥ’
1572 4052 1678 4083 Soldats
1695 4055 1741 4091 qui
1754 4054 1870 4092 servent
1878 4049 1944 4117 33&
1957 4051 1989 4080 de
2004 4057 2062 4080 tous
2077 4061 2142 4080 ceux
2154 4052 2341 4089 quiserviuu,
2367 4052 2404 4093 (i-

1892 4096 1894 4099 '
2311 4093 2404 4124 apres,
