2557 4279
103 274 183 306 Ann.
197 273 236 303 D.

126 314 214 349 1609.

107 361 121 387 7
141 353 202 389 Jac.
217 361 239 378 1.

108 854 123 869 ⁵
140 854 225 881 XVI.

108 892 174 922 682.

106 2641 185 2671 Anti.
196 2639 242 2672 D.

129 2680 215 2718 1609.

105 2721 165 2746 Pet.
182 2728 195 2753 7
204 2741 212 2747 .

105 2755 171 2794 Jac.
195 2766 219 2785 1.

103 2801 132 2832 p.
146 2804 190 2829 27.

109 2843 144 2858 77².
164 2842 191 2867 ς,

104 2870 156 2901 dor.

253 191 339 228 166

249 271 449 307 natalitium,
467 267 548 299 dictis
573 267 738 307 seperalibus
761 265 1024 297 Commiffionariis
1045 266 1148 297 nostris
1167 265 1316 304 cujussibet

249 310 450 342 Comitatuum
467 307 613 338 dictorum
627 306 709 344 hujus
722 304 818 344 Regni
841 304 932 335 nostri
953 305 1067 345 Angliae
1081 329 1091 344 ‚
1109 305 1254 344 significari
1271 305 1314 335 fe-

252 359 354 381 cimus,

292 387 361 417 Nos
379 385 486 423 itaque,
502 383 538 414 de
553 381 696 413 Fidelitatc
711 381 850 412 1ndustria
863 382 896 413 &
911 382 1030 420 provida
1046 380 1314 422 Ciacumspestione

252 425 351 456 vestris
367 424 395 453 in
409 423 542 461 Negotiis
561 420 664 451 nostris
676 420 792 460 agendis
807 422 1054 460 quampluaimum
1068 420 1258 457 confidentes,
1271 423 1311 449 al-

253 463 423 502 sigriavimus
437 471 507 499 vos,
525 469 558 490 ac
573 459 693 490 Tenore
710 459 895 490 Praesenrium
915 461 1015 490 damus
1035 459 1134 495 vobis,
1151 467 1198 488 aut
1215 458 1312 496 aliqui-

252 502 305 531 bu,
318 508 438 539 quatuor
455 501 501 531 vel
515 499 641 538 pluribus
656 496 801 535 vestrum,
822 499 935 536 plenam
951 497 1127 538 Potestatem
1144 498 1177 527 ὃ(
1196 495 1309 526 Autho-

250 541 362 570 ritatem
376 538 412 570 ad
428 538 578 578 praedictos
592 536 766 574 Magistros,
783 536 960 574 Gardianos,
979 536 1146 574 Praepolitos
1160 557 1170 572 ,
1198 534 1310 564 Princi-

252 578 345 615 pales,
365 576 578 608 Gubernatores
589 599 598 613 ,
617 575 719 606 Socios
734 575 767 606 ὅ(
783 575 910 605 Scolares
927 574 1050 612 ejusdem
1073 573 1239 603 Academiae
1257 582 1311 602 no-

253 616 317 646 strae
333 615 432 646 Oxon.
450 617 483 648 &
499 615 596 653 singul'
614 613 725 653 Colleg’
745 613 934 651 Domorum,
952 611 1093 648 AEdium,
1110 610 1313 651 Hospitiorum

252 655 286 686 &
304 654 461 692 Aularum,
484 663 584 684 coram
606 652 722 691 Nobis,
746 651 791 682 seu
811 652 950 689 aliquibus
975 659 1096 689 quatuor
1121 651 1165 679 vel
1187 650 1313 692 pluribus

253 692 382 723 vestrum
394 717 404 732 ,
421 693 457 723 ad
473 692 546 723 Dies
561 692 595 723 ὃς
611 692 693 722 Loca
704 714 713 729 ,
731 700 801 728 quos
823 692 867 720 vel
886 699 950 727 quae
973 689 1007 718 ad
1034 689 1095 718 hoc
1118 688 1314 727 provideritis,

253 730 300 762 seu
311 731 395 770 aliqui
409 741 527 769 quatuor
540 731 584 762 vel
617 730 687 760 lures
701 728 830 758 vestrum
845 729 878 758 ad
895 729 954 758 hoc
977 727 1172 765 providerint,
1188 737 1314 757 evocan-

255 768 285 799 di
300 770 345 801 seu
362 771 475 801 evocari
496 740 630 800 faciendi:
653 770 686 800 ὅ(
701 767 733 798 ad
758 767 927 805 praedirfftum
951 766 1099 796 Auxilium
1123 769 1225 802 Viginti
1244 764 1314 795 Soli-

254 808 366 847 dorum,
385 817 442 840 tam
455 808 489 840 de
504 809 638 839 omnibus
651 808 684 838 δι
709 806 821 844 singulis
843 805 946 835 Feodis
968 804 1117 842 Militum,
1135 807 1191 844 'per
1213 813 1315 835 eorum

254 847 379 886 aliquem
396 847 431 878 de
446 847 543 878 Nobis
558 846 612 876 line
631 844 724 875 medio
739 845 843 882 tentis,
860 845 946 882 quam
963 843 998 873 de
1014 845 1149 874 omnibus
1165 845 1197 874 &
1218 845 1233 860 ²*
1258 844 1312 873 sin-

255 887 325 924 gulis
338 886 449 926 Viginti
465 886 584 917 Libratis
597 884 696 915 Terrae
710 892 758 922 per
773 883 932 914 eorundem
947 883 1088 925 aliquem,
1108 891 1139 912 ut
1157 882 1315 920 praefertur,

255 924 292 956 de
307 925 407 956 Nobis
423 927 452 955 in
468 927 575 961 Socagio
593 923 648 953 sine
665 921 762 952 medio
778 922 903 952 limiliter
917 923 1089 960 tentis,inira
1106 921 1245 960 Regnum
1262 929 1314 950 no-

257 962 347 994 strum
363 964 475 1003 Angliae
485 987 494 1002 ,
510 965 543 994 &
558 962 594 993 de
608 961 734 999 pluribus
753 961 813 999 plus
827 962 860 992 &
874 959 910 991 de
925 961 1084 990 minoribus
1104 962 1214 998 minus,
1237 961 1315 997 juxta

256 1001 382 1041 Ratam,
399 1005 432 1035 ὃς
451 1001 606 1032 secundum
622 999 748 1030 formam
769 1001 802 1031 ὅ(
823 999 1021 1029 Provisionem
1049 999 1148 1030 Statuti
1169 998 1314 1038 praedieti,

255 1050 307 1079 pet
321 1042 397 1072 viam
414 1039 659 1077 Compositionis,
676 1047 728 1076 pro
745 1038 843 1068 Nobis
857 1039 889 1068 δε
905 1039 933 1068 in
957 1037 1091 1068 Nomine
1112 1037 1228 1074 nostro,
1244 1046 1314 1067 cum

254 1079 360 1110 eisdem
377 1078 534 1118 MagistriS,
552 1076 716 1113 Gardianis,
733 1076 892 1115 Praepofitis
910 1098 919 1113 ,
948 1074 1170 1116 Principalibus‚
1197 1076 1313 1106 Guber-

256 1119 412 1156 natoribus,
429 1117 519 1148 Sociis
531 1117 563 1147 &
581 1115 739 1146 Scolaribus
757 1115 965 1155 Collegiorum,
982 1114 1162 1152 Domorum,
1182 1114 1317 1153 AEdium,

254 1156 453 1194 Hospitioruin
473 1157 505 1186 &
525 1153 661 1185 Aularum
678 1153 887 1193 praedistarum,
905 1163 935 1184 ut
955 1153 1101 1191 praefertur
1113 1177 1122 1192 ,
1140 1156 1168 1184 in
1187 1164 1218 1183 ea
1237 1162 1315 1192 parte

254 1195 375 1232 fiendae,
391 1195 425 1224 ad
443 1203 516 1231 opus
541 1192 668 1222 nostrum
687 1215 696 1230 ,
713 1192 746 1222 ad
774 1191 999 1232 primogenitum
1027 1192 1134 1223 Filium
1162 1192 1315 1230 nostruin,

254 1236 368 1264 AEtatis
387 1232 547 1273 inna'ccim
565 1234 713 1261 Annorum
728 1231 789 1269 jam
809 1231 986 1268 existentem,
1008 1230 1134 1261 Militem
1153 1230 1313 1262 faciendum

254 1271 407 1302 levandum
427 1273 459 1302 ὃς
479 1270 693 1308 colligendum,
713 1271 749 1300 ita
767 1270 847 1309 quod
867 1279 968 1300 omnes
986 1268 1129 1300 Denarios
1145 1270 1180 1300 de
1199 1270 1316 1300 Auxilio

255 1310 415 1347 praedic‘io,
431 1319 479 1347 per
497 1310 573 1339 viam
593 1308 837 1346 Compolitionis,
858 1318 886 1338 ut
915 1308 1077 1346 praefertur,
1104 1310 1317 1345 provenientes,

255 1348 382 1379 habearis
399 1349 443 1378 seu
462 1347 546 1385 aliqui
565 1356 684 1385 quatuor
699 1348 743 1378 vel
763 1347 853 1384 plures
870 1345 1017 1393 vestrum,
1034 1347 1157 1377 habeant
1175 1347 1210 1377 ad
1228 1347 1316 1376 Scae-

255 1388 362 1418 carium
380 1386 510 1417 nostrum
525 1389 554 1416 in
573 1386 694 1424 Crastino
714 1389 882 1415 Animarum
894 1390 1017 1424 proximo
1027 1383 1128 1423 futuro
1139 1408 1148 1422 ,
1165 1386 1203 1415 illi
1220 1384 1264 1415 vel
1284 1384 1316 1414 il-

252 1427 303 1465 lis,
320 1426 367 1456 cui
383 1426 428 1458 vel
445 1426 564 1464 quibus,
582 1424 726 1456 Denarios
742 1424 806 1455 illos
823 1425 933 1454 liberari
952 1425 1167 1461 mandavimus,
1193 1423 1315 1453 liberan-

254 1465 326 1496 dos:

286 1503 325 1534 Et
334 1502 399 1533 ideo
412 1502 554 1533 vobis'aut
567 1501 704 1540 aliquibus
718 1510 838 1540 quatuor
855 1499 900 1530 seu
910 1499 1035 1538 pluribus
1051 1499 1316 1538 vestrt1m‚manda-

253 1543 397 1579 verimus,
415 1542 513 1579 qubd,
529 1540 627 1572 habita
642 1541 718 1578 super
737 1538 886 1570 Praemillis
908 1539 1110 1569 deliberatione
1130 1539 1262 1578 plenaria,
1281 1539 1315 1569 ad

253 1579 494 1618 componendum
512 1589 578 1609 cum
593 1580 736 1618 praedie‘tis
751 1577 892 1616 Magistris
908 1600 918 1614 ,
935 1576 1089 1608 Gardianis
1107 1601 1117 1616 ,
1136 1577 1315 1616 Praepositis,

255 1619 478 1656 Principalibus,
503 1617 747 1648 Gubernatoribus
763 1639 771 1653 ‚
798 1617 888 1646 Sociis
908 1618 940 1646 &
962 1615 1144 1647 Scholaribus
1163 1615 1313 1656 Collegio-

255 1666 339 1695 rum,
358 1657 547 1693 Domorum,
566 1655 706 1692 AEdium,
723 1654 924 1692 Hospitiorum
940 1655 974 1686 &
995 1655 1151 1693 Aularum,
1171 1664 1219 1686 aut
1242 1665 1313 1686 cum

251 1705 355 1727 eorum
370 1696 517 1734 aliquibus,
535 1694 567 1724 ὃ(
583 1693 615 1723 ad
634 1693 779 1724 Auxilium
795 1693 966 1731 praedifimm
985 1694 1151 1732 superinde,
1169 1703 1219 1732 per
1235 1695 1312 1725 viam

253 1733 531 1771 Compofitionis,ut
544 1731 822 1770 praefertur,fiendae‚
838 1733 975 1762 omnibus
990 1733 1043 1762 viis
1058 1732 1156 1763 mediis
1171 1734 1205 1764 ὃ(
1220 1733 1315 1763 modis

251 1773 356 1811 quibus
365 1782 417 1811 pro
426 1771 638 1802 Acceleratione
648 1771 862 1802 Praemifforum
875 1772 957 1801 vobis
973 1771 1118 1802 videbitur
1129 1774 1218 1811 magis
1228 1780 1313 1811 expe-

255 1812 321 1848 diri,
329 1812 363 1841 ad
379 1821 449 1847 opus
462 1809 595 1841 nostrum
610 1809 764 1840 levandum
779 1811 811 1840 &
831 1809 1034 1856 colligendum,
1049 1810 1198 1850 diligenter
1217 1810 1314 1842 inten-

252 1850 338 1888 datis,
357 1850 406 1879 vel
421 1849 503 1888 aliqui
517 1857 636 1886 quatuor
650 1848 696 1879 vel
713 1849 803 1885 plures
817 1847 965 1886 vestrum,
985 1848 1151 1888 intendant,
1167 1859 1201 1881 ac
1221 1859 1253 1881 ea
1273 1849 1314 1881 fa-

253 1889 333 1919 ciatis
349 1888 381 1918 &
396 1888 577 1927 exequamini
592 1897 662 1918 cum
675 1886 782 1917 effectu
799 1888 828 1916 in
846 1886 939 1917 forma
964 1887 1112 1924 praedieta:

289 1926 401 1956 Damus
411 1928 496 1958 etiam
518 1926 637 1957 Tenore
656 1925 842 1957 Prtesentium
861 1926 999 1956 omnibus
1017 1926 1050 1958 &
1072 1926 1183 1966 lingulis
1204 1926 1316 1958 Liberis

252 1963 450 2001 Hominibus,
468 1975 500 1995 ac
513 1966 649 1996 omnibus
672 1964 730 1995 aliis
752 1963 906 1994 Officiariis
929 1964 1068 1995 Ministris
1089 1967 1123 1997 ὃ(
1147 1966 1237 2004 Ligiis
1261 1976 1317 1997 no-

251 2002 311 2034 stris
326 2003 556 2041 quibuscunque,
577 2005 611 2036 &
624 2012 724 2034 eorum
737 2003 854 2034 cuilibet
869 2025 877 2039 ,
895 2002 1013 2033 firmiter
1031 2004 1061 2034 in
1073 2003 1315 2044 Mandatis,quod

247 2042 349 2078 vobis,
367 2051 415 2073 aut
432 2043 569 2080 aliquibus
587 2051 706 2080 quatuor
722 2042 767 2072 vel
789 2042 913 2081 pluribus
937 2040 1084 2079 vestrum,
1110 2044 1138 2073 in
1161 2043 1314 2074 Praemiffis

251 2080 395 2118 praedietis
410 2081 545 2112 faciendis
559 2081 591 2111 ὃς
607 2080 775 2119 exequendis
789 2103 799 2118 ,
820 2089 933 2117 pareant
957 2081 1091 2111 obediant
1108 2082 1141 2112 ὅ(
1165 2082 1313 2113 intendant

251 2121 280 2148 in
297 2119 429 2149 omnibus
443 2128 526 2158 prout
542 2119 643 2156 decet,
659 2130 691 2150 ac

728 2128 792 2150 rout
807 2129 855 2156 per
872 2129 940 2157 vos,
957 2128 1004 2150 aut
1018 2119 1123 2158 aliquos
1134 2130 1256 2160 quatuor
1269 2122 1316 2154 seu

251 2156 345 2196 plures
356 2157 500 2197 vestrum,
518 2168 552 2189 ex
570 2168 648 2196 parte
662 2129 726 2189 nolgt'
1040 2159 1044 2163 ”

730 2168 758 2189 ra
770 2158 835 2189 inde
850 2158 955 2189 suerint
968 2159 1099 2198 requiliti.

288 2233 324 2265 In
341 2235 419 2273 cujus
432 2235 486 2273 rei,
505 2235 568 2266 &c.

287 2310 378 2343 Teste
392 2311 474 2352 Rege
489 2312 562 2351 apud
579 2311 850 2354 Wstmonasterium,
868 2322 916 2343 xv.
933 2311 991 2343 Die
1001 2312 1079 2352 Julii.

728 2392 783 2420 Per
801 2392 895 2420 Breve
913 2390 946 2420 de
964 2392 1087 2420 Privato
1105 2390 1205 2428 sigillo.

255 2515 314 2546 Pro
336 2513 539 2555 Universttm
555 2511 696 2545 Cantabr'
721 2513 886 2544 concernen'
917 2513 1088 2546 Auxilium
1118 2516 1317 2560 Primogenito

657 2563 744 2605 Regis
756 2558 914 2605 praebend'.

259 2645 395 2704 REX,
413 2646 472 2677 &c.
491 2643 612 2676 Dilec‘tis
626 2645 659 2676 δε
675 2644 817 2675 Fidelibus
831 2644 898 2681 suis,

369 2687 523 2715 Vr’cecomiti
538 2682 703 2713 Comitatus
718 2683 808 2713 nostri
825 2682 1032 2723 cantabrigiae,

292 2720 422 2760 Johanni
434 2726 516 2752 Cutts
529 2721 637 2760 Militi,

290 2760 422 2798 Johanm·
436 2765 537 2790 Cotton
552 2759 660 2798 Militi,

293 2798 330 2830 Et
344 2799 450 2830 Miloni
465 2799 569 2829 sandes
584 2798 690 2837 Militi,

292 2837 337 2867 Ac
353 2838 460 2869 dilectis
476 2838 574 2875 nobis,

290 2875 399 2906 Thomae
413 2876 505 2915 Jegon
518 2875 610 2906 Sacrae
624 2874 798 2914 Theologiae
811 2874 937 2907 Dotion
952 2875 986 2906 &
1002 2873 1248 2907 vicecancellario
1268 2875 1312 2909 A·

248 2914 386 2945 cademiae
402 2916 503 2946 nostrie
518 2913 728 2953 Cantabrigiae,

288 2951 443 2991 Humfredo
457 2952 572 2984 Tindall
584 2952 706 2983 Decano
719 2950 855 2983 Ecclesiae
868 2950 1046 2982 Cathedralis
1056 2951 1151 2983 Elien.

288 2991 425 3022 Richardo
441 2991 560 3030 Clayton
576 2991 700 3021 Deeano
716 2989 850 3021 Eccleiiae
865 2988 1039 3020 Cathedralis
1053 2990 1250 3031 Petriburgen.

288 3032 390 3067 Rogero
407 3032 492 3059 Wood
506 3029 660 3066 Praeposito
671 3028 795 3068 Collegii
809 3029 904 3061 vocati
919 3028 1006 3068 Regii
1029 3027 1170 3069 Collegii,

290 3067 434 3106 Francifio
452 3068 561 3097 Brakin
572 3089 584 3105 ,

287 3105 398 3136 Thomae
417 3106 552 3143 Pdeye,

290 3142 426 3175 Michaeli
442 3145 552 3173 Dalton
562 3166 572 3182 ,

289 3181 401 3251 {ambo
414 3181 519 3221 Iffiston
528 3205 539 3220 ,

320 3229 329 3250 t
338 3243 347 3258 ³

290 3260 410 3290 Henrico
426 3260 546 3295 Vernon,

290 3297 466 3334 Armigeris5

293 3334 427 3365 Necnon
437 3357 447 3373 ‚

290 3373 434 3440 {sleaetori
452 3374 486 3406 &
503 3370 642 3402 Feodariis
658 3370 759 3403 nostris
771 3373 799 3403 in
813 3371 967 3404 comitatu
989 3370 1147 3411 praedieto,

316 3422 330 3441 a
343 3420 429 3442 utem.

296 3448 396 3479 Sciatis
409 3447 488 3487 quod
502 3448 573 3479 curn
593 3448 622 3478 in
640 3447 753 3480 Statuto
768 3448 797 3478 in
817 3449 1005 3479 parliamento
1028 3447 1153 3479 Domini
1176 3449 1316 3480 Edwardi

258 3493 341 3524 nuper
356 3490 432 3525 Regis
456 3487 567 3525 Angliae
589 3489 694 3526 Tertii,
717 3487 789 3524 apud
813 3486 1021 3518 Westmonast.
1048 3487 1137 3518 Anno
1159 3487 1254 3526 Regni
1274 3491 1313 3519 lui

259 3524 396 3554 vicesimo
409 3525 525 3564 quinto,
543 3534 641 3562 tento,
661 3526 732 3555 inter
749 3534 859 3562 caetera,
878 3525 1024 3563 provisum
1041 3526 1134 3556 fuisset
1151 3527 1185 3557 δε
1201 3527 1313 3557 ordina-

262 3568 331 3604 tum·
342 3564 419 3599 quod
437 3564 598 3594 rationabile
620 3564 769 3595 Auxilium
792 3564 826 3594 ad
847 3564 1077 3603 primogenitum
1101 3564 1208 3595 Filium
1227 3565 1316 3605 Regis

262 3597 392 3630 Militem
406 3601 585 3640 faciendum,
605 3600 664 3636 &c.
684 3610 717 3632 ut
726 3602 863 3642 sicperiore
875 3625 884 3642 ,
910 3604 1023 3633 mutatis
1041 3603 1186 3633 mutandis.

299 3673 389 3706 Teste
405 3674 487 3716 Rege
502 3677 574 3718 apud
592 3677 867 3720 Wsttrwnqllev·ium‚
893 3679 1010 3710 decimo
1034 3679 1137 3717 quinto
1153 3678 1212 3710 Die
1221 3679 1301 3718 Julii.

741 3757 796 3786 Per
814 3757 906 3786 Breve
921 3755 954 3785 de
971 3757 1092 3786 Privato
1109 3755 1210 3794 Sigillo.

649 178 1463 227 CONVENTIONES,
1531 155 1920 231 LITERAE,

1379 352 1407 378 δὲ
1434 351 1597 396 Commg'ffi'o
1605 363 1662 400 pro
1679 354 1808 386 Domino
1824 351 1861 386 de
1879 352 2022 398 Boderie‚
2045 353 2067 387 Σι
2086 357 2166 402 Rege
2197 356 2327 388 Francia
2350 351 2397 386 ad

1623 401 1845 435 Renovandum
1862 402 2024 436 Traffatus
2039 405 2138 436 Pacis.

1350 488 1622 557 ΗἪΝΑΝ
1634 487 1784 558 §aar
1798 486 1969 556 rm
2037 489 2143 556 aa<
2157 485 2414 559 &0me

1350 538 1447 597 ηοίὶτέ
1455 537 1723 605 [gonseildpEstaffi
1741 565 1831 596 Salut.
2132 537 2157 556 te
2209 537 2248 558 on
2260 538 2287 559 el
2308 538 2349 558 mr
2373 538 2410 559 en

1391 604 1522 635 Comme
1536 606 1576 635 les
1589 604 1720 635 Traidtes
1733 604 1769 634 de
1784 604 1853 635 Paix
1870 602 1982 633 Amitie
2003 600 2131 633 Alliance
2156 601 2251 640 Ligue
2263 604 2305 636 3&
2327 604 2413 637 Con-

1351 641 1537 681 federacion‚
1555 643 1664 674 d'entre
1680 642 1777 674 nostre
1791 641 1953 673 Couronne
1971 642 2004 673 &
2021 640 2092 672 celle
2113 640 2325 682 d'Angleterre,
2350 645 2415 677 faits

1353 690 1404 717 par
1417 692 1476 712 noz
1491 681 1701 714 Predeceffeurs
1715 681 1796 719 Roys
1810 681 1845 712 cle
1858 679 1996 719 glorieuse
2011 678 2162 711 Memoire
2176 680 2209 710 δε
2223 679 2325 720 Nous,
2331 692 2416 721 avec,

1352 719 1399 751 feu
1414 721 1508 752 nostre
1523 720 1682 751 Treschere
1697 722 1731 752 &
1745 720 1820 751 Tres
1834 719 1926 751 aimee
1951 721 2049 750 bonne
2076 718 2148 749 Seur
2169 719 2203 750 &
2226 717 2371 760 Cousme,
2385 721 2418 752 la

1352 762 1442 798 Royne
1458 758 1628 799 Elizabeth,
1649 759 1727 798 aussy
1741 758 1909 790 d'heureuse
1924 756 2089 796 Memoire,
2109 767 2183 796 pour
2199 757 2226 788 le
2240 756 2309 788 Bien
2323 760 2357 791 &
2372 760 2417 791 A-

1348 806 1469 837 vantage
1489 799 1526 829 de
1551 808 1605 829 nos
1623 799 1677 829 dits
1699 798 1871 829 Couronnes
1893 796 1966 828 Paiis
1987 798 2021 828 &
2042 805 2199 827 commutis
2224 795 2335 836 Sujets,
2352 797 2416 830 sont

1352 846 1519 868 mantenant
1533 838 1638 874 expires
1648 861 1657 876 ,
1672 847 1708 868 au
1725 845 1833 876 moyen
1847 836 1884 866 de
1897 845 1975 877 quoy
1990 834 2032 866 est
2047 835 2144 865 besoin
2159 835 2204 865 lez
2216 835 2394 867 renouveller
2402 860 2415 877 ‚

1351 877 1385 907 &
1402 877 1527 907 d'autant
1550 876 1611 913 plus
1630 886 1686 915 que
1701 877 1727 906 le
1744 875 1855 906 dernier
1879 874 1948 905 fai&
1980 873 2006 904 le
2027 872 2191 913 Trentiesr'ne
2217 873 2254 903 du
2286 874 2363 904 Mois
2382 875 2416 905 de

1351 913 1473 953 Juillet‚
1495 915 1578 945 Mille
1594 915 1632 945 six
1646 924 1713 946 cens
1729 915 1814 952 trois,
1831 920 1910 944 entre
1931 911 2020 943 Nous
2041 914 2094 952 ὃς,
2118 912 2274 945 Treshault
2293 912 2417 944 Tresex-

1351 953 1457 984 cellent
1470 955 1503 984 ὃ(
1520 953 1714 991 Trespuissant
1729 953 1851 989 Prince,
1869 951 1966 982 nostre
1980 951 2124 982 Trescher
2145 952 2179 982 &
2201 951 2338 983 Tresame
2354 953 2418 983 bon

1352 991 1437 1023 Frere
1452 991 1563 1023 Coulin
1583 992 1733 1023 &ancien
1749 991 1843 1028 Allie,
1860 990 1983 1031 Jacques
2009 992 2066 1029 Roy
2089 990 2121 1020 de
2146 989 2176 1020 la
2204 989 2316 1020 Grande
2344 994 2417 1020 Bre-

1352 1034 1444 1069 taigne
1463 1041 1478 1061 a
1498 1032 1608 1069 present
1630 1038 1746 1070 regnant
1763 1030 1806 1061 n'a
1829 1029 1889 1059 este
1909 1038 1964 1067 que
1984 1038 2032 1066 par
2051 1029 2202 1059 Provifion
2219 1030 2253 1061 &
2267 1039 2303 1059 en
2321 1029 2417 1060 forme

1352 1069 1389 1100 de
1405 1070 1516 1107 projeci
1535 1070 1602 1099 d’un
1618 1078 1696 1100 autre
1713 1070 1762 1107 qui
1781 1068 1902 1099 debvoit
1921 1067 1994 1097 estre
2013 1066 2086 1098 fai&
2101 1076 2137 1098 en
2152 1067 2220 1098 suite
2239 1067 2363 1108 d'iceluy
2382 1078 2418 1100 au

1352 1107 1422 1139 Bien
1439 1117 1586 1138 commun
1599 1107 1634 1138 de
1649 1117 1701 1138 nos
1719 1108 1774 1137 dits
1789 1106 1978 1144 Couronnes,

1390 1146 1510 1177 Scavoir
1524 1146 1624 1176 faisons
1641 1155 1698 1184 que
1714 1145 1819 1183 Nous,

1392 1184 1580 1216 Considerans
1595 1186 1735 1215 combien
1747 1184 1786 1213 les
1800 1184 1854 1214 dits
1866 1182 1998 1214 Traiclaes
2011 1187 2066 1213 ont
2080 1182 2160 1221 struy
2178 1192 2194 1213 a
2213 1180 2238 1214 la
2265 1190 2419 1216 manuten-

1351 1224 1413 1255 tion
1430 1224 1569 1254 mutuelle
1581 1223 1617 1254 de
1632 1223 1728 1253 nostre
1750 1222 1842 1252 Estats
1867 1222 1901 1252 &
1925 1221 2120 1259 Couronnes,
2145 1221 2178 1252 δε
2198 1221 2240 1251 est
2264 1223 2420 1255 necessaire

1353 1272 1426 1301 pour
1438 1262 1477 1293 les
1493 1262 1613 1293 mesmes
1628 1260 1732 1291 Causes
1744 1260 1780 1290 de
1793 1260 1832 1291 les
1847 1261 2002 1291 continuer-
2014 1259 2188 1291 renouveller
2203 1261 2238 1292 &
2253 1259 2420 1301 estraindre,

1354 1310 1428 1338 pour
1441 1301 1569 1331 affermir
1587 1310 1626 1330 un
1642 1299 1745 1337 Repos
1759 1299 1866 1330 asseure
1880 1308 1953 1336 pour
1967 1298 2057 1329 Nous
2069 1299 2103 1329 ὃς
2123 1297 2221 1328 nostre
2243 1297 2422 1338 Prosperite,

1358 1339 1533 1369 maintenant
1551 1349 1608 1376 que
1622 1338 1710 1369 Nous
1724 1348 1795 1368 vous
1811 1346 1959 1376 envoyons
1974 1346 2036 1368 vers
2050 1335 2147 1368 nostre
2159 1337 2222 1367 dist
2242 1337 2302 1368 bon
2317 1338 2341 1368 F
2343 1348 2402 1369 rere

1356 1387 1428 1415 pour
1443 1386 1531 1408 autres
1547 1377 1668 1408 Affaires
1687 1378 1846 1415 importans
1858 1376 1954 1407 nostre
1971 1375 2104 1413 Service,
2121 1386 2136 1406 a
2159 1374 2198 1405 fin
2214 1375 2250 1419 de
2266 1375 2329 1415 Luy
2345 1361 2421 1408 Ter?

1356 1417 1489 1455 moigner
1503 1417 1641 1447 combien
1659 1415 1747 1446 Nous
1760 1414 1914 1446 cheriffons
1929 1414 1954 1444 sa
1969 1415 2068 1445 bonne
2088 1415 2122 1445 &
2143 1413 2278 1452 parfard'te
2293 1415 2418 1455 Amitie,

1357 1453 1422 1494 Luy
1436 1454 1590 1486 confirmer
1604 1455 1629 1485 la
1644 1454 1739 1485 nostre
1755 1455 1789 1486 &
1803 1453 1882 1485 icelle
1898 1461 2046 1492 perpetuet
2061 1462 2098 1483 en
2111 1462 2164 1483 nos
2179 1452 2304 1492 Enfans,

1395 1496 1422 1524 A
1439 1494 1513 1533 plain
1525 1492 1654 1524 conflans
1667 1493 1703 1524 de
1719 1503 1771 1524 vos
1785 1493 1856 1524 Sens
1870 1491 2024 1523 Suffisance
2041 1490 2172 1531 Loyaute
2186 1491 2420 1525 Preudhommie

1355 1532 1389 1563 ὃς
1402 1531 1581 1570 Expericnce
1590 1555 1600 1571 ‚
1618 1542 1691 1563 vous
1703 1542 1792 1563 avons
1805 1531 1932 1562 commis
1944 1530 2076 1561 ordonne
2088 1532 2122 1561 &
2135 1530 2254 1569 depuoe,
2271 1540 2421 1562 commet-

1355 1578 1420 1601 tons
1431 1571 1599 1602 ordonnons
1614 1572 1648 1603 &
1664 1570 1823 1610 deputons‚
1840 1579 1889 1608 par
1904 1579 1950 1600 ces
1965 1568 2110 1599 presentes
2133 1569 2239 1608 signees
2261 1569 2296 1600 de
2319 1569 2419 1604 nostre

1355 1607 1458 1648 Main,
1476 1619 1548 1648 pour
1562 1610 1698 1649 procedet
1712 1620 1745 1640 au
1762 1608 2022 1640 Renouvellement
2048 1606 2264 1639 confirmation
2288 1609 2320 1639 &
2343 1609 2418 1640 Am-

1353 1647 1509 1687 plification
1523 1648 1572 1679 des
1584 1648 1654 1679 dites
1669 1648 1816 1685 Traietes,
1834 1657 1874 1678 ou
1885 1647 1953 1678 faire
1967 1656 2008 1677 un
2023 1644 2171 1677 Nouveau
2193 1656 2266 1678 avec
2290 1646 2356 1688 Luy
2382 1657 2420 1679 en

1352 1686 1422 1717 suite
1439 1687 1478 1717 du
1492 1687 1604 1718 dernier
1619 1686 1688 1718 faiet
1698 1710 1708 1726 ,
1723 1697 1772 1727 par
1786 1686 1954 1725 Provifion,
1971 1685 1998 1716 le
2019 1685 2081 1715 di&
2102 1684 2269 1724 Trentiesme
2293 1685 2420 1725 Juillet,

1354 1724 1412 1756 Mil
1426 1725 1464 1756 six
1484 1736 1561 1757 cenz
1574 1726 1661 1764 trois,
1678 1735 1717 1756 ou
1731 1733 1891 1756 autrement
1904 1734 1939 1756 en
1953 1724 1978 1754 la
1993 1723 2087 1754 forme
2100 1725 2149 1762 qui
2164 1723 2220 1754 sera
2233 1724 2326 1755 advise
2344 1724 2419 1757 estre

1352 1774 1426 1803 pour
1442 1765 1468 1795 le
1490 1766 1604 1803 mieux,
1622 1764 1701 1795 Vous
1716 1764 1859 1795 Donnans
1873 1775 1888 1795 a
1903 1762 1981 1794 ceste
1991 1762 2030 1792 fin
2043 1762 2117 1800 plain
2133 1762 2259 1794 Pouvoir
2271 1763 2304 1793 «Sc
2320 1763 2419 1794 Com-

1355 1802 1471 1833 miffion
1490 1803 1556 1834 d’en
1571 1804 1712 1834 convenit
1725 1802 1860 1833 accorder
1876 1803 1910 1834 &
1924 1801 2055 1832 resoudre
2070 1809 2133 1831 tout
2147 1811 2182 1832 ce
2196 1801 2262 1845 qu’y
2278 1812 2350 1834 vous
2366 1802 2418 1834 ad-

1354 1841 1456 1872 viseres
1470 1851 1544 1878 pour
1560 1842 1585 1872 le
1598 1840 1668 1871 Bien
1684 1850 1828 1872 commun
1842 1840 1880 1870 de
1895 1849 1948 1871 nos
1964 1838 2137 1870 Couronnes
2160 1839 2235 1870 Paris
2256 1841 2289 1872 &
2308 1840 2421 1881 Sujets‚

1354 1880 1447 1910 iceulx
1461 1880 1581 1911 Traittes
1595 1879 1729 1918 Changer
1742 1878 1883 1909 Estendre
1896 1879 1929 1909 &
1943 1876 2092 1915 Amplifier
2106 1877 2173 1908 ainsi
2208 1877 2252 1909 u’il
2267 1878 2325 1911 sera
2335 1880 2417 1912 devi-

1355 1919 1382 1949 se
1397 1927 1475 1950 entre
1490 1918 1571 1950 Vous
1586 1920 1620 1950 &
1635 1918 1673 1949 les
1686 1918 1856 1957 Depputtez
1870 1917 1906 1948 de
1917 1916 2013 1948 nostre
2028 1916 2086 1946 di&
2101 1916 2161 1946 bon
2214 1926 2290 1956 rere,
2307 1928 2347 1950 ou
2369 1929 2421 1951 au-

1355 1965 1496 1995 trement‚
1514 1959 1547 1988 &
1561 1957 1598 1988 de
1613 1966 1677 1989 tout
1691 1967 1728 1988 en
1745 1956 1834 1995 passer
1848 1955 2033 1994 Obligations
2049 1954 2212 1986 Promeffes
2224 1957 2257 1987 &
2278 1955 2421 1989 Conven-

1355 1997 1433 2028 tions
1448 2006 1484 2026 en
1501 1995 1598 2026 nostre
1617 1995 1724 2036 Nom3
1749 2005 1810 2026 non
1830 1995 1946 2026 obstant
1968 2004 2024 2033 que
2046 1993 2167 2024 d'icelles
2189 1994 2208 2024 il
2229 2004 2266 2026 ne
2291 1994 2345 2027 soit
2367 1996 2419 2028 fait

1358 2036 1490 2066 mention
1505 2044 1552 2073 par
1569 2035 1595 2065 le
1610 2044 1696 2066 menu
1714 2044 1750 2065 en
1766 2043 1813 2065 ces
1826 2033 1897 2065 dites
1911 2032 2071 2071 presentes,
2090 2033 2123 2063 &
2136 2033 2228 2072 jacoit
2243 2043 2298 2071 que
2321 2035 2347 2065 le
2362 2033 2422 2067 Cas

1356 2085 1369 2105 r
1408 2073 1462 2105 uist
1481 2073 1676 2104 Mandement
1691 2073 1752 2112 plus
1765 2073 1863 2112 special
1877 2072 1943 2112 qu'il
1959 2071 2030 2102 n'est
2047 2079 2128 2110 porte
2145 2081 2194 2112 par
2207 2072 2321 2112 icelles3

1418 2121 1590 2151 romettans,
1608 2122 1643 2142 en
1658 2113 1721 2152 Foy
1738 2112 1773 2143 &
1788 2111 1899 2142 Parolle
1914 2111 1950 2142 de
1964 2110 2054 2151 Roy,
2071 2117 2136 2140 tout
2156 2119 2191 2140 ce
2210 2120 2266 2149 que
2281 2121 2332 2150 par
2346 2122 2424 2144 vous

1356 2151 1414 2182 sera
1428 2151 1509 2182 Gere
1524 2151 1641 2182 TrastSie
1656 2150 1793 2191 Negocie
1804 2150 1922 2181 Conclu
1937 2150 1971 2181 &
1985 2147 2132 2179 Convenu
2151 2158 2188 2179 en
2210 2149 2271 2180 cest
2290 2150 2421 2192 endroit,

1356 2191 1437 2222 avoir
1452 2189 1579 2228 agreable
1594 2190 1669 2222 tenir
1682 2189 1773 2220 ferme
1788 2191 1822 2222 &
1835 2188 1925 2220 stable
1938 2197 1953 2217 a
1966 2188 2127 2226 tousjours,
2150 2186 2212 2218 sans
2229 2189 2330 2227 jamais
2350 2191 2419 2221 aller

1357 2239 1396 2270 ny
1414 2230 1495 2260 venir
1509 2239 1544 2259 au
1559 2229 1715 2266 contraire,
1733 2229 1766 2259 &
1780 2228 1818 2259 de
1829 2237 1863 2258 ce
1878 2237 1915 2259 en
1932 2226 2028 2256 bailler
2042 2225 2111 2256 Nos
2125 2225 2235 2257 Lettres
2253 2227 2290 2257 de
2313 2228 2419 2260 Ratifi-

1356 2270 1452 2299 canon
1467 2276 1563 2298 toutes
1583 2267 1638 2298 fois
1648 2267 1681 2298 &
1693 2275 1809 2305 quantes
1821 2276 1879 2305 que
1893 2266 1985 2304 requis
1997 2274 2033 2294 en
2045 2264 2152 2309 seronS,
2160 2263 2196 2296 de
2211 2274 2246 2296 ce
2258 2266 2325 2298 faire
2347 2276 2420 2299 vous

1353 2316 1444 2338 avons
1457 2305 1554 2337 donne
1567 2307 1600 2337 ὃς
1617 2305 1748 2336 donnons
1762 2306 1835 2342 plain
1850 2304 1980 2336 Pouvoir
1996 2303 2148 2334 Puiffance
2164 2302 2315 2338 Auctorite
2322 2304 2421 2342 Comi

1356 2345 1472 2376 miffion
1487 2345 1522 2376 &
1536 2344 1727 2375 Mandement
1738 2344 1860 2382 special,
1875 2353 1924 2375 car
1936 2342 1974 2374 tel
1986 2341 2028 2372 est
2040 2341 2137 2373 nostre
2150 2339 2254 2374 Plaifir.

1392 2423 1533 2454 Donne'a
1549 2425 1629 2452 Paris
1643 2421 1668 2452 le
1682 2429 1731 2460 29.
1747 2420 1821 2458 Jour
1837 2419 1873 2451 de
1888 2418 2075 2458 Decembre,
2091 2417 2160 2450 l'An
2177 2419 2215 2452 de
2235 2419 2336 2455 Grace
2360 2421 2423 2458 Ma

1356 2462 1395 2494 six
1407 2471 1475 2494 cens
1487 2461 1573 2499 neuf,
1589 2462 1624 2493 &
1640 2461 1677 2491 de
1693 2459 1791 2492 nostre
1805 2459 1921 2500 Reigne
1934 2459 1961 2491 le
1975 2457 2056 2498 vingt
2071 2457 2207 2491 uniesme.

1468 2536 1556 2576 signe
1563 2558 1575 2574 ,

1391 2612 1430 2644 Et
1442 2613 1504 2651 plus
1516 2612 1581 2651 bas,

2051 2571 2260 2606 ΗιΝκπ

1877 2651 1938 2679 Par
1955 2647 1980 2678 le
1995 2649 2062 2688 Ray.

2043 2723 2067 2756 B
2085 2733 2110 2757 R
2128 2734 2153 2757 υ
2170 2735 2194 2760 L
2213 2736 2235 2758 Α
2253 2735 2279 2758 R
2297 2732 2333 2759 τ.’

1388 2803 1432 2834 Et
1442 2801 1529 2844 stelle
1541 2813 1575 2834 en
1585 2800 1682 2844 fimple
1699 2811 1782 2844 queue
1799 2801 1834 2832 de
1849 2804 1903 2832 cire
1911 2800 2011 2842 jaune.

1742 2877 1851 2910 PAR
1889 2886 1945 2910 sa
1981 2877 2266 2920 MAJesrm

2433 251 2557 290 'Anu-D.

2452 296 2542 337 1609,

2433 331 2530 399 ἔζης.
2538 345 2557 366 Ι.

2437 376 2507 447 όὸςῗ
2520 374 2545 405 1·

2435 489 2491 515 801¹.

2433 525 2518 555 Tra&-
2534 527 2557 558 8.

2431 563 2495 601 Jac.
2517 574 2540 595 1.

2433 612 2471 632 m.
2487 611 2527 638 17.

1351 3023 1380 3052 ³1³
1406 3027 1458 3058 De
1476 3020 1617 3066 potestate
1631 3018 1946 3067 commiffizEdwardo
1964 3020 2061 3070 Cecyll
2067 3023 2196 3067 Equiti,
2231 3033 2304 3069 uper
2319 3027 2409 3058 Com·
2427 3021 2445 3040 ⁶
2458 3021 2542 3059 XV13

1394 3071 1586 3119 petitionibus
1618 3069 1813 3103 Haereditatis
1842 3071 2023 3102 Ducasuum
2055 3070 2196 3114 Clivensis
2231 3071 2410 3121 Juliacensis
2429 3060 2494 3097 ⁶8⁴¹·

1397 3118 1562 3166 Berghetfis
1582 3119 1773 3165 aliorumque
1796 3119 2011 3152 Dominiorum
2033 3121 2240 3166 contiguorum
2270 3124 2304 3154 in
2335 3124 2412 3157 Ger-

1401 3178 1517 3202 manta·

1350 3262 1515 3332 JAcobus,
1531 3260 1590 3293 Dei
1604 3259 1721 3299 Gratia,
1741 3263 1857 3298 Magne
1873 3264 2034 3307 Brifanniae
2047 3265 2170 3296 Franciae
2194 3264 2236 3301 ὀ·
2265 3264 2408 3310 Hibernia
2417 3258 2500 3293 Ann-
2512 3260 2556 3299 D}

1423 3304 1496 3339 Rex,
1509 3299 1586 3331 Fidei
1599 3299 1752 3338 Defensor,
1769 3302 1831 3332 ὅτε.
1849 3302 1988 3332 omnibus
1998 3303 2033 3333 ad
2047 3311 2120 3341 quos
2132 3305 2280 3342 praesentes
2302 3304 2405 3336 Literae
2442 3299 2531 3330 1610-

1352 3339 1459 3371 nostrae
1476 3338 1670 3377 pervenerint,
1688 3338 1824 3369 Salutem.

2422 3342 2479 3366 Rot.

1388 3378 1488 3416 Cum,
1507 3387 1560 3422 pro
1574 3376 1667 3407 studio
1681 3386 1740 3414 quo
1753 3377 1842 3408 Orbis
1856 3376 2009 3423 Christiani
2025 3378 2132 3423 Pacem
2148 3380 2182 3411 δι
2203 3379 2405 3420 Tranquillita—
2426 3377 2513 3404 Traei.
2525 3375 2550 3406 8·

1352 3424 1412 3448 tem
1431 3416 1574 3459 praecipue
1596 3415 1791 3446 consectamur
1804 3439 1814 3453 ,
1841 3424 1925 3461 atque
1937 3416 2077 3461 'Dilffidus
2097 3418 2283 3463 Motibusque
2304 3418 2411 3449 bellicis
2424 3414 2486 3452 71³⁶-
2504 3424 2526 3443 ¹·

1353 3455 1465 3485 obstare
1479 3464 1622 3491 cupimus,
1637 3463 1700 3492 quae
1708 3477 1718 3492 ,
1736 3463 1770 3485 ex
1781 3453 2049 3492 competitionibus
2056 3455 2239 3488 Haereditatis
2245 3459 2405 3487 Ducatuum
2418 3462 2455 3482 m.
2472 3453 2516 3489 τό,

1353 3491 1674 3536 σΙὶυεκβςλῖιιΙὶαεεηβς
1698 3492 1859 3533 Berghenfis
1881 3494 2060 3532 aliorumque
2079 3493 2289 3525 Dominiorurn
2311 3496 2407 3526 conti-

1351 3541 1480 3571 guorum
1493 3540 1522 3561 in
1536 3530 1707 3566 Germania,
1733 3533 1817 3570 oriri,
1844 3532 1967 3570 indeque
1988 3533 2070 3563 latius
2088 3534 2194 3571 serpere
2216 3542 2250 3563 ac
2272 3531 2409 3567 scaturire

1352 3571 1432 3608 poffe
1445 3569 1593 3607 videntur,
1614 3578 1671 3600 tam
1687 3569 1832 3608 Exemplo
1842 3571 1964 3601 aliorum
1982 3570 2100 3609 Regum
2115 3570 2282 3608 Principum
2296 3572 2330 3603 <Sc
2343 3571 2407 3604 Re-

1352 3609 1596 3646 rumpublicarum
1609 3607 1794 3645 adjacentium
1807 3609 1942 3648 inducii⁴,
1961 3610 2046 3646 quarn
2063 3609 2200 3640 Petitioni
2215 3607 2408 3642 Chariffimo-

1352 3658 1419 3678 rum
1433 3646 1717 3685 Consanguineorum
1733 3649 1766 3678 &
1788 3647 2066 3678 Confoederatorum
2086 3646 2265 3686 nostrorum,
2320 3649 2409 3680 ohan-

1353 3690 1396 3716 nis
1409 3685 1568 3724 Sigismundi
1583 3685 1755 3716 Marchionis
1770 3685 2036 3725 Brundenburgenfis
2051 3685 2130 3715 Sacri
2151 3684 2265 3724 Imperii
2314 3688 2406 3719 lesto-

1354 3726 1409 3762 ris,
1427 3726 1489 3755 &c-
1509 3724 1542 3754 &
1559 3723 1711 3763 Wtffigangi
1726 3724 1868 3755 Wilhelmi
1881 3727 1990 3754 comitis
2007 3721 2133 3753 Palatini
2143 3723 2185 3752 ad
2198 3723 2325 3756 Rhenum
2339 3729 2405 3758 Du-

1351 3767 1387 3793 cis
1404 3765 1553 3798 Bavarise,
1572 3764 1632 3793 &c
1651 3765 1700 3801 qui
1715 3762 1842 3794 Ducatus
1859 3763 1894 3793 δε
1910 3762 2050 3792 Dominia
2063 3760 2198 3798 praedieta
2216 3763 2274 3794 hoc
2290 3774 2407 3803 tempo-

1353 3813 1383 3832 re
1397 3801 1578 3839 conjunctim
1594 3801 1751 3838 possident,
1768 3808 1936 3838 annuentes,
1955 3808 2043 3837 nuper
2059 3799 2172 3837 profeffi
2186 3801 2322 3835 fuerimus
2336 3804 2407 3836 Nos

1349 3840 1520 3871 eorumdem
1532 3839 1583 3877 Jus
1602 3840 1799 3877 poffefforiurn
1820 3839 1985 3877 asserturos,
2012 3837 2279 3879 conservaturosque
2303 3843 2408 3881 quous-

1350 3889 1406 3917 que
1419 3878 1513 3909 modis
1530 3878 1672 3916 legittimis
1684 3878 1833 3910 summarie
1846 3877 2021 3917 expediendis
2032 3875 2161 3907 constare
2175 3881 2290 3918 poterit,
2304 3890 2404 3913 utrum

1352 3926 1463 3947 merum
1473 3917 1524 3955 Jus
1537 3917 1702 3953 petitorium
1717 3918 1839 3955 ipsorum
1852 3917 1949 3954 alicui,
1974 3925 2009 3946 an
2033 3915 2091 3945 aliis
2113 3925 2282 3957 competat,
2301 3929 2406 3952 contra

1373 3955 1548 3993 uoscumque
1562 3955 1663 3986 interea
1678 3957 1840 3995 Satagentes
1855 3955 1916 3986 illos
1938 3955 2002 3985 inde
2024 3953 2159 3995 dejicere,
2183 3957 2239 3987 live
2262 3967 2402 3996 praetextu

1383 3994 1507 4032 eligionis
1522 3993 1568 4023 seu
1581 3995 1682 4032 quovis
1695 3995 1751 4024 alio
1763 3994 1881 4032 quaesito
1895 3993 2005 4031 colore,
2024 3992 2147 4032 ideoque
2167 3995 2268 4026 eisdem
2292 3998 2400 4035 promi-

1350 4033 1571 4075 serimus‘quater
1585 4032 1662 4063 mille
1678 4032 1810 4071 Pedites,
1825 4030 1925 4064 nostris
1940 4031 2102 4071 Sumptibus
2111 4055 2121 4072 2
2140 4034 2171 4067 in
2185 4043 2287 4067 eorum
2311 4034 2402 4066 Auxi-

1348 4068 1420 4101 lium
1433 4070 1602 4107 mittendos,
2310 4108 2341 4141 C

2340 4114 2406 4142 umd
