2557 4279
96 202 104 223 '·
116 212 160 231 zu.
175 202 214 231 D.

108 242 191 270 1221.

89 290 112 313 ιζ
126 284 215 317 sucd-

74 2476 203 2507 *XVIL

74 2526 138 2554 339-

79 3823 199 3854 Ann.D

102 3863 190 3892 1621.

77 3900 215 3937 Ibtil.p.i4.

224 132 303 160 220

223 202 319 233 (cerari
337 201 487 241 adjudicari
502 200 545 230 vel
562 200 628 230 attin
651 199 659 228 i
674 199 824 237 contigerit
839 198 868 227 in
881 197 1026 236 futurum,

266 241 310 271 Ac
333 242 431 270 omnia
453 241 484 270 &
510 239 611 276 singula
623 207 734 275 furlicia
758 238 791 267 &
806 236 909 266 Poenas
925 235 1105 272 quascunque
1121 233 1165 264 vel
1181 232 1289 272 quale&

227 289 341 315 cunque
362 278 454 307 versus
478 277 567 314 ipsum
588 278 727 312 Georgium
751 275 912 304 Occafione
932 273 1037 304 Mortis
1053 272 1215 304 Occifionis
1233 272 1290 301 five

228 317 433 348 lutei-fectionis
449 316 554 351 prtcfari
571 316 648 344 Petri
664 313 806 342 Hawkins
821 313 926 343 reddita
947 312 1020 342 faeta
1032 312 1124 341 habita
1139 309 1195 340 sive
1210 309 1291 347 adju-

230 356 337 391 dicati,
356 362 403 384 aut
416 354 556 383 reddenda
569 352 659 383 fienda
675 352 803 382 habenda
820 351 1001 389 adjudicanda
1013 349 1069 380 five
1082 347 1263 385 exequenda3

265 393 393 423 Necnon
418 393 516 422 omnia
536 393 569 423 δε
594 389 764 421 omnimoda
785 389 880 420 Scotas
895 388 1031 426 Querelas
1047 386 1242 423 Imperitiones
1257 385 1290 416 &

228 431 398 461 Demaunda
420 439 599 468 quaecunque
617 439 682 466 quae
705 438 758 458 nos
778 428 873 458 versus
894 427 985 466 ipsum
1004 428 1147 462 Georgium
1168 432 1222 461 pro
1244 423 1291 453 vel

226 471 427 500 concernentia
456 468 586 498 Mortem
617 467 804 498 Occifionem
840 466 957 496 Necem
986 464 1031 494 vel
1055 462 1291 493 Interfectionem

224 508 350 546 prazdiffi
370 511 446 538 Petri
465 508 605 537 Hawkins
620 506 754 536 habemus
773 506 922 535 habuimus
936 503 979 532 seu
998 503 1027 531 in
1043 501 1171 531 futurum
1188 501 1292 530 habere

227 548 386 584 poterimus
399 570 408 584 ,
433 554 479 577 aut
506 545 641 576 Haeredes
669 542 714 575 vel
741 542 919 574 Succeffores
946 539 1035 570 nostri
1052 539 1146 570 versus
1164 538 1290 569 eundem

228 588 369 622 Georgium
388 596 441 624 pro
460 585 504 616 vel
520 585 721 615 concernentia
744 582 874 613 Mortem
894 578 1083 609 Occisionem
1102 577 1223 607 Necem
1242 576 1291 606 vel

225 623 461 655 Interfectionem
485 622 615 661 praediffi
641 624 717 651 Petri
743 621 883 649 Hawkins
905 618 1009 647 habere
1034 615 1139 654 possint
1167 616 1196 644 in
1214 614 1290 645 futu-

227 672 312 700 rurn,
331 672 364 693 ac
383 662 499 693 Scitam
519 661 599 692 Pacis
618 660 720 690 nostrce
740 668 804 696 quae
820 657 853 687 ad
873 655 941 686 Nos
957 654 1093 684 Heredes
1108 655 1154 685 vel
1169 653 1291 684 Succes-

227 700 301 730 sores
323 701 434 731 nostros
455 701 558 739 spectat
580 699 625 729 vel
647 699 768 736 pertinet
792 696 847 726 five
869 695 1008 732 pertinere
1047 693 1129 736 oterit
1144 715 1154 730 ,
1181 692 1291 722 ratione

227 737 333 770 Mortis
354 739 516 770 Occisionis
535 738 627 769 Necis
649 737 704 766 five
727 733 936 764 Interfeeiionis
957 741 1015 770 prae
1036 731 1087 762 ίᾶι
1102 733 1180 761 Petri
1197 732 1291 759 Haw-

226 778 285 807 kins
301 800 311 816 2
337 779 369 810 ὃς
393 778 504 808 firmam
533 777 638 806 Pacem
655 773 780 804 nostram
795 771 952 802 Haeredum
965 771 998 802 ὃ(
1013 769 1217 800 Succefforum
1234 778 1290 799 no—

226 815 351 847 strorum
366 818 483 855 praefato
499 818 609 852 Georgia
622 813 687 843 inde
704 811 892 842 concedimus
906 819 955 849 per
968 808 1131 839 Praesentes.

261 854 455 886 Pardonamus
476 855 559 884 etiam
579 851 747 882 remittimus
770 851 803 882 ὃς
826 849 976 881 relaxamus
997 857 1045 885 per
1061 846 1214 877 praesentes
1235 854 1290 884 pro

224 893 324 925 Nobis
346 893 517 924 Haeredibus
539 892 572 923 ὃς
592 889 804 921 Succefforibus
826 887 928 918 nostris
950 886 1044 917 eidem
1063 888 1176 924 Georgia
1187 893 1290 915 omnes

224 933 258 963 &
278 933 393 970 lingulas
412 930 597 962 forisfacturas
619 936 859 967 quorumcunque
878 925 1026 957 Bonorum
1039 923 1151 955 Rerum
1165 923 1290 955 Catallo-

224 981 289 1001 rum
305 971 503 1002 Proficuorum
517 968 628 1007 Jurium
646 966 834 997 Creditorum
849 965 882 996 &
899 973 1000 995 eorum
1021 963 1170 1001 cujussibet
1186 986 1196 1000 ‚
1219 961 1289 992 No-

224 1010 268 1040 bis
283 1010 432 1041 occasione
455 1007 561 1037 Mortis
581 1005 742 1036 Occisionis
760 1004 851 1034 Necis
863 1002 920 1033 five
933 1002 1144 1033 Interfeffionis
1157 1000 1287 1039 praedieti

223 1050 304 1078 Petri
321 1048 461 1078 Hawkins
474 1069 483 1084 ,
508 1045 623 1083 alicujus
646 1043 837 1081 Inquisitionis
860 1041 916 1072 five
936 1040 1135 1072 Indictamenti·
1151 1062 1161 1077 ‚
1185 1039 1221 1069 de
1235 1048 1290 1077 pro

224 1097 271 1117 aut
286 1086 485 1117 concernentis
499 1083 631 1114 Mortem
639 1081 828 1112 Occisionem
844 1079 962 1111 Necem
978 1079 1035 1111 five
1052 1078 1286 1110 InterfeStionem

223 1125 352 1163 praediffl
368 1127 445 1153 Petri
463 1123 604 1152 Hawkins
618 1121 737 1151 antehac
754 1120 846 1151 habiti
860 1119 928 1150 faeti
942 1127 989 1149 aut
1003 1119 1077 1156 capti
1089 1127 1136 1149 aut
1149 1115 1285 1154 imposte-

223 1173 286 1194 rum
309 1162 395 1193 fiendi
416 1161 539 1192 habendi
557 1169 604 1192 aut
625 1159 755 1198 capiendi
778 1159 824 1189 seu
843 1167 1017 1196 quocunque
1028 1158 1085 1188 alio
1099 1155 1207 1192 modo,
1226 1155 1286 1186 five

221 1201 437 1240 quibuscunque
464 1200 521 1229 aliis
546 1199 638 1230 modis
653 1221 663 1237 ‚
686 1199 740 1229 viis
761 1197 817 1228 five
838 1195 938 1227 mediis
962 1205 1016 1234 pro
1031 1196 1076 1227 vel
1091 1201 1285 1226 concernente

220 1239 352 1271 Mortem
383 1238 570 1270 Occisionem
594 1237 713 1268 Necem
741 1235 799 1267 five
820 1233 1056 1266 Interfeetionem
1077 1233 1185 1271 praefati
1207 1234 1286 1262 Petri

218 1279 359 1308 Hawkinr
373 1300 382 1316 ,
408 1278 640 1316 qualitercunque
652 1275 867 1306 forisfactorum
882 1273 939 1304 five
951 1273 1161 1311 deperditorum
1178 1271 1226 1302 vel
1238 1270 1285 1301 fo-

219 1317 450 1348 risfaciendorum
469 1316 514 1346 vel
529 1314 777 1353 deperdendorum
791 1336 801 1352 ‚
819 1312 946 1342 nolentes
961 1311 1040 1349 quod
1057 1310 1134 1341 idem
1153 1312 1284 1346 Georgius

219 1357 330 1387 ratione
351 1355 458 1386 Mortis
483 1354 646 1385 Occifionis
666 1353 760 1384 Necis
781 1351 827 1383 vel
840 1350 1047 1381 Interfectionis
1062 1348 1190 1386 praediffl
1204 1350 1285 1378 Petri

219 1395 378 1432 Hawkins,
395 1403 442 1424 aut
456 1393 614 1431 aliquorum
637 1399 878 1430 quorumcunque
901 1387 1019 1419 eandem
1042 1386 1178 1419 Mortem
1191 1386 1285 1417 Occi-

220 1433 329 1464 fionem
354 1433 468 1464 Necem
490 1432 538 1462 vel
559 1430 795 1462 Interfectioncm
838 1427 924 1458 raefati
942 1429 1021 1456 Petri
1038 1426 1181 1456 Hawkins
1197 1425 1285 1464 quali-

219 1479 377 1510 tercunque
391 1472 569 1509 tangentium
585 1480 633 1508 per
648 1469 716 1499 Nos
730 1468 776 1498 vel
825 1465 927 1497 aeredes
941 1465 1052 1497 nostros
1066 1487 1076 1503 ,
1095 1465 1142 1496 seu
1157 1474 1206 1502 per
1219 1464 1286 1494 alios

220 1511 405 1549 quoscunque
426 1512 574 1548 impetatur
598 1516 643 1538 aut
659 1516 791 1537 oneretur
810 1503 1004 1543 quovismodo
1020 1527 1030 1542 ,
1046 1503 1094 1534 sed
1109 1503 1200 1541 ipsum
1217 1502 1285 1533 inde

220 1549 358 1580 Haeredes
378 1548 549 1579 Executores
570 1545 817 1577 Administratores
839 1543 902 1574 suos
917 1543 1112 1582 acquietamus
1129 1543 1163 1574 δε
1178 1550 1285 1572 exone-

221 1598 314 1619 ramus
330 1589 547 1627 imperpetuum.

257 1626 296 1657 Et
313 1627 425 1656 ulterius
440 1626 475 1655 de
489 1623 611 1655 uberiori
628 1621 727 1653 Gratia
744 1619 840 1652 nostra
854 1620 1024 1659 speciali‚ac
1040 1628 1075 1650 ex
1092 1626 1169 1650 certa
1184 1617 1285 1649 Scien-

221 1666 258 1696 tia
279 1667 311 1696 &
328 1674 409 1695 mero
426 1663 514 1694 Motu
528 1660 645 1699 nostris,
663 1670 716 1698 pro
726 1659 826 1690 Nobis
838 1659 1010 1690 Haeredibus
1022 1659 1056 1689 ὃς
1071 1657 1287 1688 Successoribus

223 1703 323 1734 nosti-is
335 1727 343 1742 ,
362 1704 476 1739 damus,
490 1701 694 1736 concedimus,
711 1699 744 1729 δε
759 1698 901 1729 liberrime
916 1697 1085 1728 restituimus
1097 1706 1146 1734 per
1161 1696 1288 1726 Praesen-

225 1751 264 1773 tes
280 1742 416 1780 praedieto
433 1743 542 1778 Georgia
561 1739 659 1770 omnia
675 1739 708 1769 &
729 1737 835 1772 singula
855 1737 933 1768 Bona
956 1735 1014 1767 Res
1028 1735 1136 1766 Catalla
1151 1733 1285 1765 Proficua

219 1781 286 1820 jura
306 1782 338 1811 &
364 1780 480 1811 Credita
496 1802 506 1818 ‚
529 1780 563 1810 &
583 1786 684 1810 eorum
701 1775 865 1814 quodlibet,
888 1774 979 1805 modo
993 1774 1040 1805 vel
1051 1773 1171 1804 antehac
1187 1772 1286 1803 Nobis

222 1821 330 1850 ratione
350 1819 404 1850 five
427 1817 578 1849 occasione
598 1815 705 1847 Mortis
717 1814 879 1845 Occisionis
894 1812 989 1844 Necis
1004 1812 1060 1843 five
1074 1811 1286 1842 Interfectionis

222 1858 351 1897 prandisti
369 1860 445 1887 Petri
458 1856 598 1886 Hawkins
612 1855 657 1886 vel
670 1854 787 1892 alicujus
808 1852 998 1891 Inquisitionis
1011 1851 1067 1881 five
1083 1849 1286 1882 Indietamenu

220 1897 254 1927 de
271 1907 323 1935 pro
341 1896 396 1928 five
409 1895 605 1926 concernentia
630 1892 761 1923 Mortem
778 1891 966 1923 Occisionem
982 1889 1104 1921 Necem
1122 1889 1179 1919 five
1192 1887 1285 1919 Inter-

222 1935 379 1966 sectionem
401 1934 510 1973 praefati
532 1936 608 1963 Petri
622 1932 766 1962 Hawkins
801 1930 894 1962 modo
911 1929 956 1961 vel
972 1929 1091 1960 antehac
1110 1927 1201 1958 habiti
1216 1927 1284 1959 faeti

219 1982 265 2004 aut
280 1976 354 2011 capti
369 1975 413 2005 seu
429 1972 615 2011 imposterum
631 1970 753 2001 habendi
767 1954 853 2000 fiendi
868 1977 916 2000 aut
929 1968 1075 2006 capiendi,
1093 1967 1139 1997 seu
1174 1976 1286 1997 uocun—

219 2023 273 2051 que
287 2013 343 2044 alio
360 2012 469 2049 modo,
487 2012 543 2042 five
557 2009 773 2049 quibuscunque
786 2009 843 2039 aliis
863 2007 956 2038 modis
969 2007 1022 2038 viis
1034 2006 1089 2036 five
1105 2015 1135 2035 m
1174 2006 1286 2044 iis‚pro

225 2052 271 2081 vel
287 2052 484 2082 concernentis
502 2049 634 2080 Mortem
642 2049 829 2079 Occifionem
843 2046 962 2078 Necem
978 2045 1033 2076 five
1046 2044 1285 2075 Interfefflonem

226 2090 351 2129 praedicti
371 2093 447 2120 Petri
462 2088 603 2120 Hawkins
619 2087 760 2117 foi-isfaeta
776 2086 833 2117 five
848 2085 1007 2125 deperdita,
1021 2084 1069 2114 vel
1082 2082 1214 2121 deinceps
1228 2084 1285 2113 im-

225 2129 372 2167 poste-ium
391 2129 488 2160 Nobis
504 2126 670 2158 I-laeredibus
684 2126 740 2156 five
755 2124 966 2156 Successoribus
981 2122 1098 2155 nostris,
1120 2132 1169 2160 per
1183 2122 1285 2161 praefa-

223 2177 285 2198 tuni
300 2171 439 2205 Georgium
454 2166 608 2204 aliqualiter
624 2163 825 2196 forisfacienda
846 2164 902 2195 five
925 2161 1104 2201 deperdenda
1118 2162 1225 2192 ratione
1239 2160 1287 2193 vel

221 2207 372 2237 occalione
387 2206 560 2244 supradictiss

255 2244 397 2276 Habenda
412 2245 530 2275 tenenda
545 2242 690 2282 gaudenda
704 2243 737 2273 ὃς
751 2239 914 2279 possidenda
931 2240 1023 2271 eidem
1045 2241 1157 2276 Georgia
1171 2238 1284 2269 Execu-

220 2285 327 2314 toribus
349 2286 381 2314 δε
407 2284 555 2321 Asiignatis
575 2282 627 2313 suis
649 2291 683 2312 ex
698 2280 789 2311 Dono
807 2279 922 2316 nostro,
940 2278 1043 2316 absque
1058 2277 1213 2315 Computo
1228 2278 1285 2308 five

221 2324 315 2360 aliquo
332 2324 388 2353 alio
407 2324 471 2352 inde
491 2321 588 2351 Nobis
600 2320 770 2351 Haeredibus
787 2318 833 2350 vel
841 2318 1053 2349 Successoribus
1068 2316 1216 2348 reddendo
1231 2315 1285 2347 sol-

220 2362 316 2391 vendo
333 2363 378 2391 vel
393 2361 536 2398 faciendo,

262 2399 403 2430 Volumus
420 2400 525 2435 insuper
543 2421 552 2435 ,
567 2407 599 2427 ac
614 2396 730 2426 ulterius
745 2395 781 2425 de
801 2395 924 2426 uberiori
940 2393 1039 2425 Gratia
1055 2393 1183 2432 speciali,
1200 2403 1233 2424 ac
1248 2402 1284 2424 ex

222 2446 296 2469 certa
311 2438 436 2468 Scientia
452 2439 484 2467 Sc
501 2446 580 2466 mero
599 2434 687 2464 Motu
711 2433 809 2464 nostris
835 2432 1025 2464 concesfimus
1039 2442 1073 2462 ac
1089 2443 1139 2470 per
1154 2432 1284 2463 Praesen-

222 2485 283 2513 tes,
310 2486 364 2513 pro
385 2476 484 2505 Nobis
505 2477 523 2491 ³*
544 2473 713 2503 Haeredibus
733 2474 765 2503 &
788 2471 1000 2502 Succefforibus
1012 2470 1133 2508 nostris,
1147 2471 1285 2501 concedi-

222 2525 286 2545 mus
307 2515 399 2546 eidem
422 2517 533 2550 Georgia
552 2511 759 2541 Executoribus
778 2510 810 2540 δε
827 2509 977 2548 Affignatis
991 2510 1061 2547 suis,
1079 2509 1154 2547 quod
1169 2510 1215 2539 hae
1233 2508 1283 2539 Li-

220 2561 288 2584 terae
302 2553 406 2583 nostrae
422 2553 567 2588 Parentes,
584 2559 616 2579 ac
635 2550 733 2579 omnia
750 2549 781 2579 &
800 2548 905 2587 singula
918 2549 947 2577 in
963 2548 1068 2578 eisdem
1083 2556 1219 2578 contenta
1235 2547 1283 2577 fir-

220 2602 277 2623 mae
297 2592 395 2621 validae
418 2592 506 2620 bonne
529 2589 697 2619 sufficientes
716 2588 748 2618 ὅ(
763 2586 925 2617 effectuales
940 2587 970 2616 in
986 2586 1063 2625 Lege
1076 2595 1161 2617 erunt
1175 2588 1209 2618 &
1223 2587 1282 2617 exi-

220 2631 293 2661 stent
306 2639 407 2661 contra
422 2629 491 2659 Nos
506 2627 640 2657 Haeredes
662 2627 695 2657 δε
716 2626 897 2656 Successores
911 2624 1022 2655 nostros
1034 2634 1067 2655 ac
1082 2624 1282 2665 benignissime

219 2671 249 2700 iii
265 2669 405 2699 Favorem
418 2667 544 2705 praedicti
558 2667 663 2702 Georgii
679 2673 711 2694 ac
725 2666 753 2695 in
769 2665 827 2702 ejus
844 2664 1085 2694 Exonerationem
1104 2674 1138 2694 ac
1156 2665 1282 2702 Acquie-

220 2709 338 2738 tantiam
348 2731 356 2744 ‚
375 2706 410 2736 de
423 2708 455 2737 δε
470 2715 522 2744 pro
536 2702 685 2733 Praeniisfis
699 2706 726 2732 in
741 2704 877 2734 omnibus
894 2701 989 2732 Curiis
1003 2701 1106 2732 nostris
1123 2702 1280 2733 l-laeredum

219 2747 253 2777 &
267 2746 470 2776 Succefforum
492 2742 654 2774 nostrorum
670 2765 680 2778 .,
705 2752 738 2772 ac
754 2742 818 2772 alibi
835 2741 906 2771 infra
919 2741 1056 2780 Regnum
1071 2740 1202 2771 nostrum
1218 2741 1282 2772 An-

219 2785 284 2823 gliae
302 2809 311 2822 ,
335 2784 490 2814 habeantur
515 2781 708 2818 adjudicentur
732 2789 932 2819 exponantur,
961 2790 1021 2810 non
1044 2779 1176 2811 obstante
1199 2781 1280 2820 quod

219 2823 297 2853 idem
314 2825 441 2859 Georgius
460 2831 511 2858 pro
533 2820 559 2850 se
582 2820 689 2849 bonam
708 2820 740 2850 ἃ(
758 2818 948 2849 sufficientem
961 2818 1146 2849 Securitatem
1162 2828 1221 2849 non
1236 2819 1281 2849 in-

218 2862 330 2896 veniat³
344 2863 422 2899 juxm
436 2860 559 2890 formam
576 2858 609 2888 &
623 2856 760 2888 effectum
775 2857 916 2895 cujusdam
933 2856 1024 2887 Aetas
1040 2858 1070 2887 in
1087 2857 1281 2889 Parliamento

219 2902 332 2929 Domini
352 2898 491 2928 Edwardi
514 2907 596 2936 nuper
612 2898 689 2934 Regis
705 2896 820 2934 Angliae
836 2896 926 2932 tertii,
949 2896 1143 2935 Progenitoris
1164 2896 1255 2927 nostri
1271 2920 1281 2936 ‚

219 2939 310 2969 Anno
325 2937 419 2976 Regni
434 2937 474 2967 sui
489 2935 605 2966 decimo
619 2935 693 2972 apud
707 2934 1002 2966 westmonasterium
1015 2935 1098 2973 editi,
1114 2934 1150 2966 de
1165 2935 1191 2967 se
1206 2937 1280 2967 bene

217 2975 343 3016 gerendo
356 2999 365 3014 ‚
393 2984 426 3005 ex
450 2984 527 3005 nunc
548 2983 577 3003 er
596 2983 611 3003 a
632 2973 702 3004 Nos
728 2972 864 3004 Haeredes
879 2975 912 3004 ὅ(
929 2973 1108 3005 Succeffores
1120 2975 1232 3006 nostros
1246 2975 1281 3006 &

217 3015 359 3046 cunctum
376 3013 520 3051 Populum
535 3016 585 3042 noi
602 3021 664 3040 rum
679 3024 690 3050 3
708 3022 741 3042 ac
758 3022 819 3042 non
834 3011 964 3042 obstante
978 3012 1055 3042 Actu
1069 3012 1226 3051 praedid’to,
1245 3024 1281 3046 ac

217 3053 347 3091 quolibet
363 3053 391 3081 in
405 3052 508 3082 eodem
524 3050 599 3080 Astu
616 3059 756 3081 contento
773 3062 784 3087 z,
804 3051 836 3081 &
851 3060 910 3080 non
925 3049 1058 3081 obstante
1074 3051 1164 3088 aliqua
1181 3052 1281 3083 Omis-

219 3093 313 3128 sione,
332 3090 461 3121 Defeetu
477 3089 664 3128 Negligentia
678 3089 879 3125 Repugnantia
898 3088 944 3119 seu
967 3091 1163 3121 contrarietate
1182 3092 1211 3121 in
1228 3091 1281 3122 hiis

220 3129 321 3160 Literis
344 3129 508 3160 Patentibus
533 3129 675 3158 contentis
699 3136 781 3164 atque
802 3127 898 3164 aliquo
913 3127 968 3157 alio
990 3127 1067 3158 Actu
1089 3128 1283 3161 Ordinatione

217 3168 330 3237 {tatu—{33
353 3168 410 3200 five
436 3166 627 3197 Restrietione
651 3167 681 3196 in
699 3166 878 3197 contrarium
900 3165 966 3196 inde
984 3166 1014 3196 in
1031 3166 1128 3205 aliquo
1146 3177 1208 3199 non
1225 3169 1282 3199 ob-

244 3216 300 3236 anti
323 3216 371 3236 us:

253 3244 300 3276 Eo
314 3245 393 3283 quod
409 3243 533 3284 expressa
550 3244 677 3282 mentio,
694 3242 758 3275 &c-

255 3321 292 3352 In
305 3323 383 3361 cujus
399 3323 455 3361 rei,
472 3321 533 3352 ὅτε.

225 3397 348 3467 νςξίίξε
365 3398 448 3438 Rege
459 3397 534 3437 apud
554 3394 831 3436 Weflmonasterium,
847 3393 984 3427 vicesimo
997 3393 1121 3426 secundo
1136 3395 1196 3428 Die
1209 3397 1282 3429 No-

313 3447 356 3467 tls.

716 3512 770 3540 Per
783 3513 877 3540 Breve
891 3509 923 3539 de
938 3511 1060 3540 Privato
1069 3510 1171 3550 Sigillo.

225 3639 274 3670 De
303 3636 496 3680 Commiffione
513 3636 635 3683 speciali
658 3634 700 3668 ad
725 3633 963 3682 Dispenshndum
987 3646 1056 3667 cum
1075 3637 1198 3682 Georgia
1212 3636 1280 3667 Ar-

268 3685 436 3731 chiepistopo
452 3684 673 3727 cantuariensi,
686 3684 778 3729 super
796 3682 968 3716 omnimodis
987 3681 1281 3729 Irrcgularitatibus,

270 3737 384 3765 ratione
397 3734 527 3779 prodisti
543 3733 670 3777 casitalis
687 3730 855 3765 Homicidii
869 3742 922 3777 per
939 3731 1035 3777 ipfhm
1049 3729 1197 3774 commffl.

228 3818 284 3873 R
294 3816 358 3847 EX
367 3839 376 3853 ,
394 3817 453 3847 &c.
474 3816 647 3861 Reverendo
665 3817 695 3847 in
707 3815 827 3847 Christo
840 3815 932 3855 Patri,
950 3817 984 3848 ὃ(
998 3815 1162 3855 praedileelo
1176 3816 1283 3856 &per-

308 3865 395 3891 quam
411 3854 484 3883 fideli
503 3854 670 3885 Consiliario
686 3855 804 3892 nostro,

262 3892 390 3930 Johanni
404 3892 528 3931 Epifiopo
542 3893 722 3932 Lincolnienfi
728 3918 737 3932 ‚
756 3892 882 3925 Custodi
897 3891 1003 3933 Magni
1017 3892 1107 3934 sigilli
1122 3892 1210 3926 nostri
1218 3893 1283 3927 An-

80 3942 210 3968 Λυκάων,
226 3931 294 3971 gllae
301 3955 310 3968 ‚

259 3971 307 4000 Ac
322 3967 496 3999 Reverendo
511 3969 538 3997 in
554 3967 671 3998 Christo
687 3968 761 4001 Patri

261 4011 371 4046 Georgia
387 4005 513 4046 Episcopo
524 4006 650 4037 London.

678 108 1487 156 CONVENTIONES,
1543 108 1937 157 LITERAE,

1368 194 1414 237 Ac
1437 193 1611 238 Reverendo
1635 195 1663 223 in
1683 192 1802 225 Christo
1817 194 1894 226 Patri
1907 218 1917 234 ,
1934 194 1966 226 &
1981 193 2148 234 praeiile&o
2161 193 2194 227 δε
2215 202 2350 237 perquam
2364 189 2397 228 fi-

1334 232 1389 263 deli
1404 231 1574 261 Confiliario
1588 231 1690 262 nostro
1699 254 1708 269 ‚

1373 269 1524 299 Lanceloto
1540 268 1665 309 Epifiopo
1680 271 1722 300 W
1721 272 1808 299 inton.

1372 307 1506 337 Necnon
1526 308 1701 339 Reverendis
1715 309 1745 337 in
1759 307 1878 338 Christo
1894 307 2024 341 Patribus

1374 346 1493 376 Samueli
1508 347 1664 376 Norwicen.

1370 383 1479 413 Thomae
1499 388 1600 414 Coven.
1614 384 1653 420 &
1670 381 1851 422 Lichenfeld‚

1373 422 1472 452 Nicho.
1491 423 1586 453 Elien.

1373 461 1506 528 ffrthuro
1519 460 1642 492 Bathon.
1663 460 1701 496 ὠ
1718 459 1833 491 Wellen.

1399 507 1412 529 t

1375 540 1486 576 Georgia
1501 537 1644 578 cicestren.

1373 574 1543 616 Respeffive
1559 576 1707 614 Episcopis
1722 575 1847 606 Salutem
1861 573 1896 604 &
1910 572 2052 606 Gratiam.

1362 612 1488 645 ‘Humili
1506 615 1608 646 Nobis
1623 614 1827 652 supplicatione
1842 612 1970 649 exposuit
1984 612 2247 645 Reverendiffimus
2266 616 2297 645 in
2312 615 2401 648 Chri-

1336 649 1382 681 sto
1396 652 1480 684 Pater
1493 677 1504 692 ‚
1527 653 1704 692 praedilectus
1724 653 1757 683 &
1781 650 1917 690 perfidelis
1933 650 2116 683 Consiliarius
2138 652 2233 683 noster
2247 675 2257 690 ,
2275 656 2402 692 Georgius

1335 693 1540 732 Cantuarienfis
1559 689 1779 730 Archieptfiopus
1799 689 1879 729 quod
1905 698 1977 720 curn
1999 700 2038 721 nu
2076 700 2089 720 r
2115 692 2144 721 in
2165 691 2257 721 Pareo
2276 695 2402 730 quodam

1335 738 1444 761 vocato
1463 730 1606 761 Bramzill
1622 731 1713 760 Parke
1728 728 1802 766 apud
1820 727 1944 758 Bramzil
1961 729 1990 758 in
2045 729 2168 760 omitatu
2193 729 2295 760 nostro
2317 731 2403 763 Sout-

1333 766 1510 806 hamptoniae
1523 767 1794 812 perbhonorandurn
1811 766 1913 797 Virum
1929 766 2053 804 ejusdem
2075 766 2156 798 Parci
2172 767 2340 799 Dominum
2353 780 2403 801 ro-

1333 814 1413 850 gatus
1425 808 1459 839 &
1475 808 1626 846 invitatus,
1647 807 1774 837 Damam
1796 805 1905 845 Sagitta
1926 805 2012 843 figere
2027 805 2194 844 destinaret,
2212 807 2309 839 debita
2321 809 2404 840 adhi-

1333 845 1394 890 bita·
1407 846 1560 886 Diligentia
1574 856 1613 877 ne
1626 845 1696 885 quid
1710 844 1776 875 inde
1791 844 1892 875 Pericli
1906 845 2039 882 cuiqmm
2056 846 2196 884 eveniret3
2213 847 2288 876 forte
2305 854 2402 878 tamen

1333 885 1440 916 accidit
1459 894 1492 916 ut
1512 884 1622 920 Sagitta
1641 885 1678 915 ab
1702 893 1739 914 eo
1755 882 1855 914 emiffa
1869 883 1902 914 ὃς
1917 883 1948 913 in
1963 883 2054 920 feram
2067 883 2189 922 dimota,
2207 884 2238 914 i'n
2257 886 2403 923 quendam

1334 923 1447 954 Petrum
1467 924 1610 954 Hawkins
1629 923 1733 953 adtunc
1754 922 1837 952 Parci
1859 921 1990 959 praediciti
2011 921 2173 953 Custodem
2188 923 2351 960 improvide
2367 926 2402 957 δε

1334 969 1442 994 temere
1455 962 1482 994 se
1496 961 1622 1000 periculo
1639 961 1709 992 ietui
1725 960 1839 999 Sagittae
1853 967 2048 998 exponentem
2062 983 2072 999 ‚
2089 961 2123 992 ὃ(
2140 967 2188 998 per
2202 961 2301 992 locum
2318 963 2366 994 ubi
2382 963 2401 994 ὲ

1333 1001 1452 1037 praefato
1474 999 1701 1039 Archiepiscopo
1720 999 1847 1036 conspici
1867 1007 1926 1029 non
1947 1000 2039 1037 potuit
2053 1008 2123 1030 cum
2137 999 2245 1038 impetu
2261 1001 2402 1034 transcur-

1333 1048 1443 1070 rentem
1458 1039 1597 1070 incideret
1633 1039 1714 1077 eique
1728 1037 1882 1068 Brachium
1902 1036 2032 1068 sauciaret
2042 1060 2052 1075 ,
2077 1045 2114 1068 ex
2126 1044 2186 1075 quo
2204 1039 2321 1076 quidem
2333 1041 2401 1072 vul-

1332 1087 1399 1122 nere
1412 1079 1484 1109 infra
1498 1079 1579 1108 unius
1592 1061 1687 1107 filorae
1700 1077 1831 1115 Spatium
1844 1076 2001 1113 expirabat:
2020 1076 2055 1106 &
2072 1077 2202 1113 quamvis
2214 1086 2328 1114 propter
2343 1079 2401 1111 hu-

1327 1116 1451 1154 jusmodi
1470 1115 1673 1147 Homicidium
1696 1114 1814 1146 Casuale
1830 1136 1840 1152 ‚
1863 1113 1939 1145 nulla
1954 1112 2072 1153 prefati
2096 1114 2294 1154 Archiepifioi'
2315 1118 2360 1148 cul
2385 1118 2398 1129 ⁴

1330 1155 1376 1185 sed
1388 1156 1471 1193 ipfius
1483 1155 1573 1186 occisi
1587 1154 1746 1185 temeritate
1759 1153 1930 1192 contingens
1943 1175 1953 1190 ‚
1976 1152 2054 1183 idem
2070 1151 2232 1184 Reverendi
2258 1162 2331 1185 imus
2371 1166 2401 1187 a-

1330 1201 1374 1224 ter
1390 1194 1470 1225 bona
1484 1193 1572 1225 fretus
1584 1192 1767 1224 Conscientia
1776 1214 1785 1229 ‚
1798 1192 1824 1222 se
1837 1191 1947 1222 nullam
1961 1192 2087 1222 omnino
2102 1190 2342 1229 Irregularitatem
2357 1195 2402 1226 in—

1328 1231 1443 1263 currisse
1460 1231 1692 1270 persuafiffimum
1707 1231 1807 1262 habeat
1821 1252 1831 1268 ,
1850 1229 1969 1267 provida
1984 1236 2080 1261 tamen
2103 1230 2193 1260 animi
2207 1231 2401 1271 circumspec-

1329 1271 1408 1302 tione
1418 1293 1428 1309 ‚
1443 1271 1476 1302 &
1492 1279 1523 1302 ut
1536 1271 1631 1301 omnis
1648 1269 1829 1300 infirmorum
1847 1269 1991 1299 mentibus
2008 1268 2164 1306 Scrupulus
2178 1270 2316 1301 eximatur
2327 1295 2336 1308 ‚
2355 1268 2399 1303 se-

1330 1318 1402 1340 cum
1426 1311 1442 1340 a
1466 1307 1565 1340 Nobis
1586 1309 1664 1348 super
1686 1308 1821 1339 omnibus
1844 1308 1878 1339 &
1897 1306 2079 1337 omnimodis
2093 1306 2345 1347 irregularia-itibus
2361 1311 2397 1342 δε

1329 1346 1543 1386 Irregularitatis
1560 1356 1630 1379 nota
1651 1356 1700 1379 aut
1722 1346 1870 1384 suspitione
1883 1368 1894 1383 ,
1913 1345 1932 1375 fi
1954 1354 2042 1383 quam
2056 1345 2272 1379 Praemifforum
2289 1349 2398 1380 ratione

1328 1387 1498 1418 contraxiffie
1510 1386 1627 1417 forfitan
1643 1385 1781 1424 aliquibus
1795 1383 1883 1415 videri
1896 1383 1979 1422 poffit
1994 1407 2004 1422 ,
2028 1383 2064 1415 ad
2082 1383 2235 1416 Cautelam
2252 1386 2285 1417 δε
2304 1395 2339 1419 ex
2353 1387 2399 1419 su-

1330 1425 1534 1465 perabundanti
1547 1425 1692 1465 dispensari
1705 1423 1851 1454 humiliter
1865 1422 2046 1461 supplicavit.

1369 1463 1468 1495 Sciatis
1484 1465 1569 1504 igitur
1586 1463 1670 1503 quod
1691 1462 1761 1493 Nos
1777 1462 1928 1493 Petitionis
1946 1461 2109 1500 hujusmodi
2130 1462 2193 1493 vim
2209 1462 2243 1494 &
2257 1461 2398 1496 effeEtutn

1331 1502 1429 1540 Regio
1442 1504 1540 1533 animo
1554 1503 1587 1534 &
1602 1503 1652 1541 pio
1665 1500 1772 1533 affeetu
1788 1500 1977 1539 ponderantes
1987 1522 1996 1538 ‚
2018 1501 2052 1532 &
2071 1500 2106 1532 de
2124 1502 2244 1532 veritate
2261 1502 2398 1534 Praemis-

1329 1541 1425 1572 sorum
1441 1541 1533 1572 solerti
1550 1540 1736 1580 Indagatione
1755 1541 1888 1570 certiores
1907 1538 1994 1577 facti,
2011 1539 2045 1569 δε
2062 1548 2094 1571 ut
2108 1540 2186 1577 piam
2200 1542 2397 1581 Reverendiffl-

1328 1583 1366 1610 mi
1388 1581 1483 1610 Patris
1504 1579 1700 1610 Intentionem
1727 1578 1783 1608 hac
1805 1579 1835 1607 in
1855 1586 1885 1607 re
1907 1576 2056 1615 sequamur
2072 1600 2082 1616 ‚
2108 1577 2142 1608 &
2159 1578 2194 1609 ad
2206 1579 2395 1612 abundantio-

1331 1627 1394 1649 rem
1414 1618 1552 1649 cautelam
1570 1618 1590 1638 *
1610 1616 1747 1656 perfidelis
1760 1615 1922 1647 Consiliarii
1936 1615 2039 1653 nostri,
2056 1616 2226 1655 optimeque
2242 1617 2280 1648 de
2292 1617 2396 1650 Eccle-

1331 1657 1367 1687 fia
1382 1657 1415 1687 &
1430 1656 1593 1695 Republica
1613 1656 1707 1686 meriti
1731 1654 1859 1685 Praesulis
1874 1676 1884 1693 ‚
1900 1654 2012 1685 Statum
2029 1655 2146 1686 Famam
2160 1657 2193 1688 &
2212 1655 2394 1696 Dignitatem

1330 1694 1422 1726 nostri
1438 1697 1525 1726 etiam
1544 1694 1701 1725 Patrocinii
1720 1693 1882 1723 munimine
1906 1693 1977 1723 tueri
1999 1693 2034 1723 &
2053 1693 2164 1724 firmare
2179 1695 2205 1725 di
2227 1696 2378 1727 noscamur

1330 1734 1364 1764 ad
1387 1733 1554 1771 praesentem
1574 1733 1709 1763 venimus
1728 1730 1940 1768 dispositionem
1960 1730 2105 1770 Vobisque
2127 1732 2171 1762 vel
2196 1744 2209 1763 a
2223 1735 2333 1772 iquibus
2350 1720 2396 1768 sei}

1332 1771 1462 1802 vestrum
1497 1772 1636 1810 (quorum
1661 1779 1714 1802 vos
1735 1769 1885 1807 praefatum
1911 1767 2073 1808 Johannem
2091 1770 2230 1807 VLincoln.
2251 1776 2396 1812 Georgium

1329 1811 1458 1841 London.
1476 1809 1656 1841 Lancelotum
1678 1810 1807 1840 Winton.
1826 1804 1865 1842 ό·
1888 1806 2038 1838 Samuelem
2063 1809 2222 1840 Norwicen.
2242 1812 2395 1850 resperffive

1331 1850 1490 1887 Episcopos
1504 1858 1625 1888 quatuor
1641 1847 1698 1879 effe
1712 1848 1860 1884 volumus)
1877 1846 1915 1878 de
1928 1854 2056 1885 quorum
2071 1849 2156 1879 etiam
2172 1849 2241 1880 Fide
2258 1850 2396 1886 Industria

1329 1890 1364 1920 &
1383 1888 1500 1927 Judicio
1518 1888 1674 1926 plurimum
1697 1885 1888 1923 confidimus,
1905 1885 2072 1916 mandamus
2089 1888 2122 1918 δε
2136 1887 2172 1918 de
2189 1888 2286 1920 Gratia
2300 1891 2396 1924 nostra

1329 1927 1442 1966 speciali
1456 1949 1466 1965 ,
1489 1927 1523 1959 &
1544 1936 1579 1957 ex
1595 1926 1783 1958 Authoritate
1794 1924 1888 1954 nostra
1902 1923 1993 1963 Regia
2007 1924 2137 1963 suprema
2150 1926 2184 1957 &
2203 1926 2396 1963 Ecclesiastica

1330 1976 1385 2004 qua
1405 1966 1550 2004 fungimur
1567 1988 1576 2004 ,
1599 1975 1653 2005 pro
1673 1963 1772 1996 Nobis
1794 1962 1966 1994 Haeredibus
1990 1964 2024 1994 ὃ(
2040 1963 2258 1997 Successoribus
2274 1966 2396 2008 nostris,

1329 2007 1429 2036 damus
1449 2006 1483 2037 &
1499 2004 1611 2042 plenam
1628 2004 1814 2035 concedimus
1832 2002 2005 2032 Facultatem
2018 2003 2052 2033 &
2067 2001 2242 2035 Potestatem
2257 2015 2305 2043 per
2318 2006 2400 2039 Prae-

1330 2044 1437 2083 sentes,
1451 2052 1587 2083 quatenus
1603 2053 1656 2074 vos
1669 2043 1717 2073 vel
1728 2042 1814 2080 aliqui
1828 2042 1871 2071 sex
1884 2039 2010 2071 vestrum
2028 2042 2165 2078 (quorum
2182 2054 2235 2074 vos
2246 2045 2399 2083 praefatum

1329 2082 1492 2121 Johannem
1506 2081 1631 2112 Lincoln.
1651 2084 1793 2118 Georgium
1808 2079 1936 2110 London.
1951 2079 2131 2110 Lancelotum
2146 2083 2190 2110 W
2188 2085 2278 2113 inton.
2298 2085 2332 2116 &
2345 2088 2398 2114 Sa-

1329 2121 1441 2152 muelem
1462 2123 1621 2152 Norwicen.
1640 2119 1794 2158 respezstive
1816 2117 1974 2156 Episcopos
1987 2141 1997 2157 ‚
2023 2127 2144 2157 quatuor
2170 2120 2227 2151 esse
2247 2122 2396 2161 volumus)

1329 2170 1401 2192 cum
1417 2160 1535 2198 praefato
1550 2157 1775 2199 Reverendiffimo
1796 2160 1882 2187 Patre
1895 2158 1976 2195 super
1990 2159 2120 2188 omni&
2131 2160 2308 2191 omnimodo
2319 2160 2399 2200 Juris

1330 2200 1376 2230 vel
1395 2199 1474 2230 Facti
1488 2198 1616 2229 Defeetu
1629 2196 1755 2228 Censura
1777 2195 1834 2226 five
1859 2194 1951 2227 Poena
1972 2195 2063 2234 aliqua
2078 2195 2230 2228 Canonica
2244 2198 2277 2229 &
2292 2198 2398 2232 Eccle-

1329 2237 1432 2269 siastica
1447 2238 1596 2276 praesertim
1612 2238 1684 2267 vero
1700 2234 1900 2274 Irregularitate
1921 2235 2002 2264 omni
2023 2234 2068 2264 seu
2085 2233 2296 2272 Irregularitatis
2313 2248 2380 2271 nota

1329 2277 1349 2307 fi
1373 2287 1438 2316 quae
1458 2276 1572 2307 forsitan
1595 2276 1704 2306 ratione
1720 2273 1938 2304 Praeniisiorum
1963 2273 2109 2304 contracta
2123 2274 2155 2304 sit
2171 2275 2217 2305 vel
2231 2263 2398 2313 quibusdam:

1330 2316 1478 2347 contracta
1501 2314 1558 2346 esse
1578 2313 1706 2344 videatur
1721 2335 1730 2350 ‚
1756 2320 1843 2349 utque
1866 2313 1894 2341 in
1911 2309 2041 2349 susceptis
2056 2311 2215 2344 Ordinibus
2231 2315 2395 2354 &jurisdi-

1331 2355 1493 2392 Ctionibus,
1507 2352 1665 2385 secundum
1681 2349 1881 2382 concreditam
1897 2350 1964 2386 sibi,
1980 2352 2089 2381 ratione
2103 2348 2221 2382 Ordinis
2232 2354 2395 2387 &Archie-

1329 2392 1489 2431 piscopatfis
1510 2393 1550 2423 sui
1568 2390 1745 2422 Potestatem
1768 2388 1856 2420 libere
1877 2387 2035 2419 ministrare
2054 2389 2109 2419 frui
2131 2400 2262 2422 exercere
2276 2393 2311 2424 δε
2324 2403 2395 2431 gau-

1328 2432 1395 2462 dere
1412 2432 1501 2463 valeat
1517 2430 1551 2461 ad
1568 2430 1710 2468 majorem
1724 2428 1876 2459 Cautelam
1890 2427 2066 2466 dispensetis,
2084 2437 2117 2458 ac
2131 2438 2229 2460 caetera
2246 2432 2345 2461 omnia
2357 2432 2394 2463 δε

1329 2471 1433 2508 singula
1452 2479 1518 2508 quae
1540 2468 1574 2499 ad
1600 2469 1712 2499 Statum
1728 2465 1934 2498 Commodum
1956 2467 1989 2498 &
2004 2465 2160 2498 Honorem
2173 2468 2283 2506 praefati
2298 2472 2391 2501 Reve-

1328 2508 1470 2547 rendiffimi
1496 2510 1592 2537 Patris
1613 2505 1838 2537 conservandum
1866 2505 1900 2535 &
1922 2504 2167 2536 corroborandum
2189 2506 2217 2535 in
2237 2506 2292 2537 hac
2313 2516 2394 2545 parte

1328 2548 1481 2578 necessaria
1496 2545 1601 2576 fuerint
1615 2545 1661 2575 seu
1677 2542 1901 2582 quomodolibet
1916 2542 2392 2584 opportuna,faciaiis‚&Dispen-

1330 2587 1468 2617 sationem
1483 2583 1667 2621 hujusmodi,
1682 2591 1839 2620 caeteraque
1856 2581 1911 2618 sic,
1928 2589 1959 2611 ut
1970 2580 2131 2619 praefertur,
2150 2591 2200 2619 per
2211 2593 2265 2613 vos
2278 2593 2326 2616 aut
2341 2586 2393 2616 ali-

1326 2635 1397 2663 quos
1414 2625 1458 2656 sex
1474 2622 1600 2654 vestrum
1610 2644 1619 2659 ‚
1639 2623 1774 2659 (quorum
1788 2630 1841 2650 vos
1853 2618 1986 2656 praefatos
1994 2617 2154 2656 Johannem
2167 2621 2294 2652 Lincoln.
2303 2627 2392 2654 Geor-

1324 2668 1397 2701 gium
1411 2662 1539 2693 London.
1559 2659 1741 2690 Lancelotum
1759 2661 1887 2688 Winton.
1907 2658 1941 2689 &
1959 2656 2107 2687 Samuelem
2127 2659 2285 2691 Nor-wicen.
2299 2663 2390 2701 respe-

1326 2703 1404 2733 &ive
1426 2701 1586 2739 Episcopos
1610 2707 1732 2736 quatuor
1753 2695 1808 2726 effe
1826 2694 1973 2731 volumus)
2001 2695 2157 2726 faciendam
2174 2719 2184 2735 ‚
2210 2698 2306 2731 debita
2314 2700 2393 2739 Jnris

1325 2741 1418 2771 forma
1434 2747 1608 2776 conceptam
1624 2737 1659 2768 δε
1672 2736 1701 2779 in
1717 2735 1853 2779 scriptum
1868 2734 2009 2764 redactam
2025 2733 2132 2774 Sigillis
2147 2746 2181 2766 ue
2195 2737 2293 2768 vestris
2306 2759 2318 2776 ,
2341 2739 2390 2772 seu

1326 2779 1428 2817 Sigillo
1451 2779 1545 2816 aliquo
1565 2775 1731 2807 authentico
1753 2782 1913 2810 munitam,
1953 2772 2049 2803 raesato
2063 2745 2267 2816 Arcgiepisc'opo
2281 2776 2389 2811 tradere

1326 2828 1386 2849 non
1400 2815 1548 2848 differatis:
1568 2823 1655 2855 quam
1678 2812 1795 2856 quidem
1815 2810 1924 2849 Dispen
1936 2811 2060 2841 ationem
2074 2834 2085 2850 ‚
2111 2821 2271 2853 caeteraque
2283 2814 2341 2855 fic,
2358 2824 2391 2849 ut

1326 2856 1472 2895 praefertur
1486 2879 1496 2894 ,
1519 2863 1568 2892 per
1593 2851 1655 2882 Vos
1670 2859 1717 2882 aut
1736 2851 1843 2889 aliquos
1867 2850 1912 2881 sex
1928 2849 2054 2881 vestrum
2071 2852 2208 2888 (quorum
2223 2863 2276 2884 vos
2289 2854 2391 2891 pzaefa-

1325 2905 1388 2926 tum
1407 2894 1571 2933 Johannem
1595 2889 1723 2921 Lincoln.
1748 2891 1892 2926 Georgium
1912 2889 2040 2919 landon.
2057 2889 2236 2921 Lancelotum
2261 2894 2390 2925 Winton.

1325 2936 1358 2966 ὃς
1374 2932 1522 2964 Samuelem
1538 2932 1696 2961 Norwicen.
1715 2928 1867 2967 respective
1890 2925 2047 2966 Episcopos
2061 2951 2072 2967 ,
2095 2937 2216 2965 quatuor
2235 2930 2293 2962 esse
2307 2931 2390 2963 volu-

1329 2973 1404 3010 mus)
1426 2970 1601 3011 peragenda,
1619 2968 1670 2999 sub
1687 2967 1800 3006 Magno
1812 2966 1922 3004 insuper
1937 2966 2036 3005 Sigillo
2053 2966 2152 2998 nostro
2164 2967 2280 3006 Angliae
2293 2971 2389 3001 confi-

1326 3013 1395 3043 mari
1410 3011 1559 3046 volumus,
1576 3009 1610 3040 &
1624 3007 1704 3045 super
1721 3007 1774 3037 hiis
1816 3005 1903 3036 raefati
1921 3004 2029 3041 Magni
2043 3005 2132 3044 Sigilli
2145 3006 2234 3038 nostri
2248 3007 2388 3047 Custodi,

1323 3051 1433 3090 aliisque
1449 3046 1635 3080 Cancellariae
1648 3044 1752 3076 nostrae
1805 3043 1905 3074 inistris
1917 3043 2148 3082 quibuscunque,
2168 3046 2294 3083 expresse
2308 3056 2390 3080 man-

1325 3090 1426 3121 damus
1441 3090 1474 3120 &
1490 3088 1605 3126 plenam
1618 3093 1717 3116 tenore
1732 3083 1914 3122 praesentium
1931 3082 2119 3113 concedimus
2135 3083 2318 3116 Potestatem.

1363 3164 1453 3234 Tgste
1467 3164 1551 3204 Rege
1565 3160 1640 3200 apud
1659 3158 1935 3200 Wstmonallerimn,
1954 3159 2094 3191 vicefimo
2110 3158 2236 3191 secundo
2256 3160 2304 3193 die
2318 3162 2388 3198 Nos

1327 3213 1394 3236 vem
1417 3213 1462 3234 ris.

1820 3276 1875 3304 Per
1888 3277 1980 3305 Breve
1994 3274 2026 3304 de
2041 3275 2162 3305 Privato
2175 3274 2276 3314 Sigillo.

1407 3427 1458 3460 De
1480 3420 1671 3467 Restitutione
1691 3420 1914 3467 Temporalium
1930 3430 1986 3466 pro
2011 3419 2149 3466 Epistopo
2173 3419 2296 3452 Sarum.

1324 3507 1449 3567 REX
1470 3508 1610 3540 Escaetori
1624 3507 1674 3538 suo
1687 3508 1718 3538 in
1735 3505 1884 3537 Comitatu
1892 3504 2050 3543 Wiltefiae,
2068 3504 2204 3535 Salutem.

1416 3547 1545 3580 Vacante
1563 3555 1653 3584 nuper
1671 3545 1744 3577 Sede
1765 3543 1927 3582 Episcopali
1948 3542 2064 3582 Sarum,
2082 3551 2133 3580 per
2153 3538 2283 3571 Mortem
2299 3545 2380 3571 natu-

1324 3587 1410 3617 ralem
1429 3586 1523 3617 ultimi
1544 3584 1679 3624 Episcopi
1697 3583 1805 3615 ibidem
1820 3606 1830 3619 ,
1862 3584 1987 3611 Decanus
2010 3580 2048 3616 ὠ·
2065 3576 2218 3620 Capitulum
2242 3575 2379 3609 Ecclefiae

1323 3624 1497 3657 Cathedralis
1512 3624 1612 3654 Sarum
1631 3623 1774 3661 praedidtae
1783 3645 1792 3659 ‚
1813 3620 1943 3651 Licentia
1957 3619 2052 3650 nostra
2065 3618 2148 3657 petita
2161 3622 2263 3652 pariter
2277 3616 2310 3647 δι’
2326 3617 2382 3648 ob-

1322 3665 1400 3695 tenta
1416 3687 1425 3701 ‚
1450 3662 1585 3693 dilectum
1614 3662 1697 3692 nobis
1725 3662 1755 3691 in
1782 3658 1903 3689 Christo
1931 3657 2092 3697 Johanmm
2110 3657 2268 3685 Davenant
2288 3654 2381 3686 Sacrae

1321 3702 1497 3741 Theologiae
1510 3700 1693 3739 Βοᾶοῐεω,
1713 3700 1743 3730 in
1755 3707 1857 3730 eorum
1872 3695 2048 3735 Episcopum
2068 3694 2101 3725 &
2122 3690 2271 3723 Pastorem
2291 3694 2384 3735 elege-

1325 3750 1421 3810 rmgsii
1435 3777 1553 3815 quidem
1567 3775 1711 3807 Eleffloni
1725 3775 1758 3806 &
1774 3773 1907 3804 Personae
1922 3772 1960 3802 fic
1972 3769 2069 3801 eleetae
2087 3767 2216 3808 Regium
2229 3769 2383 3803 Assensum

1323 3818 1454 3849 nostrum
1469 3815 1649 3846 adhibuimus
1669 3814 1704 3845 &
1719 3813 1850 3844 favorem
1860 3833 1870 3848 ‚
1889 3809 2023 3847 ipsiusque
2045 3807 2220 3839 Fidelitatem
2234 3809 2322 3840 nobis
2334 3810 2385 3841 de-

1324 3857 1413 3887 bitam
1437 3863 1489 3892 pro
1511 3853 1591 3884 dieto
1607 3852 1780 3890 Episcopatu
1804 3850 1985 3890 recepimus,
2010 3854 2044 3876 ac
2063 3844 2248 3890 Temporalia
2261 3845 2386 3886 ejusdem

1324 3891 1511 3932 Episcopatus
1541 3892 1683 3929 (exceptis
1702 3889 1838 3921 omnibus
1859 3886 2017 3929 Manerus„
2037 3884 2154 3922 Terris,
2179 3884 2386 3925 Temmenu's,

1323 3934 1358 3964 &
1380 3929 1626 3962 Haereditamentis
1646 3938 1715 3959 cum
1735 3925 1908 3966 pertinentiis
1923 3922 2061 3966 praedieto
2077 3922 2257 3963 Episcopatui
2276 3924 2386 3956 dudum

1324 3970 1510 4008 spectantibus
1525 3969 1558 3999 &
1572 3967 1791 4005 pertinentibus,
1817 3962 1907 3993 modo
1923 3970 1952 3990 in
1968 3970 2068 3992 manus
2082 3961 2209 4000 nostras,
2226 3963 2324 4002 vigore
2335 3972 2390 3994 cu-

1322 4009 1430 4048 jusdam
1446 4005 1540 4040 actus
1555 4015 1631 4038 anno
1645 4004 1740 4051 Regni
1757 3998 1984 4041 praechauffimae
2007 3998 2120 4035 Soteris
2138 4000 2244 4034 nostrae
2256 4000 2391 4069 ⁵:⁶⁸)th

2416 187 2493 226 Anti.
2503 189 2545 227 D.

2442 235 2529 267 1621.

2417 280 2426 299 ¹
2432 281 2449 308 9
2456 271 2548 311 Jam.

2417 1612 2434 1629 ⁴⁸
2453 1613 2548 1644 xvu.

2419 1660 2483 1689 340·

2397 3512 2475 3545 Ann.
2488 3516 2531 3550 D.

2417 3553 2505 3586 1621.

2398 3595 2456 3622 Pat.
2478 3604 2487 3621 ι
2492 3604 2522 3631 9.

2398 3630 2529 3670 J.1.p.22.

2400 3680 2427 3699 n.
2440 3680 2470 3706 4.
