2557 4279
665 105 1318 151 CONVENTION

470 295 511 327 A
530 294 609 340 Rege
630 290 675 324 ad
699 293 844 325 Comitem
867 290 904 324 dc
925 290 1055 337 Sotffims.

282 382 403 415 Mon
441 378 680 416 Cousin,

314 456 415 488 OUS
433 457 573 487 envoions
585 465 620 486 ce
637 453 865 486 Gentilhomme
879 452 905 483 le
920 451 1056 521 ὃεὲἕῃευτ
1075 449 1176 488 James
1199 451 1311 492 Hales,

331 496 470 527 ordinaire
485 495 520 526 de
536 493 634 525 nostre
648 493 816 530 Chambre,
837 501 897 522 vers
915 491 941 521 le
986 500 1024 529 oy
1041 488 1137 518 nostre
1159 490 1218 517 bon
1242 489 1308 516 kre-

247 547 294 574 re,
311 545 384 574 pour
400 544 473 564 nous
492 532 676 563 Condouloir
689 541 760 562 avec
773 532 820 571 luy
837 530 873 560 de
888 530 912 559 la
931 539 1007 566 perte
1019 528 1056 558 de
1069 527 1116 557 feu
1132 525 1227 556 nostre
1243 524 1309 555 tres-

247 575 336 607 chere
349 573 479 604 Cousine
491 572 516 602 sa
531 571 637 611 soieur,
656 571 682 601 le
708 569 774 608 quel
793 579 840 607 par
862 567 968 598 mesine
999 575 1105 606 moyen
1129 574 1200 594 nous
1221 573 1310 594 avons

248 613 337 645 voulu
354 621 460 643 accom
481 620 569 648 agner
581 610 617 641 de
631 620 666 640 ce
679 617 743 639 mot
760 618 822 639 vers
843 616 933 644 vous,
958 614 1028 635 avec
1049 604 1156 647 charge
1177 602 1214 632 de
1239 612 1310 632 vous

247 653 312 684 aller
325 653 388 682 voir
403 651 437 681 &
462 650 538 680 aluer
549 650 584 680 de
599 657 681 679 notre
696 655 774 686 part,
792 655 863 683 pour
886 653 958 675 vous
979 651 1139 681 temorgner
1160 641 1309 671 lhonneur

248 701 305 732 que
319 700 393 722 nous
404 697 522 727 portons
535 699 551 719 a
567 696 648 719 votte
661 686 728 723 lang
743 686 777 716 &
790 693 843 714 vos
857 683 978 719 merites,
995 682 1027 711 &
1045 681 1071 710 le
1087 680 1159 710 desir
1172 689 1226 720 que
1239 688 1311 723 nous

249 740 339 764 avons
354 729 390 759 de
407 738 478 759 vous
492 727 592 757 rendre
605 725 735 764 persuade
750 723 786 754 de
801 730 884 752 notre
895 722 993 751 bonne
1006 720 1039 750 &
1055 719 1172 759 syncere
1188 719 1309 756 Amine,

249 770 277 801 la
293 768 383 808 quelle
398 777 470 798 vous
486 765 668 804 cognoistrez
681 774 728 803 par
743 762 782 792 les
795 759 895 791 effeils
907 760 961 789 lors
978 768 1034 796 que
1049 757 1202 802 l'occafion
1212 756 1238 786 se
1245 767 1309 795 pre-

249 808 372 845 sentem,
390 805 460 837 ainsi
472 815 527 843 que
540 814 613 836 nous
637 811 724 833 avons
743 797 918 830 commande
939 807 955 828 a
977 807 1012 827 ce
1033 795 1255 826 Gentilhomme
1273 797 1309 825 de

247 857 322 878 vous
335 845 460 877 declaret
476 843 536 880 plus
551 842 822 882 particulierement3
850 847 885 867 au
906 835 999 874 queis
1011 835 1070 866 fiius
1088 844 1162 879 nous
1181 833 1310 865 estendre

249 885 312 924 plus
327 893 428 923 avant,
445 892 518 912 nous
533 892 605 914 vous
615 881 710 921 prioris
723 874 891 916 d'adjouster
906 875 975 915 foy,
994 875 1027 907 &
1049 884 1142 905 crorre
1163 883 1218 914 que
1235 882 1310 904 nous

247 924 389 961 somnies,

353 1000 393 1032 M
412 1011 433 1030 o
452 1007 476 1030 N
515 996 623 1029 Cou
643 1005 656 1026 s
675 1005 689 1026 1
709 1002 751 1032 N,

699 1072 780 1100 Votre
796 1068 1014 1108 tresqffeft'ionne
1032 1067 1145 1108 Coufin,

904 1146 923 1186 J
943 1155 964 1177 A
983 1155 1004 1182 Q
1023 1154 1045 1175 υ
1067 1155 1085 1178 ε
1108 1154 1120 1175 s
1159 1143 1198 1173 R.

412 1227 440 1259 A
458 1225 553 1257 nostre
571 1224 666 1256 Palais
682 1224 715 1254 de
732 1222 929 1265 Wstminster,

451 1275 484 1297 ce
497 1274 528 1304 4.
546 1263 626 1296 Mars
643 1263 730 1304 1603.

287 1344 435 1414 Dfflfimon
448 1380 542 1421 Coufin
555 1379 581 1410 Ie
594 1379 704 1410 Comte
715 1377 752 1409 de
768 1377 904 1409 SoisIoris.

318 1508 346 1534 δὲ
372 1509 421 1541 De
443 1502 632 1549 Restitutione
647 1502 870 1548 Temporalium
883 1510 938 1546 pro
952 1496 1096 1546 Johanne
1119 1497 1243 1545 Bridges

640 1552 778 1598 Episcopo
804 1550 904 1584 Oxon.

229 1666 237 1673 .
257 1639 393 1698 REX,
412 1640 553 1672 Escaetori
567 1638 618 1669 suo
632 1638 661 1667 in
674 1635 825 1679 Comitatu
842 1632 986 1678 onniae,
1004 1632 1142 1662 Salutem.

357 1679 481 1710 Vacante
495 1687 583 1714 nuper
597 1675 671 1706 Sede
687 1672 849 1711 Episcopali
866 1671 967 1702 Oxon.
986 1680 1034 1708 per
1050 1671 1185 1701 Mortem
1200 1679 1312 1701 natuta-

197 1704 209 1748 .”
255 1717 312 1748 lem
331 1718 422 1749 ultimi
437 1716 569 1755 Episcopi
583 1713 707 1751 ibidem,
726 1712 898 1742 Decames&
921 1709 1077 1753 Capitulum
1099 1708 1234 1753 Ecclesiae
1252 1708 1309 1740 Ca-

204 1781 212 1789 .
254 1756 382 1787 thedralis
399 1756 499 1786 Oxon.
517 1752 679 1792 praedietae,
701 1749 831 1782 Licentia
852 1748 946 1779 nostra
969 1747 1054 1787 petita
1076 1757 1177 1785 pariter
1202 1748 1235 1778 ὃς
1256 1749 1311 1779 ob-

186 1819 191 1825 .
251 1795 332 1826 tenta
364 1795 502 1825 dilectum
516 1792 599 1823 nobis
614 1792 644 1822 in
659 1789 788 1827 Christo,
799 1787 960 1827 Johannem
967 1787 1081 1830 Brjdges
1095 1786 1189 1817 Sacrae
1206 1786 1311 1831 Theo-

250 1819 560 1873 logiae’Profeflorem,
577 1830 610 1861 &
626 1838 716 1868 nuper
732 1827 887 1859 Decanum
902 1825 1039 1858 Eccleuae
1063 1824 1239 1857 Cathedralis
1257 1826 1308 1857 Sa-

250 1869 688 1949 m‘Cui¹gueigletina'Ellielgtsicociiti'ug}1
696 1864 1150 1948 ggrszssrlig'eleelffgnlggssium'
1159 1902 1310 1935 Affensum

248 1949 378 1981 nostrum
394 1948 576 1979 adhibuimus
590 1946 690 1983 pariter
701 1943 735 1976 &
749 1943 899 1981 Favorem,
913 1942 1050 1981 ipfiusque
1065 1943 1088 1973 F
1090 1942 1240 1974 idelitatem
1256 1953 1311 1974 no-

248 1989 290 2019 bis
303 1988 430 2018 debitam
445 1996 497 2025 pro
519 1986 601 2017 dicto
621 1983 795 2024 Episcopatu
817 1982 975 2020 recepimus
986 1991 1052 2025 ,nac
1077 1981 1262 2026 Temporalia
1278 1993 1307 2014 e-

245 2026 356 2066 jusdem
374 2023 564 2065 Episcopatus
579 2023 723 2061 (exceptis
736 2022 874 2065 omnibus
890 2020 1026 2065 Manetus
1045 2043 1056 2059 ,
1073 2020 1189 2064 Terris,
1204 2021 1309 2065 Tene-

249 2066 352 2096 mentis
364 2065 397 2096 &
412 2063 664 2095 Haereditamentis
682 2069 751 2104 curn
775 2059 970 2104 PertinenniS,
994 2059 1133 2103 praedicio
1155 2059 1309 2100 Episcopa-

246 2106 288 2136 tui
304 2103 412 2134 dudum
427 2102 614 2140 spectantibus
631 2102 665 2132 &
679 2098 899 2139 pertinentibus,
918 2098 1010 2127 modo
1025 2108 1054 2127 in
1069 2108 1170 2128 manus
1187 2099 1308 2139 nostras,

247 2135 1065 2214 ἓῗῗῗξέἒζῗξάἓωὢὲῗῖρᾶἶῗῗῗέῗ[ᾖέξὲὲοἷιῗξιῗὲ
1077 2137 1308 2213 prgcigagitqffdag

248 2192 366 2251 edint&
383 2191 504 2257 proilili’,
530 2217 627 2248 eleffls
651 2217 684 2248 &
705 2187 794 2253 cagtis
809 2238 818 2252 ,
835 2214 854 2244 si
877 2224 947 2259 quae⁴
960 2199 1121 2258 hujusmodi
1138 2200 1258 2253 sint‚³ac
1278 2218 1308 2248 in

248 2259 401 2289 Scaccario
412 2257 509 2288 nostro
524 2256 559 2287 de
574 2254 712 2286 Recordo
735 2252 902 2290 remanen')
921 2263 949 2285 er
970 2253 1141 2284 restituimus
1160 2264 1209 2293 per
1228 2255 1308 2288 Prae-

247 2297 403 2366 strigisi'deo
425 2335 477 2365 tibi
500 2333 682 2372 praecipimus
701 2331 780 2372 quod
799 2330 921 2375 praefato
945 2329 1090 2374 Episcopo
1121 2330 1309 2370 Temporalia

246 2374 382 2414 praedic‘ta
395 2383 463 2404 cum
483 2371 663 2403 Pertinentiis
684 2372 716 2402 in
737 2370 840 2401 Ballrva
864 2378 909 2400 tua
937 2369 1080 2407 (exceptis
1105 2373 1307 2409 praeexceptis)

249 2415 306 2444 uni
320 2422 388 2443 cum
403 2411 531 2442 Exitibus
547 2411 580 2441 &
594 2409 733 2440 Proficuis
749 2409 814 2440 inde
830 2409 1067 2445 provenientibus
1083 2407 1139 2438 sive
1154 2411 1306 2441 crescenti-

248 2453 313 2489 bus,
331 2453 346 2480 ὲ
361 2451 500 2482 vicesimo
514 2457 612 2489 quarto
627 2448 688 2490 Die
696 2447 794 2478 Martii
807 2448 909 2490 ultimo
925 2448 1068 2489 ¹praeterito
1083 2447 1229 2486 hucusque
1246 2459 1313 2487 pro-

249 2490 392 2520 venientia
407 2489 464 2519 live
483 2487 653 2524 crelcentia,
672 2488 729 2516 line
741 2485 877 2515 dilatione
895 2484 1029 2522 Liberes,
1047 2483 1120 2515 salvo
1131 2485 1201 2524 Jure
1218 2489 1312 2526 cujus-

251 2528 333 2559 libet.
715 2536 718 2539 >

287 2602 378 2635 Teste
391 2601 473 2641 Rege
486 2600 560 2640 apud
576 2598 835 2639 Westmonasterium
848 2597 966 2628 decimo
981 2596 1059 2627 sexto
1076 2596 1134 2628 Die
1150 2597 1258 2630 Martii.

727 2682 781 2710 Per
799 2682 896 2709 Breve
910 2678 941 2707 de
963 2680 1084 2707 Privato
1104 2678 1205 2716 Sigillo,

247 2759 422 2793 ›Consimilia
441 2758 540 2790 Brevia
553 2757 712 2795 diriguntur
728 2755 922 2787 Escaetoribus
939 2753 1096 2792 subscriptis
1111 2756 1141 2786 iti
1159 2755 1317 2791 Comitati-

432 2799 483 2828 bus
496 2797 652 2835 subscriptis
667 2796 717 2826 sub
735 2794 807 2826 Data
822 2793 970 2832 praedic‘t23
988 2793 1140 2832 videlicet,

293 2874 433 2914 Escaetori
445 2872 495 2913 fi‘0
513 2876 542 2903 in
561 2875 633 2901 Com.
653 2871 738 2902 Berk.

295 2913 434 2953 Estaetori
445 2911 496 2951 suo
515 2915 545 2941 in
563 2914 632 2939 Com.
654 2910 738 2940 Buck.

296 2952 437 2992 Efiaetori
448 2951 497 2989 Jim
513 2953 542 2981 in
560 2953 631 2979 Com.
650 2951 726 2978 Leic.

296 2991 436 3031 Efiaetori
448 2989 499 3029 fiat
516 2992 544 3018 in
564 2991 634 3017 Com.
654 2985 837 3022 Northampt.

294 3065 333 3097 Et
349 3066 511 3096 mandatum
524 3064 565 3096 est
587 3063 745 3100 Militibus,
773 3061 882 3090 Liberis
904 3058 1103 3098 Hominibus,
1127 3062 1160 3092 &
1184 3063 1317 3094 omnibus

260 3105 317 3136 aliis
331 3104 511 3135 Tenentibus
525 3104 561 3133 de
578 3102 744 3140 Episcopatu
760 3099 915 3138 pruneto&
934 3099 1014 3136 quod
1030 3099 1123 3129 eidem
1141 3099 1316 3139 Ele50‚1an-

260 3153 348 3183 quam
368 3142 514 3181 Episcopo
527 3143 558 3172 ὅτ.
573 3140 706 3170 Domino
724 3140 791 3175 suo,
810 3139 837 3167 in
855 3138 1006 3179 omnibus,
1025 3147 1091 3175 quae
1115 3138 1149 3168 ad
1164 3138 1317 3179 Episcopa-

262 3192 325 3214 tum
340 3182 509 3219 ptaedic'tum
529 3179 687 3218 pertinent,
705 3176 883 3208 intendentes
896 3178 949 3206 lint
962 3177 996 3223 ξε
1019 3175 1220 3214 respondentes
1234 3188 1319 3218 prout

263 3221 358 3253 decer.

299 3259 332 3291 In
347 3258 426 3297 cujus
439 3258 496 3294 rei,
515 3256 575 3287 &c.

299 3335 390 3368 Teste
407 3342 439 3366 ut
457 3334 546 3372 supra.

160 3475 179 3509 ς
199 3475 219 3508 5
316 3473 374 3502 Pro
395 3465 537 3514 Johanne
564 3463 709 3512 Harding
736 3465 900 3499 Praelellore
919 3467 951 3497 in
970 3467 1092 3511 Lingua
1107 3463 1278 3500 Hebraica.

125 3558 256 3590 Ans-hl),
275 3552 393 3608 REX
411 3553 545 3583 omnibus
562 3551 597 3583 ad
613 3561 685 3589 quos
698 3551 844 3590 praesentes
860 3550 964 3581 Literae
981 3552 1173 3590 pervenerint,
1191 3550 1329 3583 Salutem.

148 3598 238 3637 1604,
391 3590 470 3621 Cum
488 3590 705 3627 praecliariffima
721 3590 809 3620 Soror
826 3589 919 3620 nostra
932 3589 1102 3619 Eliz'abetha
1117 3597 1199 3628 nuper
1220 3592 1327 3627 Regina

126 3640 188 3663 pn,
209 3647 236 3665 2,
275 3627 403 3665 AngHae,
420 3638 469 3665 per
484 3629 590 3660 Literas
604 3628 660 3659 suas
679 3630 809 3660 Patentes
823 3627 935 3667 Magno
952 3627 1049 3667 Sigillo
1064 3628 1116 3659 suo
1131 3628 1244 3666 Angliae
1256 3630 1274 3659 fi
1296 3630 1328 3659 il-

127 3673 195 3711 Jac,
219 3684 243 3702 ,-
277 3665 356 3702 latas,
374 3674 502 3701 gerentes
515 3667 621 3697 Datam
639 3668 711 3705 apud
728 3666 856 3698 NVestm.
881 3666 1002 3706 vicesimo
1016 3666 1130 3707 septimo
1153 3670 1208 3697 Die
1229 3666 1273 3705 Ju
1286 3671 1325 3707 ii,

127 3718 154 3748 p,
175 3713 217 3739 ης,
278 3704 366 3746 Anno
381 3703 476 3741 Regni
489 3705 527 3734 sui
538 3705 761 3744 quadragesimo,
779 3705 886 3736 dederit
902 3707 937 3737 &
951 3704 1118 3737 concesserit
1133 3704 1239 3736 dilecto
1251 3706 1327 3736 Sub-

131 3759 169 3778 m.
196 3759 242 3786 29,
278 3741 338 3771 diro
355 3741 403 3772 suo
423 3742 568 3772 Willielmo
583 3743 689 3773 Tharne
707 3745 819 3775 Artium
846 3743 1004 3782 MagistrO,
1029 3744 1147 3776 Locum
1171 3744 1326 3775 Praeleeto—

279 3780 315 3809 ris
332 3779 371 3809 sui
386 3781 414 3808 in
432 3779 539 3818 Lingua
556 3781 697 3812 Hebraica
719 3783 747 3812 in
771 3783 855 3813 Alma
880 3783 1036 3813 Academia
1057 3783 1101 3813 sua
1117 3782 1218 3813 Oxon.
1238 3793 1327 3821 nuper

279 3817 454 3860 fundatum'a
468 3817 648 3860 Sereniffimo
663 3820 744 3852 Patre
757 3821 824 3857 suo,
840 3820 1007 3851 feliciffimae
1024 3820 1195 3858 Memoriae,
1213 3824 1330 3852 Henrico

280 3856 407 3900 Οέξαῂαο,
427 3865 456 3885 in
470 3859 548 3886 ulum
563 3858 595 3887 ὃς
611 3859 774 3896 profe<stum
795 3858 956 3897 Juventutis
976 3860 1158 3898 Angficanae,
1182 3870 1216 3890 ac
1240 3861 1329 3899 ipsum

280 3892 457 3923 Wzllielmum
470 3894 574 3923 Tharne
589 3895 793 3928 Praelecftorem
808 3898 853 3928 seu
866 3896 1087 3929 Informatorem
1106 3898 1186 3929 suum
1207 3899 1236 3928 in
1254 3899 1331 3929 diota

281 3931 394 3973 Lingua
414 3931 556 3974 Hebraica
576 3935 683 3965 ibidem
706 3936 805 3967 fecerit
828 3936 1000 3969 ordinaverit
1025 3937 1060 3968 &
1081 3936 1262 3970 constituerit
1281 3947 1331 3976 per

279 3969 390 4003 easdem
407 3968 514 4000 Literas
527 3971 583 4001 suas
598 3971 742 4008 Parentes:

1349 105 1472 152 ns,
1551 102 1943 154 LITERAE,

1381 187 1526 232 Habenda
1541 189 1696 220 exercenda
1710 190 1744 220 &
1756 188 1926 225 occupanda
1941 187 2114 220 Leffionem
2137 187 2281 219 Officium
2296 189 2330 220 δε
2348 189 2410 222 Lo-
2428 186 2557 229 AnnAE,

1346 239 1422 270 cum·
1432 227 1585 267 praedidia,
1600 227 1719 265 praefato
1734 226 1882 256 Willielmo
1895 226 2000 256 Tharne
2011 227 2131 258 durante
2145 226 2327 267 Beneplacito
2349 229 2410 270 suo,
2456 227 2548 271 16047..

1346 264 2219 343 Ξῖὲεὲεξᾛπᾲιεεὲῖῆῑᾞιζξεενεεεῑὲπςέώςῇξεξες
2231 266 2412 345 essia
2432 263 2557 308 *⁴⁶¹³-

1348 343 1459 375 Manus
1467 329 1497 372 ’T
1506 343 1652 373 hesaurarii
1668 341 1805 371 Ecclesiae
1819 341 1996 373 Cathedralis
2015 342 2125 374 Christi
2149 343 2249 374 Oxon.
2268 353 2323 382 pro
2337 317 2412 377 [ἒξ-

1348 391 1417 419 pore
1434 381 1594 418 existentis,
1613 380 1647 411 ad
1661 389 1779 417 quatuor
1795 379 1874 410 Anni
1895 381 2068 420 Termin0s3
2086 382 2217 413 videlicet
2229 405 2239 421 ,
2255 384 2290 413 ad
2309 383 2406 424 Festa,

1347 421 1444 449 Sam‘li
1457 418 1603 449 Michaelis
1618 417 1802 455 Archangeli,
1825 418 1944 448 Natalis
1958 422 2071 450 Domini
2096 423 2333 453 Annumiationis
2346 423 2410 455 bea-

1349 465 1386 488 tae
1406 461 1511 488 Mariae
1535 460 1659 495 Virginis
1677 458 1710 488 ὃς
1730 458 1909 487 Nativitatis
1929 459 2024 487 Sanc‘li
2051 457 2198 497 Johannis
2219 460 2237 480 ²¹²
2258 462 2410 503 Baptistae,
2428 453 2445 470 ‘⁴
2459 454 2540 488 XVI-

1348 506 1398 535 per
1417 497 1538 536 aequales
1550 496 1704 527 Portiones
1715 496 1858 526 annuatim
1878 495 2038 535 solvendas,
2059 497 2114 527 una
2135 507 2203 529 cum
2225 501 2361 532 omnibus
2375 502 2410 533 δι
2428 500 2446 527 5
2448 501 2495 530 79-

1348 535 1457 573 lingulis
1474 536 1531 566 aliis
1550 535 1741 566 Libertatibus
1756 533 2106 572 PraeeminentiisJuribus
2126 537 2158 566 &
2180 535 2411 571 commoditati.

1347 574 1399 603 bus
1410 573 1489 605 dieto
1503 573 1617 605 Officio
1629 574 1686 604 sive
1704 573 1789 604 Loco
1803 571 1980 604 Praeledloris
1995 574 2210 611 quoquomodo
2222 575 2412 615 speetantibus

1349 611 1406 642 sive
1432 613 1636 652 pertInentibus
1654 621 1739 652 prout
1761 620 1809 650 per
1832 611 1944 643 easdem
1969 610 2078 643 Literas
2098 611 2230 644 Parentes
2247 614 2357 651 plenius
2374 618 2410 649 li-

1349 659 1448 696 quet&
1513 691 1518 696 .
1660 693 1663 695 .
1690 692 1695 696 .
1960 688 1965 694 .
2335 693 2341 700 .

1347 690 1450 759 Nil}
1459 688 1788 772 issugisl‘c’aia'iifssssizs
1800 687 2209 772 {Zssszeiliffiiiai'ssiffi
2224 699 2414 771 affliget?

1347 775 1454 798 certam
1469 768 1535 798 inde
1549 767 1688 798 habemus
1701 776 1852 805 notitiam,
1867 766 1901 797 &
1917 766 2001 796 nobis
2019 765 2185 797 humillime
2198 766 2366 806 supplicavit
2377 780 2411 804 ut

1345 805 1415 836 Nos
1432 806 1496 836 alias
1519 806 1626 837 Literas
1655 804 1761 836 nostras
1779 804 1909 836 Patentes
1933 806 1966 836 &
1987 805 2051 835 alias
2071 804 2278 836 Conceffiones
2301 809 2411 841 nostras

1347 844 1384 875 de
1401 843 1512 876 Officio
1526 845 1558 874 &
1578 845 1661 875 Loco
1673 843 1831 881 praedicto,
1846 853 1901 874 una
1914 852 1981 873 cum
1997 842 2092 874 Vadio
2109 844 2141 874 &
2158 843 2257 874 Feodo
2272 847 2413 885 praedicto

1346 883 1454 914 dilecto
1472 883 1595 914 Subdito
1617 882 1716 913 nostro
1738 881 1871 921 Johanm·
1893 882 2022 920 Harding
2037 882 2130 913 Sacrae
2151 881 2325 923 Theologiae
2340 885 2414 917 Pro-

1348 921 1462 960 feffori,
1483 923 1512 952 iri
1537 922 1630 953 forma
1648 922 1780 959 sequente
1800 921 1922 960 gratiose
1936 920 2028 952 facere
2048 922 2080 952 δε
2103 922 2264 953 concedere
2286 924 2314 953 di
2335 934 2415 956 nare·-

1349 969 1522 999 mu13quarn
1539 959 1653 998 quidem
1668 958 1974 991 Sursumredditionem
1988 968 2167 998 acceptamus
2182 970 2230 997 per
2245 961 2307 992 Prae
2319 971 2413 994 entes:

1385 1000 1484 1030 Sciatis
1501 1000 1583 1036 igitur
1602 999 1682 1037 quod
1697 998 1788 1036 Nos,
1805 997 1841 1028 de
1857 996 1957 1028 Gratia
1973 997 2067 1029 nostra
2086 998 2212 1036 speciali,
2229 1010 2264 1030 ac
2287 1011 2321 1031 ex
2338 1011 2416 1033 certa

1350 1037 1474 1069 Scientia
1488 1038 1521 1068 ὃς
1541 1046 1622 1067 mero
1637 1037 1728 1067 Motu
1743 1035 1845 1067 nostris
1857 1058 1867 1074 ,
1884 1035 2014 1067 dedimus
2027 1037 2061 1068 &
2081 1037 2290 1077 conceffimus,
2307 1049 2340 1070 ac
2362 1051 2414 1079 per

1348 1076 1511 1113 Praesentes,
1531 1086 1583 1113 pro
1596 1075 1696 1106 Nobis
1708 1074 1876 1106 Haeredibus
1889 1075 1922 1105 &
1944 1073 2159 1106 Successoribus
2174 1076 2291 1116 nostris,
2311 1078 2414 1111 damus

1349 1115 1384 1146 &
1405 1114 1593 1146 concedimus
1618 1113 1698 1144 dieto
1720 1113 1843 1144 Subdito
1867 1112 1967 1144 nostro
1987 1112 2118 1151 Johanni
2144 1115 2275 1153 Harding
2294 1115 2412 1150 Locum

1350 1153 1527 1185 Praeleetoris
1543 1152 1633 1183 nostri
1647 1153 1675 1182 in
1692 1152 1803 1192 Lingua
1822 1150 1962 1182 Hebraica
1985 1154 2015 1182 in
2034 1151 2119 1183 Alma
2143 1151 2296 1184 Academia
2317 1155 2411 1188 nostra

1351 1192 1452 1223 Oxou.
1472 1201 1562 1229 nuper
1576 1190 1725 1221 fundatum
1744 1193 1760 1221 a
1774 1189 1914 1228 praedicto
1925 1192 1993 1228 Rege
2008 1192 2125 1220 Hernico
2146 1192 2256 1222 Oblavo
2276 1194 2306 1223 in
2329 1195 2411 1226 usum

1351 1232 1385 1262 &
1402 1230 1566 1270 profestum
1579 1229 1742 1267 juventutis
1768 1228 1956 1268 Anglicanae,
1978 1238 2012 1259 ac
2034 1229 2128 1266 ipsum
2148 1229 2309 1267 Johannem
2330 1235 2411 1264 Har.

1346 1270 1410 1308 ding
1425 1268 1628 1299 Praeiestorem
1641 1268 1685 1298 seu
1699 1266 1929 1297 Informatorem
1943 1265 2074 1298 nostrum
2087 1268 2117 1297 in
2127 1267 2208 1298 dista
2222 1268 2331 1309 Lingua
2345 1271 2410 1305 He.

1352 1309 1443 1339 braica
1456 1306 1565 1338 ibidem
1582 1306 1704 1337 facimus
1717 1305 1883 1336 ordinamus
1900 1306 1934 1336 &
1946 1303 2144 1336 constituimus
2159 1316 2207 1343 per
2227 1306 2394 1348 Praesentes,

1386 1345 1531 1377 Habenda
1541 1345 1698 1376 exercenda
1712 1345 1745 1376 &
1759 1343 1930 1382 occupanda
1943 1343 2116 1374 Lectionem
2137 1343 2280 1376 Officium
2298 1348 2331 1379 δε
2352 1347 2416 1379 Lo-

1352 1394 1422 1415 cum
1442 1384 1593 1421 praedicta,
1614 1384 1734 1422 praefato
1757 1381 1889 1421 Johanni
1911 1382 2037 1421 Harding
2059 1382 2178 1414 durante
2199 1384 2268 1415 Vita
2296 1388 2415 1419 naturali

1353 1423 1361 1452 i
1384 1423 1434 1453 sius
1448 1421 1609 1462 Johannis,
1635 1422 1819 1462 percipiendo
1842 1420 1910 1452 inde
1933 1421 2028 1452 eidem
2049 1421 2180 1460 Johanni
2198 1424 2341 1463 Harding,
2359 1435 2413 1464 pro

1352 1433 1453 1492 Fpeodo
1469 1463 1501 1492 &
1516 1460 1666 1500 stipendio
1676 1461 1743 1498 suo,
1759 1459 1960 1501 Quadraginta
1972 1459 2076 1490 Libras
2090 1461 2177 1491 bonae
2191 1462 2223 1493 &
2237 1462 2330 1501 legalis
2340 1463 2414 1495 Mo-

1350 1509 1424 1531 netae
1441 1500 1569 1538 Angliae,
1588 1510 1637 1538 per
1652 1499 1759 1529 Manus
1769 1498 1947 1530 Thesaurarii
1962 1497 2094 1531 Ecclefiae
2106 1498 2285 1532 Cathedraiis
2300 1500 2411 1534 Christi

1352 1539 1456 1570 Oxon.
1470 1548 1522 1576 pro
1541 1548 1674 1576 tempore
1683 1537 1840 1575 existentis,
1856 1536 1890 1568 ad
1904 1545 2025 1575 quatuor
2041 1537 2120 1568 Anni
2136 1538 2293 1570 Terminos
2304 1551 2314 1577 3
2327 1541 2409 1572 vide-

1350 1577 1434 1614 licet,
1451 1578 1487 1608 ad
1506 1577 1586 1607 Festa
1600 1578 1782 1607 Nativitatis
1796 1575 2043 1615 Sanc‘tiJohannis
2062 1577 2213 1615 Baptistae‚
2231 1579 2328 1609 Sanc'li
2349 1583 2410 1610 Ma·-

1349 1615 1449 1646 chaelis
1462 1615 1650 1653 Archangeli,
1669 1614 1783 1647 Natalis
1797 1617 1913 1646 Domini
1927 1616 1959 1647 &
1975 1618 2214 1646 Annunciationis
2231 1616 2320 1647 beatae
2339 1621 2409 1649 lila-

1350 1658 1398 1684 riae
1414 1657 1552 1693 Virginis,
1570 1664 1619 1691 per
1633 1655 1751 1692 aequales
1766 1654 1917 1684 Portiones
1935 1654 2078 1685 annuatim
2095 1653 2258 1693 solvendas,
2274 1657 2328 1687 uria
2341 1666 2412 1688 cum

1350 1694 1486 1724 omnibus
1511 1694 1544 1724 &
1568 1693 1680 1731 lingulis
1703 1693 1760 1724 aliis
1785 1692 1973 1725 Libertatibus
1993 1692 2218 1724 Praeeminentiis
2241 1693 2358 1733 Juribus
2377 1696 2413 1727 δε

1351 1731 1622 1765 Commoditatibus
1636 1731 1716 1763 dicto
1730 1730 1843 1763 Officio
1860 1731 1914 1762 sive
1930 1730 2016 1762 Loco
2031 1729 2209 1763 Praeledtoris
2223 1742 2412 1772 quoquomo-

1349 1769 1390 1801 do
1405 1770 1592 1808 spectantibus
1608 1770 1664 1801 five
1678 1770 1892 1808 pertinentibus,
1904 1779 1938 1801 ac
1953 1770 1983 1800 in
1999 1777 2060 1800 tarn
2077 1770 2176 1809 amplis
2193 1771 2283 1801 modo
2300 1772 2333 1803 &
2350 1773 2410 1804 for-

1350 1819 1397 1840 ma
1414 1817 1500 1847 prout
1513 1808 1627 1847 quidam
1642 1807 1758 1840 Thomas
1767 1810 1844 1846 King
1861 1807 1929 1846 myll
1941 1816 1987 1840 aut
2002 1807 2131 1846 praefatus
2146 1808 2310 1841 Willielmus
2322 1811 2410 1842 Thor-

1349 1859 1383 1878 ne
1399 1857 1446 1879 aut
1463 1847 1561 1885 aliquis
1579 1847 1646 1878 alius
1659 1847 1716 1878 five
1728 1847 1839 1884 aliquia
1852 1847 1871 1877 ii
1884 1845 2027 1877 Officium
2042 1846 2098 1878 sive
2107 1846 2223 1878 Locum
2261 1849 2410 1882 raedietum

1347 1884 1822 1963 ἓέἷὲἓὲἒῗέἶξεῗέξέἕὲἷῗαῖῗῖἱᾶ
1835 1884 2270 1964 &atdsssssssstsssszssvtxffihz
2277 1887 2412 1967 {352323

1349 1963 1463 1996 Officii:

1383 2002 1429 2035 Eo
1441 2002 1523 2044 quod
1537 2002 1662 2043 expreffa
1676 2002 1804 2042 mentio,
1819 2002 1883 2034 &c-

1403 2080 1440 2113 In
1459 2081 1538 2122 cujus
1554 2082 1612 2121 rei,
1629 2082 1691 2115 &c.

1380 2162 1472 2232 i'lIJeste
1486 2162 1568 2202 Rege
1582 2162 1657 2203 apud
1680 2159 1960 2203 westmonasterium,
1984 2159 2124 2193 vicesimo
2149 2160 2272 2200 septimo
2289 2159 2348 2194 Die
2371 2161 2414 2198 Af

1346 2211 1379 2241 pr
1401 2212 1434 2234 is.

1777 2274 1782 2280 '
1834 2278 1888 2307 Per
1911 2278 2000 2307 Breve
2017 2275 2050 2306 de
2068 2278 2190 2307 Privato
2207 2276 2307 2315 Sigillo.

1396 2461 1446 2493 De
1464 2456 1718 2491 communicando
1743 2460 1780 2495 (ῤ’
1804 2454 1976 2490 Τναὲἶαηιίσ
2000 2467 2070 2489 cnm
2098 2451 2369 2502 Ambaffidtoribus

1672 2506 1823 2551 Hispaniae
1847 2508 1883 2544 αἱ·
1908 2504 2096 2552 Burgundiae.

1355 2589 1487 2647 'REX⁷
1505 2590 1566 2621 &c.
1583 2589 1720 2619 omnibus
1733 2587 1766 2617 ad
1780 2597 1869 2626 quos,
1886 2590 1948 2621 &c.
1963 2589 2098 2621 Salutem.
2433 2591 2557 2624 Ann.D⁴

1391 2665 1396 2670 .
1465 2627 1586 2658 Notum
1602 2627 1722 2657 facimus
1736 2627 1815 2665 quod
1832 2628 1902 2657 curn
1925 2627 2008 2667 Nos,
2027 2628 2042 2658 a
2066 2626 2230 2659 Nativitate
2249 2627 2362 2668 nostra,
2380 2629 2414 2661 δε
2454 2631 2540 2672 1604.

1375 2674 1451 2697 rimo
1468 2667 1496 2696 in
1512 2666 1652 2705 Regnum
1666 2663 1794 2695 nostrum
1810 2665 1918 2695 Scotiae
1931 2666 2066 2704 introitu,
2083 2675 2142 2696 non
2159 2665 2252 2697 solnm
2275 2667 2415 2698 concordi
2433 2675 2490 2699 κη.

1353 2675 1431 2736 Pace
1448 2704 1521 2735 infra
1536 2704 1635 2743 Regni
1648 2703 1772 2741 ejusdem
1787 2703 1910 2741 viscera,
1929 2702 1976 2734 sed
1990 2705 2075 2734 etiarn
2090 2713 2157 2734 cum
2181 2703 2310 2743 Regibus
2330 2705 2414 2736 Prin·
2433 2710 2548 2738 Trac‘lat.

1355 2745 1466 2781 cipibus
1486 2753 1520 2775 ac
1537 2741 1755 2780 Rebuspublicis
1771 2740 1941 2771 Christianis
1958 2752 2037 2773 exrra
2049 2742 2143 2773 nostra
2158 2742 2318 2782 Dominia,
2342 2744 2410 2775 DEI
2431 2749 2511 2776 Annis
2534 2757 2557 2776 2.

1354 2782 1491 2813 OPTIMI
1516 2780 1653 2811 Maxim
1666 2779 1832 2823 beneficio,
1853 2780 1990 2812 haetenus
2010 2780 2128 2812 feliciter
2150 2783 2233 2818 potiti
2260 2783 2412 2822 fuerimus,
2432 2785 2465 2820 (7-
2486 2795 2511 2823 3.

1355 2821 1482 2858 ejusdem
1496 2829 1591 2851 tamen
1604 2819 1685 2849 Pacis
1698 2818 1817 2857 fruetus,
1829 2818 1893 2857 post
1907 2819 2037 2858 adeptam
2050 2819 2135 2859 hujus
2149 2820 2246 2860 Regni
2261 2821 2415 2853 Poffeffio-
2433 2825 2494 2863 Jac.
2515 2833 2537 2852 i.

1355 2869 1427 2890 nem
1438 2881 1448 2897 ,
1465 2858 1610 2889 efficacius
1624 2858 1825 2896 percepimus,
1843 2858 2077 2897 quandoquidem
2091 2868 2127 2890 ex
2146 2861 2245 2889 eadem
2266 2859 2342 2891 Pace
2360 2861 2416 2900 qua
2433 2874 2471 2893 m.
2494 2871 2534 2890 ir.

1356 2908 1426 2928 cum
1438 2898 1571 2927 omnibus
1586 2895 1753 2927 Christianis
1768 2895 1947 2933 Principibus
1961 2897 1991 2927 in
2008 2897 2128 2928 Persona
2143 2897 2238 2929 nostra
2251 2900 2325 2938 prius
2341 2899 2417 2930 frue-

1356 2937 1472 2974 bamur,
1487 2936 1552 2974 post
1569 2934 1699 2965 nostrum
1713 2935 1742 2964 in
1756 2934 1816 2964 hoc
1832 2934 1971 2974 Regnum
1988 2935 2100 2975 Angliae
2113 2935 2285 2976 adventum,
2305 2937 2339 2969 ad
2358 2939 2418 2970 Po-

1355 2975 1455 3015 pulum
1472 2974 1601 3005 nostrum
1619 2973 1668 3003 hic
1683 2973 1839 3012 degentem
1856 2973 2102 3012 Tranquillitatem
2125 2975 2277 3006 universim
2296 2976 2417 3007 adduxi-

1356 3023 1421 3044 mus
1430 3036 1440 3051 ,
1457 3011 1626 3051 Populoque
1642 3012 1778 3042 diuturnis
1796 3012 1876 3042 Bellis
1889 3014 1922 3044 &
1932 3013 2159 3045 Dissentionibus
2173 3024 2243 3045 curn
2255 3015 2313 3046 aliis
2327 3015 2417 3046 Chri-

1357 3052 1452 3082 stianis
1477 3052 1604 3091 Regibus
1624 3051 1657 3081 &
1684 3050 1882 3090 Principibus,
1905 3052 1939 3083 &
1966 3054 2155 3091 nominatim,
2180 3063 2248 3084 cum
2274 3053 2418 3085 Fratribus

1357 3090 1543 3121 Sereniffimo
1557 3088 1679 3128 Philippo
1690 3113 1699 3126 ,
1715 3090 1774 3127 ejus
1789 3089 1932 3120 Nominis
1958 3089 2062 3122 Tertio
2076 3115 2085 3128 ‚
2110 3093 2179 3129 Rege
2201 3091 2419 3131 Hispaniarum,

1356 3139 1390 3160 ac
1408 3128 1594 3160 Sereniffimis
1614 3127 1737 3158 Alberto
1759 3128 1792 3159 &
1813 3127 1933 3168 Isbbella
1958 3128 2043 3159 Clara
2064 3133 2189 3168 Eugenia
2217 3130 2419 3161 Archiducibus

1358 3168 1496 3206 Austriae,
1516 3168 1665 3204 implicato
1678 3176 1711 3196 ac
1727 3166 1881 3205 involuto‚'
1892 3166 2094 3199 Concordiam
2109 3171 2143 3201 &
2164 3168 2301 3206 Quietem
2315 3171 2414 3201 conci-

1358 3206 1502 3243 liavimus,
1519 3205 1591 3236 adeo
1607 3213 1637 3235 ut
1648 3205 1731 3234 citius
1745 3205 1776 3234 in
1790 3204 1928 3244 Regnum
1942 3205 2002 3236 hoc
2015 3208 2145 3238 nostrum
2159 3217 2218 3238 non
2240 3210 2419 3247 venerimus,

1359 3254 1446 3281 quam
1461 3246 1478 3274 a
1495 3242 1679 3285 Charissimis
1688 3243 1712 3272 F
1713 3243 1830 3273 ratribus
1845 3244 1945 3275 nostris
1963 3243 2136 3278 Invitatioue
2150 3245 2329 3286 honorifica,
2347 3255 2418 3278 curti

1360 3283 1474 3313 sinceris
1490 3280 1734 3312 Gratulationibus
1748 3281 1848 3312 referta
1865 3283 1901 3313 de
1918 3283 2012 3315 nostra
2023 3285 2097 3323 justa
2116 3287 2149 3317 &
2193 3285 2291 3316 acifica
2307 3287 2337 3316 in
2356 3285 2419 3316 Re-

1359 3330 1451 3360 gnum
1467 3319 1650 3350 Succeffione
1658 3343 1667 3358 ,
1691 3328 1753 3350 tum
1765 3321 1848 3351 etiam
1862 3320 2064 3354 Declaratione
2077 3325 2111 3354 ὃς
2127 3324 2154 3354 Α
2181 3325 2340 3355 ecuratione
2354 3333 2419 3354 mu-

1361 3359 1438 3397 nita,
1454 3358 1489 3388 de
1508 3358 1652 3389 voluntate
1666 3358 1834 3390 eorumdem
1849 3361 1983 3398 propensa
2004 3372 2037 3393 ac
2058 3363 2178 3400 proclivi
2197 3361 2232 3392 ad
2252 3362 2357 3394 Pacem
2376 3361 2420 3392 A-

1363 3398 1577 3434 aricinamque,
1595 3406 1661 3435 quas
1679 3398 1813 3428 hactenus
1833 3397 1901 3428 Nos
1915 3402 2017 3431 mutuo
2033 3401 2187 3438 coluimus,
2205 3401 2239 3431 &
2255 3410 2322 3440 quas
2337 3401 2352 3430 a
2366 3399 2419 3430 Pa-

1363 3436 1490 3467 rentibus
1504 3437 1537 3466 &
1558 3436 1576 3454 ⁴⁸
1598 3436 1830 3467 Antecefforibus
1848 3437 1951 3469 nostris
1967 3439 2123 3478 respefflve
2133 3438 2300 3478 suscepimus
2316 3439 2350 3469 &
2363 3441 2419 3470 ob·
2434 3434 2451 3452 ⁸
2466 3431 2546 3461 XVI·

1364 3474 1548 3517 servavimus,
1567 3483 1646 3517 nunc
1662 3476 1748 3505 etiam
1764 3476 1972 3508 confirmandas
1987 3479 2019 3508 ὃ(
2042 3477 2158 3508 firmiter
2181 3476 2356 3507 stabiliendas
2376 3487 2418 3508 re·
2435 3482 2453 3510 5
2456 3473 2501 3500 30·

1366 3522 1544 3550 ceperimus;
1562 3511 1616 3542 hirs
1630 3513 1715 3580 ιῇἰωτ
1740 3514 1873 3552 adducti,
1897 3518 1931 3546 ὃς
1953 3515 2114 3546 Christian&
2136 3515 2244 3552 insuper
2267 3513 2418 3553 Regiaque

1367 3550 1448 3580 Cura
1459 3573 1468 3588 ,
1488 3560 1574 3588 quarn
1588 3551 1622 3581 ad
1661 3561 1743 3582 acem
1757 3562 1825 3582 cum
1840 3555 1974 3584 omnibus
1989 3553 2160 3585 Christianis
2184 3553 2364 3592 Principibus
2383 3556 2418 3585 δε

1364 3589 1515 3627 speciatim
1531 3598 1599 3618 cum
1612 3588 1789 3621 Chariffimis
1801 3592 1944 3621 Fratribus
1955 3592 2096 3631 praediC’tis
2109 3593 2227 3622 libenter
2239 3590 2367 3622 favemus
2385 3595 2420 3625 &

1365 3627 1582 3665 amplectimur,
1601 3630 1743 3667 permoti,
1760 3638 1819 3660 tarn
1833 3629 1989 3661 Christiani
2005 3630 2117 3660 Officio
2137 3630 2223 3667 quam
2241 3628 2331 3668 Regis
2348 3630 2420 3663 Mu-

1365 3676 1432 3697 nere
1445 3665 1600 3705 obstringi,
1618 3678 1672 3698 nos
1687 3668 1911 3699 existimavimus
1925 3678 1986 3698 non
1998 3668 2088 3698 solum
2103 3667 2138 3699 ad
2152 3667 2255 3697 Pacem
2277 3679 2311 3698 ac
2336 3669 2422 3700 Ami-

1365 3706 1462 3736 citiam
1477 3706 1622 3742 antiquam
1634 3707 1876 3744 continuandam,
1891 3706 1954 3745 sed,
1973 3715 2003 3736 ut
2017 3706 2161 3736 Obicibus
2176 3716 2209 3736 ac
2223 3705 2420 3745 impedimen-

1368 3745 1403 3773 tis
1418 3745 1502 3773 etism
1518 3745 1731 3783 quibuscunque
1746 3746 1863 3781 amotis,
1881 3746 1914 3775 ad
1931 3746 2042 3774 mature
2055 3743 2266 3781 providendum
2278 3747 2316 3775 ne
2339 3748 2422 3785 quid-

1366 3791 1451 3820 quam
1471 3781 1587 3818 posthac
1601 3785 1666 3813 oriri
1684 3784 1768 3821 possit
1785 3783 1863 3821 quod
1884 3783 1964 3813 Pacis
1978 3782 2180 3819 Amicitiaeque
2200 3783 2423 3824 conservationi,

1366 3820 1441 3850 unde
1458 3819 1584 3858 Populus
1599 3821 1708 3853 fruetus
1724 3824 1868 3853 uberimos
1884 3821 1965 3851 facile
1985 3821 2137 3858 percipiet,
2155 3822 2269 3852 obstare
2290 3833 2424 3863 quoquo-

1367 3859 1458 3889 modo
1477 3858 1582 3897 valeat,
1598 3870 1682 3897 atque
1697 3861 1785 3898 huie,
1803 3859 1867 3897 post
1891 3859 2140 3890 Deliberationem
2164 3870 2319 3900 congruam
2339 3886 2348 3900 ,
2368 3863 2424 3894 fre⁴

1367 3896 1538 3936 quentesque
1554 3897 1588 3928 de
1602 3898 1656 3929 hiis
1674 3899 1815 3936 Negotiis
1830 3908 1897 3928 cum
1911 3896 2088 3928 Charisfimis
2102 3900 2249 3930 Fratribus
2266 3900 2426 3940 Intelligen-

1368 3938 1469 3967 tiarum
1484 3934 1676 3974 Intercursus,
1695 3937 1811 3968 tandem
1827 3937 1900 3967 inter
1916 3935 1984 3966 Nos
2000 3945 2176 3967 conventum
2192 3940 2223 3969 ὃς
2240 3939 2430 3970 constitutum

1372 3975 1467 4007 extitit
1487 3973 1523 4005 de
1546 3976 1691 4008 amicabili
1717 3975 1938 4007 consultatione
1959 3973 2097 4006 Traetatu
2120 3976 2153 4007 ὃς
2178 3975 2337 4010 Conventu
2359 3977 2432 4010 infra

2375 4015 2436 4047 Rev
