2557 4279
0 334 74 369 Ᾱῃῃ.
85 322 126 357 D·

19 371 103 404 1602.

0 422 45 449 44.
66 407 132 434 ΕΠΖ.-

1 456 58 487 Reg.

37 523 94 561 55

2 601 132 630 Biblcol-

3 649 53 668 ron.
72 633 132 662 Gal-

5 679 37 705 ba
47 680 133 708 D.¹3·

0 715 46 752 fol.
72 721 133 748 390·

667 233 778 275 ET
861 231 1121 274 ACTA
1202 228 1683 274 PUBLICA.

195 418 253 455 Ad
273 420 418 465 Reginam
439 429 460 449 a
484 417 597 449 Barone
621 418 652 448 in
675 414 923 464 Minquitzbnrg
945 418 982 454 ἔφ’
1005 416 1156 448 Drenaw.

202 505 369 547 Serenisfima
387 501 426 541 ῤ’
445 504 633 546 Potentisfima
650 508 752 543 Regina
775 507 895 535 Domina
915 502 1144 543 Clementisfima,

204 585 340 616 Uantum
354 593 453 614 meum
472 582 594 614 studium
609 583 638 613 in
650 582 725 613 Pace
738 581 850 621 publica
871 582 904 612 &
928 581 1081 611 communi
1095 578 1208 610 Princi-

148 589 207 657 Q
222 633 292 662 pum
310 623 445 653 Amicitia
458 623 526 653 sarta
545 622 619 653 tecta
642 619 831 651 conservanda
849 619 957 658 semper
974 619 1074 655 fuerit,
1094 620 1205 655 Regiam

147 663 268 702 vestram
283 660 460 701 Majestaeem
476 671 511 692 ex
526 660 708 691 relationibus
721 658 833 688 suorum
849 665 922 695 puto
936 657 996 688 satis
1014 656 1185 687 intellexisse.

185 702 267 732 Licet
280 701 357 731 enim
378 700 468 736 mihi,
486 700 524 730 fic
539 698 594 729 aliis
612 698 794 734 urgentibus,
811 704 875 725 ante
890 696 1008 726 Annum
1017 696 1091 732 fere,
1109 695 1146 725 ab
1154 698 1204 724 In-

148 739 220 781 clyta
236 738 386 779 Majestate
398 738 538 778 Caesarea,
556 735 690 774 publicati
702 735 741 765 sui
762 734 857 765 EdiCti
876 734 1020 764 exsecutio
1037 734 1118 771 plene
1135 733 1206 763 effet

146 779 330 817 demandata,
356 787 448 808 tamen
473 776 542 806 cum
561 775 628 805 huic
654 775 710 811 rei,
728 774 858 804 extremis
881 773 1010 803 adhibitis
1034 772 1203 808 Remediis,

148 829 208 848 nnn
224 817 349 848 omnino
365 814 524 847 consultum
538 812 680 850 viderem,
697 812 825 849 adeoque
837 811 872 841 ad
887 819 1013 842 mutuam
1031 812 1161 848 utrinque
1177 820 1206 840 a-

147 858 296 887 nimorum
309 853 545 893 conjunctionem
562 850 738 881 retinendam
752 852 785 882 &
801 860 854 887 pro
875 849 1029 888 agandam,
1046 849 1115 879 nihil
1129 849 1203 888 prius

147 894 304 932 amicabili,
321 892 339 923 fi
355 891 443 930 poffet
455 889 530 927 fieri,
547 889 729 920 Tractatione
742 897 826 926 atque
870 887 1066 925 ompositione
1076 886 1204 917 animad-

148 943 306 969 verterem,
323 930 401 961 facile
423 928 513 967 paffus
535 928 613 966 sum,
642 927 678 957 ad
697 926 859 958 instantiam
882 926 1007 957 maxime
1027 927 1060 956 &
1086 925 1206 956 oblatio-

151 982 218 1002 nem
233 971 349 1002 senatus
363 966 514 1007 Stadenfis,
532 976 597 1005 me,
614 968 629 996 a
649 965 800 997 commiss‘a
814 966 848 997 &
870 965 1012 1004 proposita
1036 963 1204 1002 exsequendi

151 1013 213 1048 via,
230 1008 264 1039 ad
277 1009 348 1037 hanc
362 1016 426 1043 quae
441 1015 520 1036 nunc
534 1015 592 1044 prae
608 1005 741 1035 manibus
756 1004 797 1034 est
819 1005 909 1042 magis
931 1012 1041 1042 gratam
1064 1003 1097 1034 δε
1119 1001 1205 1039 profi-

150 1056 234 1079 cuam
247 1044 380 1076 tractandi
391 1045 531 1075 rationem
546 1043 680 1082 perduci;
699 1044 814 1074 interim
834 1044 905 1073 vero
921 1041 1026 1073 accidit
1039 1040 1132 1072 utalia
1149 1041 1203 1069 mi-

152 1088 181 1117 hi
196 1079 388 1120 CommisIiO,
407 1083 526 1113 nomine
540 1086 629 1112 Sacrae
650 1084 837 1120 Imperatoriae
852 1080 1028 1121 Maiestatis,
1046 1081 1076 1110 in
1098 1078 1203 1109 Comi<

149 1133 207 1156 tatu
223 1121 314 1162 Fristae
332 1120 504 1160 orientalis,
518 1122 589 1152 inter
605 1121 772 1151 Dominum
791 1123 919 1150 Comitem
940 1120 1051 1158 ejusque
1071 1117 1207 1149 Subditos

149 1161 320 1199 expedienda
333 1160 541 1199 injungeretur,
560 1161 589 1190 in
604 1169 658 1197 qua
671 1158 742 1190 dum
757 1159 867 1198 versor,
885 1160 918 1189 &
934 1160 965 1188 in
977 1157 1074 1189 Terris
1090 1156 1205 1187 Feudo-

148 1210 204 1240 que
219 1199 333 1237 Imperii
348 1199 479 1229 Romani
489 1209 554 1237 quae
570 1199 599 1228 in
614 1197 752 1229 mandatis
773 1198 923 1235 haberem,
942 1206 1028 1235 atque
1049 1204 1083 1226 ex
1104 1195 1203 1232 Repu-

147 1238 224 1269 blica
237 1238 399 1269 viderentur
412 1237 548 1276 expedi0,
564 1246 664 1274 praeter
682 1237 817 1267 omnium
832 1236 926 1275 spem,
945 1239 1042 1266 Status
1056 1237 1207 1264 Unitarum

150 1280 360 1307 Provinciarum
381 1275 537 1313 Belgiarum
564 1274 672 1305 Milites
694 1275 873 1312 conscriptos
887 1285 925 1305 eo
947 1275 1087 1313 ablegant,
1107 1272 1206 1301 Urbem

148 1313 328 1354 Embdensem
342 1314 478 1346 violenter
494 1314 695 1351 intercipiunt,
712 1314 855 1352 detinent,
869 1312 1008 1344 Subditos
1022 1320 1122 1343 contra
1138 1310 1207 1340 Ma-

148 1354 296 1393 gistratum
308 1354 472 1391 concitant,
488 1354 521 1384 &
540 1352 707 1384 Dominum
721 1353 867 1390 proprium
882 1352 1004 1382 Ditione
1024 1358 1147 1387 exuunt,
1165 1350 1209 1386 ip-

149 1397 265 1431 samque
280 1394 488 1430 Imperatoriam
506 1389 684 1430 Majestatem
707 1392 735 1420 in
753 1391 908 1422 exercenda
929 1391 974 1421 sua
992 1388 1211 1429 Jurisdietione,

150 1432 261 1462 armatis
276 1430 395 1469 Copiis,
412 1430 529 1460 inimice
544 1429 721 1467 impediunt,
742 1429 833 1467 Quod
847 1428 1002 1467 equidem,
1020 1436 1051 1459 ut
1070 1426 1209 1457 hostilita-

150 1472 184 1501 tis
197 1469 405 1508 plenissimum,
425 1468 506 1499 nullo
525 1468 624 1499 colore
644 1468 791 1506 specieque
805 1466 881 1506 Juris
901 1477 948 1498 aut
968 1467 1048 1497 ullius
1046 1466 1205 1512 )egitimae

151 1508 342 1550 praetensionis
355 1507 476 1537 colorari
498 1506 542 1536 vel
564 1505 683 1536 excusari
704 1506 812 1543 porest3
833 1516 993 1545 quanquam
1016 1514 1093 1536 enirn
1117 1503 1208 1534 videri

151 1546 242 1578 velint
257 1547 373 1583 omnia,
392 1554 452 1575 tum
473 1545 508 1575 ad
525 1544 679 1575 Recess'ut'n
695 1543 856 1583 Delphicum
871 1543 1131 1580 manutenendum,
1146 1551 1209 1572 tum

152 1586 190 1616 ne
206 1585 308 1615 Portus
319 1581 478 1622 Embdenfis
495 1584 524 1613 in
536 1581 720 1622 Hispanorum
736 1593 835 1613 manus
847 1584 992 1620 deveniat,
1005 1582 1097 1612 facere
1110 1589 1207 1611 tamen

149 1623 228 1661 quod
239 1622 410 1660 jamdudum
420 1625 505 1652 Sacra
519 1620 655 1659 Majestas
671 1620 795 1660 Caesarea
804 1621 879 1651 suam
886 1621 922 1652 de
930 1620 1055 1651 Receffu
1071 1618 1126 1650 isto
1135 1619 1208 1649 Sen-

149 1663 268 1692 tentiam
285 1660 446 1700 protulerit,
461 1659 586 1699 quidque
599 1659 713 1698 desuper
730 1659 789 1690 fieri
809 1660 873 1690 velit
892 1658 1073 1698 disposuerit,
1091 1666 1208 1688 contra-

150 1711 207 1739 que
221 1700 375 1738 quicquam
387 1699 488 1729 tentari
501 1707 548 1729 aut
563 1697 675 1728 admitti
690 1698 798 1736 utrique
816 1697 890 1729 Parti
906 1697 1001 1728 severe
1017 1696 1212 1733 interdixerit;

151 1748 212 1769 non
228 1738 376 1775 oportebat
396 1740 495 1767 Status
517 1735 637 1774 Belgicus
652 1737 682 1766 in
701 1745 758 1774 eo,
775 1746 875 1767 contra
896 1745 1017 1767 ornnem
1035 1735 1112 1774 Juris
1125 1735 1210 1765 ratio—

149 1787 232 1815 nem,
247 1775 319 1807 ade'o
336 1776 470 1807 sollicitos
482 1775 556 1813 effe,
575 1775 599 1805 F
600 1775 744 1812 alcemque
759 1776 790 1806 in
804 1775 925 1806 alienam
942 1773 1069 1804 Meffem
1085 1773 1209 1811 mittere,

150 1814 200 1847 De
215 1814 303 1846 altero
318 1817 389 1846 vero
401 1814 529 1845 omnino
542 1814 653 1844 nullum
673 1814 715 1844 est
731 1814 905 1852 periculum,
924 1822 1113 1852 praeterquam
1131 1812 1210 1843 enim

149 1864 210 1884 non
225 1854 352 1884 videatur
366 1853 513 1883 verisimile
521 1853 610 1892 ipsum
621 1855 767 1892 Comitem,
785 1862 886 1883 contra
899 1852 993 1882 datam
1008 1851 1136 1889 Imperio
1146 1850 1211 1880 Ro-

152 1903 241 1923 mano
254 1892 356 1922 Fidem
368 1891 465 1929 suam,
478 1892 511 1922 &
534 1891 652 1929 quidem
667 1891 750 1929 ipsius
770 1890 886 1929 Imperii
904 1890 1087 1929 Religionem
1110 1888 1144 1920 ad
1162 1897 1212 1919 ex-

150 1938 283 1961 traneum
294 1930 411 1967 Regem
424 1929 617 1960 translaturum
630 1929 663 1960 &
678 1930 778 1967 sponte
791 1930 978 1966 serviturum,
994 1929 1058 1967 Ego
1072 1928 1157 1958 etiam
1176 1927 1211 1957 &

151 1969 301 2014 adjundtus
317 1969 390 1999 mihi
402 1967 636 2004 Commissarius,
655 1967 674 1997 fi
687 1978 752 2006 quae
765 1971 863 1998 Status
884 1967 982 2005 Belgici
1002 1968 1061 2005 ejus
1080 1966 1215 2004 suspicio-

144 2007 195 2039 >nis
213 2009 348 2038 haberent
360 2006 489 2045 judicia,
505 2006 526 2037 si
539 2016 603 2045 quae
616 2004 818 2044 Testimonia,
838 2007 856 2036 si
871 2017 937 2044 quas
951 2006 1074 2044 Literas,
1090 2013 1121 2035 ut
1135 2013 1215 2049 aper-

6 2171 26 2191 *
37 2170 118 2199 XVI.

8 2218 72 2247 477-

152 2047 183 2077 te
197 2045 349 2076 nobiscum
363 2054 495 2084 agerent,
514 2046 779 2083 communicarent,
797 2045 954 2075 indicarent
967 2044 1083 2082 Scripto
1104 2052 1216 2082 rogavi-

152 2094 233 2122 mus,
252 2083 297 2115 sed
311 2084 381 2114 nihil
399 2083 433 2114 ad
445 2083 520 2114 hanc
542 2082 630 2121 usque
643 2082 746 2113 horam
762 2084 901 2121 vidimus,
919 2083 990 2113 nihil
1010 2083 1218 2121 cognovimus;

151 2123 312 2157 obtulimus
325 2123 410 2153 etiam
426 2122 459 2152 ad
481 2131 601 2151 omnem
616 2120 772 2152 istiusmodi
791 2131 970 2159 conceptum
986 2122 1120 2152 timorem
1137 2130 1217 2158 pror-

152 2162 194 2193 sus
213 2166 224 2178 *
243 2160 442 2192 excutiendum
454 2183 463 2198 ‚
481 2161 600 2190 nomine
617 2163 746 2197 Comitis,
763 2160 937 2191 Cautionein
952 2159 1215 2192 sufficientissimam

153 2198 286 2239 Caesarem
301 2199 371 2229 nihil
381 2198 457 2236 Juris
472 2197 601 2235 Hispano
617 2198 770 2236 ceffurum,
789 2198 1008 2237 significavimus
1033 2208 1062 2229 ut
1079 2200 1096 2228 ὲ
1111 2198 1216 2227 finibus

151 2237 270 2276 imperii
283 2237 345 2268 suos
361 2236 474 2267 Milites
488 2238 662 2275 educerent,
681 2247 735 2267 nec
749 2238 785 2267 ita
799 2240 1008 2275 Imperatoriam
1026 2235 1217 2277 Majestatem,

151 2277 308 2315 omnesque
325 2275 441 2313 lmperii
458 2274 590 2306 Romani
611 2274 702 2306 Status
723 2275 906 2307 offenderent
919 2277 1013 2306 amice
1034 2276 1219 2312 monuimus,

154 2316 243 2353 usque
257 2315 329 2346 adeo
340 2323 434 2345 autem
449 2313 518 2344 nihil
533 2315 723 2353 profecimus,
741 2323 772 2344 ut
788 2315 823 2344 ne
833 2314 895 2344 Res
931 2314 980 2344 nso
996 2315 1113 2353 quidem
1127 2313 1220 2343 infin·

155 2355 282 2393 gularem
297 2352 364 2392 Caess
378 2351 539 2390 Majestatis
552 2352 714 2389 despe&um
730 2352 798 2384 Nos
813 2353 865 2383 sint
878 2324 1002 2391 dignati,
1019 2354 1083 2383 imo
1105 2359 1220 2391 pergant

155 2394 243 2424 etiam
258 2390 389 2430 quotidie
411 2390 491 2421 latius
511 2392 540 2420 in
555 2390 654 2420 Terris
669 2390 786 2428 Imperii
807 2391 921 2422 strenue
940 2390 1051 2429 granati
1074 2392 1108 2423 ὃ(
1130 2391 1220 2420 libere

155 2431 326 2462 tumultuari.
366 2429 473 2468 Qiod,
492 2429 577 2467 quam
595 2429 763 2467 indignum,
779 2430 864 2466 quam
892 2430 1041 2468 iniquum,
1062 2429 1151 2467 quam
1176 2429 1221 2458 in-

153 2469 262 2509 justum
286 2469 335 2507 sit,
358 2471 443 2505 Regia
465 2466 616 2506 Majestas,
635 2467 758 2505 Justitiae
784 2469 817 2500 ὃς
839 2467 995 2506 AEquitatis
1017 2467 1222 2505 amantiffima,

159 2519 208 2547 per
223 2508 250 2539 se
267 2507 321 2546 ipsa
336 2507 480 2545 intelligit,
498 2507 620 2544 ideoque
633 2513 691 2536 tam
705 2505 794 2537 audax
818 2514 934 2545 tamque
966 2506 1128 2537 violentum
1148 2506 1223 2544 ipso-

159 2557 223 2577 rum
239 2546 262 2577 F
263 2546 359 2576 aetum
377 2544 434 2576 fine
447 2545 537 2575 dubio
551 2544 604 2584 ipfiz
617 2554 673 2575 nec
686 2545 831 2583 probabit,
847 2555 902 2576 nec
916 2544 1060 2582 laudabit,
1078 2544 1123 2575 sed
1133 2544 1223 2581 magis

160 2585 336 2622 improbabit
350 2585 383 2615 &
399 2584 584 2622 exprobabit3
600 2584 629 2613 in
645 2593 704 2621 quo
719 2584 874 2614 enarrando
888 2584 1002 2621 longior
1023 2582 1140 2619 quidem
1163 2581 1221 2612 esse

159 2624 240 2654 volui
255 2623 334 2661 quod
349 2621 435 2653 sciam
458 2624 472 2652 a
496 2621 628 2652 Statubus
646 2621 761 2659 Belgicis
778 2621 922 2652 diversum
942 2620 1079 2651 hincinde
1098 2620 1222 2657 sparsum

158 2662 230 2700 esse,
249 2671 280 2694 ut
292 2661 311 2692 fi
323 2660 390 2700 quid
401 2661 539 2699 ejusmodi
555 2670 668 2699 quoque
683 2660 718 2690 ad
731 2662 840 2698 Regiam
848 2660 966 2699 vestram
977 2659 1058 2699 Maje
1082 2666 1158 2688 atem
1172 2658 1222 2688 de-

156 2701 281 2739 feratur,
299 2701 447 2732 veritatem
462 2698 621 2737 statumque
636 2698 738 2730 Causae
755 2698 933 2737 cognoscat,
949 2702 1033 2728 Statu
1046 2706 1097 2736 que
1104 2696 1225 2735 Belgicos

159 2741 175 2772 a
187 2749 246 2771 tam
260 2741 361 2777 iniquo
376 2738 539 2776 proposito,
557 2747 617 2776 quo
633 2737 748 2768 tandem
764 2738 838 2768 vires
852 2738 938 2768 etiam
952 2740 1029 2766 Sacri
1044 2738 1152 2775 Imperii
1169 2738 1227 2765 Ro-

160 2782 235 2809 mani
249 2787 348 2809 contra
362 2777 387 2808 se
404 2777 608 2815 concitabunt,
626 2776 807 2815 dehortetur,
825 2778 858 2809 &
869 2776 904 2807 ad
917 2775 1023 2807 Pacem
1042 2774 1226 2805 Amicitiam-

2255 251 2302 292 53

1241 324 1296 359 que
1307 323 1380 359 cum
1397 316 1513 359 Imperio
1527 318 1648 359 Romano
1660 318 1754 356 potius
1770 320 1938 362 colendam,
1952 322 2037 360 quam
2050 319 2084 351 ad
2099 320 2215 352 Semina
2239 320 2298 352 Ini-
2316 318 2393 350 Ann.
2405 317 2447 348 D-

1243 362 1362 397 micitiae
1377 352 1503 392 Bellique
1521 356 1694 399 spargenda,
1712 366 1764 395 pro
1785 360 1846 395 iua,
1865 370 1920 397 qua
1937 362 2010 398 apud
2033 361 2094 391 illos
2111 360 2217 398 pollet,
2234 361 2294 391 Au·
2325 359 2416 389 1602-

1241 391 1372 423 &oritate
1387 392 1570 438 adhortetur,
1590 394 1711 437 Rem.¹s¹
1725 405 1761 424 eo
1783 396 1878 427 fecerit
1902 398 1983 437 Rege
2001 400 2135 438 dignam,
2154 399 2187 430 &
2209 401 2297 429 utrin-
2310 407 2348 435 45
2367 398 2436 426 Eisk-

1244 439 1302 467 que
1316 430 1430 469 publice
1445 431 1557 475 utilem,
1576 432 1609 462 ὃς
1625 431 1746 462 viciffirn
1761 433 1796 463 de
1813 443 1860 465 me
1880 445 1960 466 certo
1984 436 2035 467 sibi
2057 438 2233 475 persuadeat,
2253 447 2301 468 me
2315 441 2373 473 Reg-

1243 469 1383 506 eundem,
1407 479 1456 507 qui
1478 469 1617 513 hactenus
1632 470 1753 509 semper,
1771 472 1917 511 futurum,
1934 475 1966 504 &
1985 486 2175 515 quaecumque
2191 476 2225 506 ad
2247 475 2302 506 Pa-

1244 517 1311 538 cem
1331 506 1533 538 Concordiam
1560 508 1790 539 Benevolentiam
1813 512 2058 549 Tranquillitatem
2081 515 2113 545 &
2137 514 2302 546 Utilitatem

1244 554 1437 577 communem
1452 546 1582 577 alendam
1596 547 1763 577 solvendam
1778 549 2001 580 confirmandam
2023 554 2055 582 &
2078 554 2301 591 perpetuandam

1245 585 1304 614 ullo
1322 586 1413 615 modo
1429 585 1519 616 facere
1533 584 1657 623 poffint,
1674 594 1811 624 quantum
1826 588 1854 616 in
1867 597 1913 618 me
1934 589 1995 626 est,
2011 589 2219 629 diligentissime
2236 602 2304 630 pro-

1244 631 1408 667 curaturum
1423 646 1433 661 ,
1451 634 1570 663 meaque
1583 625 1613 653 in
1630 625 1784 654 communi
1797 625 1830 654 &
1847 627 1962 662 publico
1979 626 2110 666 Negotio
2127 640 2303 676 promoven·-

1243 662 1283 693 do
1298 661 1408 692 Officia
1419 665 1509 700 Regiae
1527 662 1625 702 veslrae
1647 662 1794 701 Majestati
1805 663 1917 702 ejusque
1939 664 2061 695 Subditis
2078 678 2144 698 vere
2168 679 2304 707 compro-

1244 701 1400 745 baturumi
1415 711 1591 739 nequaquam
1616 701 1746 731 dubitans
1768 704 1878 738 Regiam
1900 702 2020 740 vestram
2043 705 2218 744 Majeslatem
2240 718 2301 739 non

1244 740 1344 783 iniquo
1358 749 1456 770 animo
1471 740 1534 770 haec
1548 742 1563 771 ἐι
1580 750 1627 771 me
1642 748 1839 778 accepturam,
1858 740 2177 779 pariqueBenevolentia
2187 745 2305 778 &Gra-

1243 786 1280 808 tia
1295 777 1408 808 nostros
1428 778 1573 810 Homines
1596 778 1826 817 prosecuturam,
1846 788 1899 809 nec
1921 780 2074 816 quicquam
2100 782 2127 811 in
2151 785 2303 815 communi

1243 815 1319 848 Pace
1341 817 1373 847 &
1396 817 1613 855 Tranquillitate
1634 816 1753 855 juvanda
1780 817 1813 847 &
1832 816 2053 848 constabilienda
2070 819 2303 853 intermiffuram:

1242 857 1290 886 cui
1302 855 1400 899 omnia
1413 855 1569 887 feliciffima
1588 857 1622 888 &
1635 855 1819 894 prosperrima
1839 857 1855 886 a
1885 855 1962 886 Deo
1982 856 2058 886 OPT
2067 864 2132 887 1Mo
2164 859 2306 892 Maximo

1242 903 1278 925 ex
1294 903 1392 924 animo
1407 904 1523 932 precor:

1282 932 1419 971 Reliqua,
1437 942 1500 971 quae
1514 942 1583 963 cum
1600 931 1701 971 Regiis
1715 932 1811 963 vestris
1826 932 1954 973 Legatis,
1976 933 2069 964 modo
2094 932 2143 964 hic
2162 934 2198 965 de
2218 935 2304 968 Loco

1247 971 1281 1002 ὃ(
1297 971 1446 1007 Tempore
1460 970 1633 1002 Conventus
1649 970 1756 1009 nostri,
1774 972 1869 1002 amice
1889 973 1965 1009 prius
1979 972 2114 1010 tranare,
2132 974 2235 1012 quam,
2254 976 2308 1005 illis

1245 1010 1459 1053 ignorantibus,
1473 1010 1630 1053 quicquam
1646 1019 1699 1049 pro
1714 1010 1806 1049 aliqua
1828 1011 1936 1042 ratione
1959 1010 2176 1042 offenderentur
2192 1012 2308 1043 desinite

1247 1049 1366 1080 statuere
1381 1048 1476 1086 volui,
1491 1052 1554 1085 iplis
1568 1049 1711 1079 scribenda
1732 1048 1841 1086 plenius
1853 1049 1886 1080 &
1901 1049 2050 1080 indicanda
2064 1050 2272 1088 committens,

1282 1129 1407 1163 Bivmae,
1427 1131 1477 1164 19.
1491 1124 1689 1165 Novembris,
1709 1125 1799 1157 Anno
1813 1125 1914 1157 Salutis
1929 1126 2063 1158 humanae
2085 1126 2173 1157 1602.

1698 1205 1789 1240 Regiae
1806 1202 1906 1242 vestra
1925 1203 2086 1242 Majestatis

1929 1278 2188 1320 Observantifflmus
2196 1284 2208 1320 ,¹

1281 1372 1283 1375 .
1323 1355 1608 1388 ERENFRIDUS
1628 1365 1648 1386 A
1670 1354 1759 1386 Min
1771 1365 1846 1396 Qvi
1857 1364 1908 1387 τι
1925 1355 1993 1387 liber
2015 1359 2092 1387 Baro
2106 1360 2137 1388 in
2152 1360 2314 1398 anuitzi

1506 1394 1577 1432 :burg
1594 1391 1633 1430 ὦ·
1651 1396 1788 1425 Drenaw.

1249 1470 1335 1502 Dors.

1285 1519 1454 1567 Sereniffimae
1467 1533 1550 1566 atque
1565 1525 1757 1565 Potentiffi’mae
1772 1526 1893 1566 Principi
1906 1525 1944 1561 &
1959 1528 2083 1556 Dominae
2092 1548 2101 1563 ,
2116 1529 2242 1556 Dominae
2255 1525 2316 1557 Eli-

1250 1565 1372 1597 sabethae
1394 1565 1509 1605 Angliae
1529 1564 1655 1596 Franciae
1675 1566 1709 1597 &
1731 1565 1893 1605 Hyberniae
1916 1565 2039 1604 Reginae
2059 1564 2132 1595 Fidei
2153 1563 2315 1604 Defenftri',

1251 1606 1378 1635 Domina
1391 1615 1456 1635 meae
1471 1603 1688 1643 Clementifflmae.

1459 1728 1519 1763 Ad
1533 1731 1659 1777 Legatos
1678 1731 1791 1776 Reginae
1802 1753 1812 1770 ,
1837 1731 1946 1762 Bremae
1957 1729 2115 1775 praeftntes.

1255 1817 1286 1849 C
1300 1828 1321 1849 A
1334 1826 1355 1849 n
1373 1827 1395 1850 o
1410 1828 1429 1850 L
1442 1829 1465 1851 u
1480 1828 1493 1850 s
1504 1843 1515 1859 ,
1541 1815 1606 1850 Dei
1626 1814 1741 1850 Gratia
1752 1841 1762 1857 ‚
1788 1817 1979 1862 Regnorum
1996 1819 2102 1850 Sueciae
2116 1814 2226 1849 Gothi-e
2239 1814 2320 1849 Van-

1299 1864 1440 1912 daliaeque
1490 1865 1713 1899 GuBERNus
1757 1875 2070 1898 HAEREDITAR1US
2123 1868 2319 1899 PniNchs

1301 1912 1523 1956 Sudermaniae,
1550 1915 1668 1946 Nenciae
1684 1911 1951 1958 Vermelancliaeqne
1974 1912 2078 1946 Dux.

1293 1999 1415 2041 Illustres
1430 1998 1578 2040 Magnifici
1590 1997 1628 2033 ὠ
1642 1997 1889 2039 Generofifi‘ncere
1901 1997 1976 2029 nobis
1990 1997 2096 2038 dilesffi,

1331 2077 1423 2108 UIA
1442 2075 1632 2107 intelleximus
1646 2085 1717 2113 vos,
1735 2076 1750 2105 ὲ
1765 2074 1943 2105 Sereniffima
1957 2085 1990 2105 ac
2006 2075 2201 2107 Potentiffima
2211 2076 2325 2114 Angliae
2343 2088 2397 2116 Bibl
2409 2092 2471 2116 Cot-

1365 2117 1480 2153 Regina
1495 2138 1504 2153 ,
1530 2113 1747 2151 consanguinea
1769 2115 1803 2145 &
1825 2114 1929 2144 Sorore
1949 2113 2044 2145 nostra
2062 2114 2239 2153 charissima,
2258 2119 2327 2145 Bre-
2343 2137 2383 2156 ,w
2401 2112 2470 2154 ‘Gal-

1258 2167 1332 2185 mam
1346 2153 1459 2192 missos,
1478 2153 1513 2184 ad
1534 2152 1738 2190 componenda
1760 2153 1893 2191 quaedam
1917 2152 2050 2190 Negotia
2063 2176 2072 2190 ,
2100 2164 2164 2192 quae
2178 2153 2325 2193 Majestati
2342 2168 2374 2195 b,
2391 2150 2410 2193 'F
2431 2176 2440 2192 r

1255 2194 1297 2224 illi
1316 2203 1384 2224 cum
1407 2195 1476 2230 Rege
1493 2195 1598 2222 Daniae
1621 2190 1823 2230 intercedunt,
1855 2191 1922 2221 ideo
1945 2191 2101 2222 Secretario
2125 2193 2191 2223 huic
2223 2192 2321 2224 nostro
2333 2207 2374 2243 fol
2402 2186 2454 2240 3⁰⁸·

1259 2231 1411 2262 Bartholdo
1426 2231 1564 2261 Henzken
1579 2230 1768 2268 injunximus,
1786 2239 1817 2260 ut
1830 2229 1866 2260 de
1882 2230 2046 2268 quibusdam
2058 2254 2068 2269 ,
2095 2231 2195 2262 nostro
2211 2231 2327 2262 Nomi·
2378 2230 2383 2235 ’
2443 2238 2447 2240 “

1258 2281 1296 2302 ne
1308 2295 1318 2309 ,
1346 2270 1495 2302 vobiscum
1517 2270 1650 2307 privatim
1671 2277 1766 2305 ageret
1780 2280 1790 2306 3
1812 2278 1897 2306 quare
1911 2279 1964 2299 vos
1979 2269 2106 2305 benigne
2121 2270 2154 2300 &
2169 2270 2327 2300 clementer

1259 2319 1415 2348 rogamus,
1431 2317 1462 2339 ut
1476 2308 1555 2338 illurn
1571 2317 1656 2345 aequo
1672 2309 1771 2337 animo
1783 2307 1877 2336 audire
1891 2329 1899 2343 ,
1923 2307 2130 2345 omnibusque,
2147 2318 2211 2345 quae
2227 2307 2327 2338 nostro

1261 2349 1380 2379 nomine
1395 2347 1536 2384 retulerit,
1553 2346 1667 2383 plenam
1681 2345 1780 2375 Fidem
1795 2345 1927 2375 adhibere
1941 2367 1950 2383 ,
1976 2353 2060 2383 atque
2073 2346 2106 2375 ad
2121 2346 2227 2382 singula
2243 2347 2328 2376 nobie

1260 2387 1365 2424 scripto
1388 2385 1556 2423 respondere
1578 2384 1669 2414 velitis
1682 2406 1692 2421 ,
1717 2382 1838 2414 vestram
1862 2392 1930 2419 erga
1950 2382 2018 2414 Nos
2043 2383 2274 2417 Benevolentiam
2293 2385 2329 2417 δε

1261 2425 1394 2457 Studium
1410 2423 1499 2460 gratia
1512 2433 1545 2453 ac
1563 2424 1659 2453 favore
1678 2421 1777 2452 nostro
1791 2421 2015 2460 complebimus3
2034 2421 2143 2453 Valete.

1300 2463 1385 2495 Datae
1396 2460 1591 2500 Stockholmae,
1609 2462 1668 2493 viii.
1687 2459 1810 2491 Kalend.
1829 2459 2001 2492 Decembris
2019 2460 2108 2491 Anno
2131 2462 2219 2491 1602.

2075 2536 2297 2569 CAROLuffl

1265 2614 1472 2694 Dgg'eniffimae
1485 2663 1517 2683 ac
1532 2652 1722 2692 Potentiffimae
1737 2654 1862 2681 Domina·
1877 2651 2056 2682 Elizabethae
2071 2652 2186 2689 Angliae
2205 2652 2332 2686 Franciae

1266 2693 1299 2724 &
1323 2692 1475 2723 Hiberniae
1499 2692 1622 2729 Reginae
1638 2714 1647 2728 ,
1663 2691 1739 2720 Fidei
1752 2689 1930 2730 Defensbris,
1948 2694 2052 2720 Sororis
2067 2690 2104 2725 ό
2119 2690 2332 2731 consanguinea

1266 2731 1362 2769 nostrae
1383 2730 1459 2761 chari
1477 2739 1537 2760 tmae
1558 2733 1685 2759 Dominis
1706 2732 1822 2765 Legatis
1842 2728 1954 2758 Bremae
1964 2728 2159 2769 praefintibus‚
2177 2729 2333 2770 Illustrihus.

1268 2769 1426 2811 Magnficis
1491 2767 1647 2808 Generofis,
1660 2767 1766 2808 sincere>
1777 2766 1852 2797 nobis
1866 2765 1990 2797 Dilecta.

22 2917 129 2945 *XVL
167 2901 193 2928 ²11<
221 2906 259 2937 A
273 2900 528 2945 Commiffionariis
544 2900 627 2948 apud
641 2904 799 2943 Bremam,
827 2898 871 2932 ad
888 2901 1033 2933 Dominos
1043 2900 1227 2944 consiliarios
1270 2892 1420 2931 Relation
1437 2891 1491 2926 des
1508 2887 1740 2925 Commiffaires
1762 2887 1801 2923 de
1812 2890 1924 2923 Boeme
1942 2886 2016 2922 faite
2033 2901 2094 2923 aux
2107 2889 2272 2935 Seigneurs
2288 2889 2337 2924 du

19 2955 85 2991 478·

22 3106 156 3134 Bibien-

25 3153 76 3172 τινα.
91 3149 141 3172 Ne-

18 3219 67 3258 fol.
85 3205 146 3256 ¹¹70·

214 2955 336 2986 Privati
355 2952 469 2994 Constlii
483 2951 679 2992 Dalmatio,
699 2950 789 2996 super
810 2948 961 2996 Progreffn
976 2949 1140 2982 Trauatus
1159 2960 1229 2982 cum

214 2998 472 3043 Commiffionariis
489 3001 593 3032 Daniae
610 2996 733 3032 ibidem.

174 3084 249 3148 M
259 3085 346 3131 Aieit
346 3083 444 3152 1313st
455 3093 529 3151 yoffr
542 3082 922 3152 korgssiffsffodundersftailiyd
932 3084 1001 3151 lt<hat
1016 3083 1046 3113 in
1062 3082 1120 3150 Ὲίε
1133 3081 1228 3150 Tre}-

170 3172 218 3194 we
234 3131 410 3193 hazye’fougd
423 3129 507 3198 inwalily
521 3129 698 3191 lgilficulttlez
709 3131 804 3190 :aagds
813 3128 952 3196 alihitauegh
962 3119 1234 3196 iraeeogavgrssrglafor,

132 3204 138 3209 ”
171 3200 238 3231 med
252 3210 306 3230 our
318 3199 380 3230 best
392 3198 575 3230 Endeavours
589 3207 621 3229 to
634 3196 719 3229 effe&
734 3198 816 3228 some
830 3205 931 3228 matter
944 3197 982 3227 of
994 3205 1127 3227 moment
1142 3208 1153 3235 3
1184 3203 1233 3235 yet

172 3239 275 3270 indeed
294 3247 342 3268 we
363 3237 449 3269 could
469 3246 522 3268 not
541 3238 641 3268 obtain
660 3246 688 3267 at
699 3236 772 3268 their
787 3236 875 3267 hands
889 3244 943 3273 any
957 3235 1042 3271 thing
1057 3237 1086 3264 in
1101 3245 1116 3266 a
1129 3244 1228 3265 maner

170 3276 268 3309 worth
281 3277 508 3314 th'acceptance,
524 3284 550 3306 as
566 3277 604 3314 by
619 3275 669 3307 the
684 3276 783 3306 course
796 3275 834 3305 of
843 3285 895 3306 our
910 3273 1107 3311 Proceedings
1125 3272 1235 3304 hereaf-

172 3326 214 3348 ter
231 3316 349 3353 ensuing
364 3324 409 3345 rna
441 3323 540 3351 appear
554 3323 624 3345 unto
636 3323 707 3353 your
719 3313 883 3353 Lordships.

211 3355 293 3386 After
306 3355 386 3384 some
427 3352 629 3389 xpostulations
645 3352 727 3383 made
738 3353 776 3392 by
793 3353 889 3390 thern,
907 3353 936 3382 in
956 3351 1028 3383 their
1049 3349 1109 3381 first
1125 3358 1238 3381 entran-

174 3404 209 3426 ce
225 3396 286 3424 into
301 3393 350 3423 the
365 3391 474 3428 Cause,
491 3390 536 3421 for
551 3391 609 3421 that
623 3399 670 3422 we
684 3390 739 3422 had
751 3399 802 3422 not
819 3391 946 3427 brought
968 3390 1050 3420 them
1061 3411 1071 3427 ,
1087 3389 1164 3420 frorr'i
1184 3388 1236 3419 her

175 3431 294 3473 Majesty
304 3454 314 3470 ,
331 3431 386 3461 like
401 3429 514 3460 Letters
528 3428 566 3459 of
576 3428 743 3467 Credence,
759 3439 789 3460 as
801 3428 868 3468 they
883 3429 938 3459 had
952 3428 1082 3465 brought
1104 3438 1137 3458 us
1158 3427 1236 3457 from

176 3473 249 3503 their
263 3471 345 3507 King
358 3482 368 3507 ς
394 3468 448 3499 and
471 3478 524 3499 our
539 3467 669 3498 Answers
682 3468 764 3499 made
780 3468 930 3504 therunto,
951 3467 1009 3498 that
1024 3467 1074 3498 the
1088 3466 1164 3496 same
1178 3476 1238 3496 was

177 3520 228 3541 not
242 3510 307 3541 held
322 3507 425 3544 usuall‚
443 3507 530 3537 when
545 3505 672 3537 Treaties
687 3515 763 3537 were
774 3516 806 3538 to
827 3508 864 3538 be
887 3505 969 3537 made
989 3507 1008 3536 b
1048 3503 1241 3536 Commiffio-

177 3560 242 3619 {311⁵
256 3550 328 3618 2133,
339 3557 363 3617 ἒ
375 3543 1147 3621 ΡέῗξέἳῖᾞῗεῖῗῖῑἧεξὲἑτΟῶῗὲῑῖἒὲἓεὲἓῖοἶῖὃῗὲξ
1155 3552 1238 3612 {gf-..5²

178 3627 222 3657 for
237 3626 297 3657 that
311 3625 362 3655 her
375 3622 511 3663 Majestrs
524 3617 721 3652 Commiffion
737 3629 807 3652 unto
820 3632 851 3652 us
866 3646 875 3659 ,
899 3621 988 3651 under
1004 3621 1054 3652 the
1070 3619 1161 3651 Great
1173 3604 1236 3651 Sea'l

177 3665 214 3695 of
224 3663 372 3703 England,
391 3671 449 3693 was
463 3672 515 3692 our
532 3660 672 3692 sufficient
683 3658 847 3690 Credence:
868 3659 977 3690 neither
991 3659 1051 3690 that
1065 3659 1134 3699 they
1149 3658 1237 3690 could

176 3704 261 3742 justly
282 3703 347 3734 take
367 3703 389 3732 it
411 3700 573 3739 otherways
594 3699 663 3729 then
682 3698 765 3734 well,
781 3698 827 3727 for
841 3698 901 3728 that
916 3699 938 3727 it
953 3707 1009 3728 was
1023 3699 1192 3734 unknown,
1210 3705 1237 3727 at

179 3741 228 3772 the
251 3742 321 3772 time
340 3740 376 3770 of
392 3749 446 3770 our
468 3741 590 3775 coming
614 3737 692 3768 forth
710 3759 720 3776 ,
743 3736 812 3767 who
825 3745 901 3767 were
916 3736 971 3766 like
984 3744 1014 3766 to
1028 3737 1065 3767 be
1076 3735 1238 3776 appoynted

180 3778 417 3811 Commiffioners
434 3787 475 3809 on
488 3777 538 3808 the
551 3783 613 3814 part
624 3775 660 3806 of
669 3775 716 3805 the
730 3776 806 3812 King
821 3773 856 3813 qf
864 3775 1038 3805 Dennemark
1048 3787 1057 3805 :

213 3855 299 3894 And,
315 3856 384 3887 after
397 3855 476 3886 (bine
488 3852 655 3885 differences
669 3851 790 3884 likewise
805 3851 914 3882 betuixt
929 3861 975 3890 us,
992 3852 1080 3884 about
1102 3851 1151 3882 the
1169 3851 1240 3881 deli-

178 3895 281 3941 ·Jering
291 3894 331 3962 gf
339 3904 393 3939 our
405 3891 751 3963 origiigalthommihffion
757 3889 950 3959 iiintotsshem,
963 3893 987 3936 ‘it
1000 3889 1241 3959 ὶῖεἰηςάίυᾶίῗὶἰεηῑ

182 3941 471 4010 ζὲεἳέῑεᾱρῗῗέργ
495 3940 670 4008 ιᾏὲῐὲἓῃξῖε
692 3939 743 4000 ἓέἓ
752 3939 820 4013 ,1322
840 3938 1033 4011 ffiZffi‘igilZQ’
1041 3937 1245 3999 33¹0oe‘1‘1'1e52‘}

186 4011 264 4042 from
281 4009 375 4045 them,
395 4018 458 4048 yet,
476 4009 522 4040 for
536 4009 597 4040 that
611 4008 678 4047 they
694 4006 800 4044 resting
815 4014 1007 4044 peremptorie
1021 4016 1073 4037 not
1088 4016 1119 4037 to
1135 4014 1204 4035 treat
1217 4011 1244 4034 at

187 4049 223 4080 all
243 4047 315 4078 with
335 4057 364 4077 us
377 4069 388 4085 ,
405 4057 506 4086 except
519 4048 570 4080 the
604 4047 699 4085 might
713 4046 785 4077 have
800 4046 835 4082 it,
852 4044 905 4074 and
922 4053 969 4075 we
982 4053 1010 4075 at
1022 4045 1141 4083 length,
1158 4043 1203 4074 for
1217 4053 1246 4072 a-

187 4087 308 4123 voiding
320 4086 356 4119 of
365 4085 402 4116 all
414 4085 476 4116 letts
491 4094 523 4117 to
535 4097 551 4116 a
577 4086 673 4124 rendly
691 4083 847 4122 Colloquie
859 4107 868 4120 ‚
893 4083 1008 4122 yelding
1023 4083 1053 4114 so
1068 4084 1159 4114 much
1173 4089 1245 4111 unto

184 4127 281 4163 mern,
298 4123 347 4155 the
359 4123 449 4156 rather
464 4123 508 4156 for
521 4120 582 4157 that
597 4132 645 4158 we
660 4123 795 4164 supposed
812 4123 835 4154 it
849 4120 944 4162 might
956 4121 1030 4156 have
1045 4123 1118 4153 been
1131 4119 1248 4190 2532}

1317 2940 1449 2976 Conseil
1464 2937 1579 2981 Prive‚
1597 2937 1648 2972 sur
1662 2937 1690 2971 le
1711 2937 1842 2985 progr&
1861 2935 1915 2970 des
1935 2935 2168 2984 Ne‘gociations
2184 2936 2338 2973 entame'es

1319 3002 1396 3026 avec
1412 2989 1454 3023 les
1473 2985 1708 3022 Commiffaires
1730 2984 1769 3021 de
1788 2986 1993 3020 Dannemarc.

1274 3078 1338 3135 IL
1354 3075 1449 3115 plaira
1472 3073 1491 3104 ἃ
1510 3077 1559 3104 Vos
1574 3073 1737 3110 Seigneuries
1758 3070 1936 3110 d’apprendre
1949 3081 1998 3111 que
2011 3082 2076 3102 nous
2091 3082 2181 3103 avons
2194 3071 2345 3103 rencontre'

1321 3114 1448 3153 beaucoup
1472 3113 1504 3143 de
1519 3113 1554 3148 ‚di
1585 3111 1674 3141 cultez
1697 3110 1766 3139 dans
1783 3121 1810 3140 ce
1830 3111 1932 3139 Traite‘
1946 3121 1997 3150 que
2013 3122 2077 3140 nous
2092 3122 2182 3140 avons
2195 3112 2343 3141 commence'

1276 3164 1345 3184 avec
1365 3152 1404 3183 les
1426 3150 1522 3183 Amba
1544 3151 1640 3180 adeurs
1666 3149 1702 3178 du
1724 3148 1785 3178 Roi
1810 3148 1846 3179 de
1874 3147 2037 3179 Danemarc
2059 3159 2066 3178 ε
2089 3146 2127 3183 ὠ·
2150 3154 2257 3189 quoique
2274 3160 2341 3179 nous

1276 3202 1358 3231 ayons
1370 3189 1434 3230 fait
1454 3200 1503 3221 nos
1519 3189 1580 3228 plus
1599 3187 1702 3227 grands
1723 3186 1816 3226 effiirts
1825 3195 1891 3224 pour
1908 3186 2034 3226 effiduer
2046 3187 2158 3228 quelque
2175 3186 2247 3225 chose
2258 3187 2342 3216 d'im-

1270 3238 1403 3271 portame
1417 3252 1428 3267 ,
1454 3239 1520 3260 nous
1542 3229 1660 3259 n'avons
1679 3228 1836 3256 ne‘anmoins
1851 3233 1890 3263 pu
1911 3226 2018 3255 obtenir
2040 3227 2122 3256 d'eux
2146 3236 2244 3254 aucune
2263 3223 2338 3264 chosi

1271 3279 1341 3310 pour
1358 3268 1427 3309 ainsi
1438 3268 1498 3297 dire
1509 3270 1555 3306 qui
1571 3269 1665 3296 merite
1680 3263 1770 3294 d'etre
1782 3263 1953 3303 refue,ainfi
1988 3275 2018 3294 ue
2032 3264 2088 3294 cela
2100 3272 2203 3302 pourra
2213 3267 2339 3302 paroitre

1279 3308 1297 3340 ἃ
1313 3318 1363 3338 vos
1373 3308 1535 3345 Seigneuries
1552 3305 1623 3334 dans
1639 3303 1670 3333 la
1681 3303 1755 3341 suite
1763 3310 1816 3341 par
1832 3301 1856 3331 le
1872 3306 1947 3331 train
1981 3313 1994 3331 e
2011 3314 2056 3332 nos
2066 3302 2232 3339 proce'dures.

1314 3345 1408 3384 Apres
1439 3347 1521 3375 avoir
1544 3342 1607 3383 fait
1636 3341 1759 3382 quelques
1782 3341 1906 3379 plaintes
1928 3340 2046 3370 d'abord
2069 3351 2119 3380 que
2139 3351 2203 3370 nous
2222 3339 2339 3379 stimme:

1280 3393 1379 3416 entrez
1399 3395 1431 3414 en
1455 3386 1568 3413 matiere
1585 3405 1594 3420 ,
1603 3381 1654 3421 fier
1667 3392 1693 3411 ce
1729 3391 1760 3410 ue
1775 3390 1840 3409 nous
1855 3380 1982 3409 n‘avions
1991 3383 2072 3418 point
2086 3380 2201 3417 apporte‘
2204 3386 2271 3416 pour
2285 3389 2339 3409 eux

1278 3425 1323 3455 des
1331 3426 1445 3453 Lettres
1456 3422 1489 3452 de
1501 3423 1608 3452 crc‘ance
1622 3420 1653 3449 de
1662 3419 1697 3450 Sa
1706 3391 1830 3457 Kllajeste
1837 3414 1995 3455 semblables
2015 3417 2033 3447 ἃ
2047 3415 2123 3447 celles
2135 3416 2213 3456 qu'ils
2229 3424 2276 3446 ont
2290 3426 2341 3455 ap-

1274 3463 1381 3502 porte‘es
1391 3470 1460 3501 pour
1478 3471 1543 3491 nous
1563 3460 1595 3490 de
1614 3458 1672 3488 leur
1692 3460 1761 3495 Rei,
1779 3453 1817 3491 ὢν
1850 3468 1881 3485 ue
1893 3466 1957 3486 nous
1971 3466 2055 3485 eunies
2069 3455 2202 3494 re‘pondu,
2221 3466 2271 3495 que
2284 3454 2342 3487 [ὀμ

1280 3513 1313 3532 ne
1327 3500 1463 3538 regardoit
1473 3502 1552 3537 point
1569 3496 1625 3527 cela
1639 3507 1734 3527 comme
1750 3506 1799 3525 uue
1811 3507 1822 3524 c
1843 3494 1885 3533 ose
1897 3494 1994 3535 ufite'e,
2013 3492 2144 3533 lorsqu'on
2162 3493 2255 3524 devoit
2278 3505 2342 3525 con-

1279 3540 1350 3570 clure
1363 3539 1408 3568 des
1423 3541 1537 3568 Traitez
1549 3544 1601 3574 par
1615 3538 1714 3565 Commi
1736 3537 1807 3564 aires
1822 3534 1889 3563 dans
1905 3544 1941 3562 un
1956 3531 2008 3561 lieu
2023 3535 2086 3561 tiers
2100 3536 2182 3568 ¹mais
2188 3532 2341 3572 seulement

1278 3578 1376 3620 quand
1392 3578 1436 3607 des
1458 3573 1671 3614 Ambaffizdeurs
1706 3580 1754 3602 ont
1776 3572 1890 3607 envoycss
1910 3581 1946 3599 au
1963 3573 2014 3599 Roi
2031 3569 2132 3599 meme·
2151 3582 2201 3610 que
2214 3571 2270 3600 cela
2285 3573 2344 3601 n‘e‘-

1279 3622 1335 3648 toit
1352 3619 1432 3655 point
1454 3612 1592 3652 ne‘ceffiu're
1615 3623 1669 3641 non
1704 3611 1743 3640 lus
1760 3610 1829 3639 dans
1849 3608 1873 3637 le
1892 3619 1935 3637 cas
1954 3606 2061 3647 prefint
2075 3631 2085 3646 ,
2103 3592 2236 3640 Jautant
2248 3621 2299 3649 que
2312 3609 2344 3639 la

1280 3653 1444 3694 Commiffion
1469 3653 1501 3683 de
1519 3652 1554 3682 Sa
1570 3649 1693 3687 Majeste
1705 3672 1715 3686 ,
1734 3649 1833 3678 donne'e
1858 3647 1914 3683 {bus
1934 3645 1959 3675 le
1967 3648 2060 3684 grand
2067 3647 2144 3686 fieau
2159 3648 2345 3685 d'Angleter.

1279 3707 1326 3733 re,
1345 3695 1412 3723 droit
1433 3700 1496 3729 pour
1517 3699 1581 3720 nous
1603 3699 1654 3718 urie
1671 3689 1787 3717 Cre‘ance
1798 3683 1947 3725 fi‘ffiffin‘?
1960 3707 1969 3722 ,
1992 3683 2030 3720 ἐφ’
2053 3684 2131 3725 qu'ils
2146 3698 2180 3717 ne
2195 3690 2347 3725 pouvoient

1275 3741 1327 3772 pas
1342 3743 1397 3763 non
1406 3731 1467 3769 plus
1481 3729 1506 3759 le
1516 3726 1629 3766 prendre
1645 3732 1801 3756 autrenient
1814 3724 1892 3763 qu'en
1910 3723 1969 3752 bien
1979 3745 1987 3760 ,
2002 3730 2083 3761 parce
2124 3726 2184 3755 u'on
2202 3736 2234 3755 ne
2244 3725 2345 3763 savoie

1276 3781 1329 3811 pas
1353 3772 1372 3802 d
1393 3776 1470 3800 notre
1492 3768 1588 3804 de‘part
1605 3789 1614 3804 ‚
1637 3768 1682 3804 qui
1690 3764 1812 3803 servient
1826 3771 1890 3791 ceux
1905 3773 1955 3802 que
1970 3762 1994 3790 le
2011 3762 2072 3793 Roi
2116 3773 2132 3794 e
2156 3763 2345 3794 Dannemarc

1281 3811 1380 3841 devoit
1395 3817 1513 3838 nommer
1524 3813 1591 3843 pour
1604 3802 1794 3841 Commcfficires
1813 3801 1844 3829 de
1854 3799 1891 3839 fia
1904 3808 1978 3837 part,

1325 3851 1367 3878 Et
1391 3847 1424 3877 de
1440 3845 1523 3875 meme
1536 3842 1613 3882 apres
1627 3840 1749 3881 quelques
1761 3838 1905 3877 diffifrends
1912 3838 1963 3877 fiir
1978 3850 2005 3869 ce
2019 3839 2097 3879 qu’ils
2110 3840 2248 3871 vouloient
2264 3839 2346 3882 qu’on

1283 3887 1341 3918 leur
1355 3885 1436 3916 remit
1450 3892 1528 3913 notre
1549 3879 1714 3919 Commiffion
1739 3889 1770 3907 en
1790 3877 1921 3916 original,
1940 3877 2041 3919 lorsque
2049 3878 2128 3918 selon
2143 3888 2222 3909 notre
2240 3883 2347 3918 opinion

1282 3925 1307 3956 il
1319 3925 1376 3955 leur
1386 3921 1504 3963 sirffifhit
1523 3920 1631 3949 d'avoir
1653 3929 1693 3947 vu
1714 3915 1852 3953 l'ori‘ginal
1870 3915 1909 3950 ὦ·
1934 3916 1996 3946 d’en
2011 3922 2092 3947 avoir
2111 3929 2163 3948 une
2177 3922 2259 3956 copie,
2280 3915 2348 3957 as'nfi

1285 3975 1336 4004 que
1348 3974 1411 3993 nous
1425 3972 1488 3991 nous
1503 3971 1534 3988 en
1544 3957 1647 3997 fi’rions
1661 3959 1795 3986 contentas
1807 3954 1863 3984 s’ils
1878 3954 2012 3985 l’avoient
2023 3955 2081 3992 fait
2097 3957 2128 3986 de
2141 3956 2201 3986 leur
2211 3963 2297 3994 Part,-
2308 3967 2349 3984 ce„

1279 4002 1407 4042 pendant
1422 3999 1455 4029 ils
1470 4008 1562 4028 comme
1578 3997 1756 4025 demeuroient
1763 3993 1867 4034 fermes
1880 4016 1890 4031 ‚
1909 4004 1942 4023 ne
1957 3992 2077 4024 voulant
2094 3999 2172 4034 point
2194 3998 2295 4024 traiter

1286 4049 1347 4071 tout
1361 4049 1428 4069 avec
1442 4047 1506 4067 nous
1521 4034 1590 4075 sans
1605 4033 1706 4063 l‘avoir
1721 4056 1730 4068 ,
1748 4043 1813 4062 nous
1827 4032 1901 4071 enfin
1917 4054 1926 4070 ,
1942 4040 2011 4071 pour
2033 4035 2123 4063 e‘viter
2136 4041 2194 4063 tous
2211 4032 2247 4062 les
2260 4029 2346 4066 empci-

1287 4080 1409 4109 chemens
1419 4076 1481 4106 d'en
1489 4078 1569 4104 venir
1580 4072 1598 4102 ἆ
1607 4084 1657 4103 une
1668 4070 1818 4110 conserence
1832 4070 1849 4100 ἂ
1865 4070 1877 4100 l
1879 4070 2001 4101 'amiable
2012 4071 2087 4109 ,leur
2097 4080 2181 4111 ayant
2195 4069 2303 4100 accorde‘
2308 4077 2349 4096 ce-

1289 4117 1336 4157 la,
1353 4116 1482 4153 d’autant
1490 4110 1555 4153 plus
1567 4122 1616 4152 que
1631 4122 1695 4142 nous
1709 4120 1797 4156 avons
1804 4109 1920 4150 ficpposc
1935 4120 1985 4151 que
2001 4121 2028 4140 ce
2038 4113 2160 4149 pourroit
2174 4107 2232 4137 citra
2249 4117 2284 4136 un
2301 4106 2353 4134 bon

1819 4159 1833 4188 3
2264 4153 2356 4182 majera
