<?xml version="1.0" encoding="UTF-8"?>
<!DOCTYPE html PUBLIC "-//W3C//DTD XHTML 1.0 Transitional//EN"
    "http://www.w3.org/TR/xhtml1/DTD/xhtml1-transitional.dtd">
<html xmlns="http://www.w3.org/1999/xhtml" xml:lang="en" lang="en">
 <head>
  <title>
</title>
<meta http-equiv="Content-Type" content="text/html;charset=utf-8" />
  <meta name='ocr-system' content='tesseract 3.04.00' />
  <meta name='ocr-capabilities' content='ocr_page ocr_carea ocr_par ocr_line ocrx_word'/>
</head>
<body>
  <div class='ocr_page' id='page_1' title='image "./fderaconventione07ryme/fderaconventione07ryme_0022.png"; bbox 0 0 2557 4279; ppageno 0'>
   <div class='ocr_carea' id='block_1_1' title="bbox 0 184 89 339">
    <p class='ocr_par' dir='ltr' id='par_1_1' title="bbox 0 184 85 264">
     <span class='ocr_line' id='line_1_1' title="bbox 0 184 85 217; baseline 0.012 -1"><span class='ocrx_word' id='word_1_1' title='bbox 0 197 29 217; x_wconf 91' lang='lat' dir='ltr'>n.</span> <span class='ocrx_word' id='word_1_2' title='bbox 43 184 85 217; x_wconf 81' lang='grc' dir='ltr'>Ϊ).</span> 
     </span>
     <span class='ocr_line' id='line_1_2' title="bbox 0 225 67 264; baseline 0 -9"><span class='ocrx_word' id='word_1_3' title='bbox 0 225 67 264; x_wconf 84' lang='lat'>587.</span> 
     </span>
    </p>

    <p class='ocr_par' dir='ltr' id='par_1_2' title="bbox 0 264 89 339">
     <span class='ocr_line' id='line_1_3' title="bbox 0 264 89 294; baseline 0.011 -2"><span class='ocrx_word' id='word_1_4' title='bbox 0 287 2 292; x_wconf 95' lang='lat'>.</span> <span class='ocrx_word' id='word_1_5' title='bbox 21 264 89 294; x_wconf 68' lang='lat' dir='ltr'>fliz.</span> 
     </span>
     <span class='ocr_line' id='line_1_4' title="bbox 0 307 49 339; baseline 0 -8"><span class='ocrx_word' id='word_1_6' title='bbox 0 307 49 339; x_wconf 63' lang='lat' dir='ltr'>aeg.</span> 
     </span>
    </p>
   </div>
   <div class='ocr_carea' id='block_1_2' title="bbox 0 1219 82 1248">
    <p class='ocr_par' dir='ltr' id='par_1_3' title="bbox 0 1219 82 1248">
     <span class='ocr_line' id='line_1_5' title="bbox 0 1219 82 1248; baseline 0.012 -4"><span class='ocrx_word' id='word_1_7' title='bbox 0 1219 82 1248; x_wconf 87' lang='lat' dir='ltr'><strong>XVI.</strong></span> 
     </span>
    </p>
   </div>
   <div class='ocr_carea' id='block_1_3' title="bbox 0 2507 85 2536">
    <p class='ocr_par' dir='ltr' id='par_1_4' title="bbox 0 2507 85 2536">
     <span class='ocr_line' id='line_1_6' title="bbox 0 2507 85 2536; baseline 0 -1"><span class='ocrx_word' id='word_1_8' title='bbox 0 2507 85 2536; x_wconf 37' lang='lat' dir='ltr'>*Leot-</span> 
     </span>
    </p>
   </div>
   <div class='ocr_carea' id='block_1_4' title="bbox 0 2568 84 2660">
    <p class='ocr_par' dir='ltr' id='par_1_5' title="bbox 0 2568 84 2660">
     <span class='ocr_line' id='line_1_7' title="bbox 0 2568 84 2612; baseline 0.012 -2"><span class='ocrx_word' id='word_1_9' title='bbox 0 2568 84 2612; x_wconf 71' lang='lat' dir='ltr'>(ban.</span> 
     </span>
     <span class='ocr_line' id='line_1_8' title="bbox 20 2630 82 2660; baseline 0 -11"><span class='ocrx_word' id='word_1_10' title='bbox 20 2630 82 2660; x_wconf 79' lang='lat'>150.</span> 
     </span>
    </p>
   </div>
   <div class='ocr_carea' id='block_1_5' title="bbox 105 116 139 156">
    <p class='ocr_par' dir='ltr' id='par_1_6' title="bbox 105 116 139 156">
     <span class='ocr_line' id='line_1_9' title="bbox 105 116 139 156; baseline 0 -12"><span class='ocrx_word' id='word_1_11' title='bbox 105 116 139 156; x_wconf 79' lang='grc'>4.</span> 
     </span>
    </p>
   </div>
   <div class='ocr_carea' id='block_1_6' title="bbox 104 180 1178 270">
    <p class='ocr_par' dir='ltr' id='par_1_7' title="bbox 104 180 1178 270">
     <span class='ocr_line' id='line_1_10' title="bbox 104 180 1178 270; baseline -0.044 -12"><span class='ocrx_word' id='word_1_12' title='bbox 104 189 283 270; x_wconf 52' lang='grc' dir='ltr'>ξῐῐξῃξῖἔου</span> <span class='ocrx_word' id='word_1_13' title='bbox 306 188 375 221; x_wconf 61' lang='lat' dir='ltr'>mm</span> <span class='ocrx_word' id='word_1_14' title='bbox 399 187 464 220; x_wconf 57' lang='lat' dir='ltr'>‘ak‘</span> <span class='ocrx_word' id='word_1_15' title='bbox 483 186 562 220; x_wconf 52' lang='lat'>‘¹⁰¹²‘</span> <span class='ocrx_word' id='word_1_16' title='bbox 582 188 634 222; x_wconf 63' lang='lat' dir='ltr'>‘he</span> <span class='ocrx_word' id='word_1_17' title='bbox 652 187 739 230; x_wconf 67' lang='lat' dir='ltr'>fyrste</span> <span class='ocrx_word' id='word_1_18' title='bbox 759 187 844 230; x_wconf 79' lang='lat' dir='ltr'>Daye</span> <span class='ocrx_word' id='word_1_19' title='bbox 862 188 899 221; x_wconf 84' lang='lat' dir='ltr'>of</span> <span class='ocrx_word' id='word_1_20' title='bbox 911 187 976 229; x_wconf 82' lang='lat' dir='ltr'>thys</span> <span class='ocrx_word' id='word_1_21' title='bbox 991 182 1105 227; x_wconf 80' lang='lat' dir='ltr'>present</span> <span class='ocrx_word' id='word_1_22' title='bbox 1122 180 1178 213; x_wconf 87' lang='lat' dir='ltr'>Fe-</span> 
     </span>
    </p>
   </div>
   <div class='ocr_carea' id='block_1_7' title="bbox 149 302 546 347">
    <p class='ocr_par' dir='ltr' id='par_1_8' title="bbox 149 302 546 347">
     <span class='ocr_line' id='line_1_11' title="bbox 149 302 546 347; baseline -0.003 -10"><span class='ocrx_word' id='word_1_23' title='bbox 149 306 184 337; x_wconf 90' lang='lat' dir='ltr'>ln</span> <span class='ocrx_word' id='word_1_24' title='bbox 199 315 307 347; x_wconf 88' lang='lat' dir='ltr'>wytncs</span> <span class='ocrx_word' id='word_1_25' title='bbox 321 302 471 343; x_wconf 78' lang='lat' dir='ltr'>whereof,</span> <span class='ocrx_word' id='word_1_26' title='bbox 483 302 546 341; x_wconf 74' lang='lat' dir='ltr'>&amp;e-</span> 
     </span>
    </p>
   </div>
   <div class='ocr_carea' id='block_1_8' title="bbox 115 377 1177 461">
    <p class='ocr_par' dir='ltr' id='par_1_9' title="bbox 115 377 1177 461">
     <span class='ocr_line' id='line_1_12' title="bbox 117 377 1177 427; baseline -0.006 -13"><span class='ocrx_word' id='word_1_27' title='bbox 117 422 124 427; x_wconf 44' lang='grc'><em>.</em></span> <span class='ocrx_word' id='word_1_28' title='bbox 148 383 336 425; x_wconf 68' lang='grc' dir='ltr'>Ψίτῐιεερυτ</span> <span class='ocrx_word' id='word_1_29' title='bbox 349 380 417 412; x_wconf 86' lang='lat' dir='ltr'>selfe</span> <span class='ocrx_word' id='word_1_30' title='bbox 427 389 457 414; x_wconf 85' lang='lat' dir='ltr'>at</span> <span class='ocrx_word' id='word_1_31' title='bbox 471 380 654 422; x_wconf 61' lang='lat' dir='ltr'>Wsssmn‘nster</span> <span class='ocrx_word' id='word_1_32' title='bbox 669 381 720 414; x_wconf 90' lang='lat' dir='ltr'>the</span> <span class='ocrx_word' id='word_1_33' title='bbox 734 379 847 413; x_wconf 74' lang='lat' dir='ltr'>xxviith</span> <span class='ocrx_word' id='word_1_34' title='bbox 857 378 943 421; x_wconf 84' lang='lat' dir='ltr'>Daye</span> <span class='ocrx_word' id='word_1_35' title='bbox 958 378 997 410; x_wconf 89' lang='lat' dir='ltr'>of</span> <span class='ocrx_word' id='word_1_36' title='bbox 1009 377 1177 416; x_wconf 34' lang='lat' dir='ltr'>February&amp;</span> 
     </span>
     <span class='ocr_line' id='line_1_13' title="bbox 115 419 676 461; baseline 0 -9"><span class='ocrx_word' id='word_1_37' title='bbox 115 432 146 452; x_wconf 89' lang='lat' dir='ltr'>in</span> <span class='ocrx_word' id='word_1_38' title='bbox 163 423 213 453; x_wconf 83' lang='lat' dir='ltr'>the</span> <span class='ocrx_word' id='word_1_39' title='bbox 232 419 332 452; x_wconf 78' lang='lat' dir='ltr'>xxixth</span> <span class='ocrx_word' id='word_1_40' title='bbox 346 419 422 453; x_wconf 85' lang='lat' dir='ltr'>Yere</span> <span class='ocrx_word' id='word_1_41' title='bbox 435 420 473 453; x_wconf 82' lang='lat' dir='ltr'>of</span> <span class='ocrx_word' id='word_1_42' title='bbox 483 431 536 454; x_wconf 88' lang='lat' dir='ltr'>our</span> <span class='ocrx_word' id='word_1_43' title='bbox 551 419 676 461; x_wconf 85' lang='lat' dir='ltr'>Raigne.</span> 
     </span>
    </p>
   </div>
   <div class='ocr_carea' id='block_1_9' title="bbox 614 491 1077 532">
    <p class='ocr_par' dir='ltr' id='par_1_10' title="bbox 614 491 1077 532">
     <span class='ocr_line' id='line_1_14' title="bbox 614 491 1077 532; baseline -0.011 -4"><span class='ocrx_word' id='word_1_44' title='bbox 614 500 670 529; x_wconf 83' lang='lat' dir='ltr'>Per</span> <span class='ocrx_word' id='word_1_45' title='bbox 685 500 781 528; x_wconf 74' lang='lat' dir='ltr'>Breve</span> <span class='ocrx_word' id='word_1_46' title='bbox 794 496 828 528; x_wconf 80' lang='lat' dir='ltr'>de</span> <span class='ocrx_word' id='word_1_47' title='bbox 841 498 962 528; x_wconf 75' lang='lat' dir='ltr'>Privato</span> <span class='ocrx_word' id='word_1_48' title='bbox 975 491 1077 532; x_wconf 75' lang='lat' dir='ltr'>Sigillo.</span> 
     </span>
    </p>
   </div>
   <div class='ocr_carea' id='block_1_10' title="bbox 141 567 1205 585">
    <p class='ocr_par' dir='ltr' id='par_1_11' title="bbox 141 567 1205 585">
     <span class='ocr_line' id='line_1_15' title="bbox 141 567 1205 585; baseline 0 3694"><span class='ocrx_word' id='word_1_49' title='bbox 141 567 1205 585; x_wconf 95' lang='lat' dir='ltr'> </span> 
     </span>
    </p>
   </div>
   <div class='ocr_carea' id='block_1_11' title="bbox 265 660 1040 708">
    <p class='ocr_par' dir='ltr' id='par_1_12' title="bbox 265 660 1040 708">
     <span class='ocr_line' id='line_1_16' title="bbox 265 660 1040 708; baseline -0.01 -9"><span class='ocrx_word' id='word_1_50' title='bbox 265 665 316 699; x_wconf 81' lang='lat' dir='ltr'>De</span> <span class='ocrx_word' id='word_1_51' title='bbox 333 662 510 708; x_wconf 81' lang='lat' dir='ltr'>Conceffione</span> <span class='ocrx_word' id='word_1_52' title='bbox 530 664 613 698; x_wconf 83' lang='lat' dir='ltr'><em>Cleri</em></span> <span class='ocrx_word' id='word_1_53' title='bbox 627 661 846 707; x_wconf 71' lang='lat' dir='ltr'>Camurtenfis</span> <span class='ocrx_word' id='word_1_54' title='bbox 862 660 1040 695; x_wconf 63' lang='lat' dir='ltr'>Provincia.</span> 
     </span>
    </p>
   </div>
   <div class='ocr_carea' id='block_1_12' title="bbox 108 730 1183 2223">
    <p class='ocr_par' dir='ltr' id='par_1_13' title="bbox 409 730 424 748">
     <span class='ocr_line' id='line_1_17' title="bbox 409 730 424 748; baseline 0 0"><span class='ocrx_word' id='word_1_55' title='bbox 409 730 424 748; x_wconf 73' lang='grc' dir='ltr'><strong><em>θ</em></strong></span> 
     </span>
    </p>

    <p class='ocr_par' dir='ltr' id='par_1_14' title="bbox 118 746 1083 805">
     <span class='ocr_line' id='line_1_18' title="bbox 118 746 1083 805; baseline -0.004 -23"><span class='ocrx_word' id='word_1_56' title='bbox 118 748 287 805; x_wconf 80' lang='lat' dir='ltr'>REgina,</span> <span class='ocrx_word' id='word_1_57' title='bbox 299 751 362 783; x_wconf 64' lang='lat' dir='ltr'>&amp;e</span> <span class='ocrx_word' id='word_1_58' title='bbox 380 749 528 782; x_wconf 85' lang='lat' dir='ltr'>Omnibus</span> <span class='ocrx_word' id='word_1_59' title='bbox 542 749 578 781; x_wconf 82' lang='lat' dir='ltr'>ad</span> <span class='ocrx_word' id='word_1_60' title='bbox 592 759 665 789; x_wconf 86' lang='lat' dir='ltr'>quos</span> <span class='ocrx_word' id='word_1_61' title='bbox 696 749 759 781; x_wconf 71' lang='grc' dir='ltr'>ὅτε.</span> <span class='ocrx_word' id='word_1_62' title='bbox 776 746 918 780; x_wconf 79' lang='lat' dir='ltr'>Salutem.</span> <span class='ocrx_word' id='word_1_63' title='bbox 1067 770 1083 778; x_wconf 40' lang='grc' dir='ltr'><em>κ</em></span> 
     </span>
    </p>

    <p class='ocr_par' dir='ltr' id='par_1_15' title="bbox 110 779 1183 1369">
     <span class='ocr_line' id='line_1_19' title="bbox 217 779 1183 820; baseline -0.01 0"><span class='ocrx_word' id='word_1_64' title='bbox 217 788 300 820; x_wconf 76' lang='lat' dir='ltr'>Cum</span> <span class='ocrx_word' id='word_1_65' title='bbox 322 789 434 820; x_wconf 79' lang='lat' dir='ltr'>Praelati</span> <span class='ocrx_word' id='word_1_66' title='bbox 460 790 493 820; x_wconf 84' lang='lat'>&amp;</span> <span class='ocrx_word' id='word_1_67' title='bbox 522 788 623 820; x_wconf 88' lang='lat' dir='ltr'>Clerus</span> <span class='ocrx_word' id='word_1_68' title='bbox 697 784 861 819; x_wconf 86' lang='lat' dir='ltr'>ntuarienfis</span> <span class='ocrx_word' id='word_1_69' title='bbox 883 782 1065 820; x_wconf 85' lang='lat' dir='ltr'>Provinciae,</span> <span class='ocrx_word' id='word_1_70' title='bbox 1087 779 1183 812; x_wconf 58' lang='lat' dir='ltr'>nostra</span> 
     </span>
     <span class='ocr_line' id='line_1_20' title="bbox 113 820 1183 868; baseline -0.01 -9"><span class='ocrx_word' id='word_1_71' title='bbox 113 827 294 860; x_wconf 81' lang='lat' dir='ltr'>Authoritate</span> <span class='ocrx_word' id='word_1_72' title='bbox 310 829 340 858; x_wconf 90' lang='lat' dir='ltr'>in</span> <span class='ocrx_word' id='word_1_73' title='bbox 352 828 472 868; x_wconf 87' lang='lat' dir='ltr'>Synodo</span> <span class='ocrx_word' id='word_1_74' title='bbox 487 828 536 858; x_wconf 89' lang='lat' dir='ltr'>suo</span> <span class='ocrx_word' id='word_1_75' title='bbox 549 828 596 858; x_wconf 89' lang='lat' dir='ltr'>seu</span> <span class='ocrx_word' id='word_1_76' title='bbox 612 826 836 858; x_wconf 84' lang='lat' dir='ltr'>Convocatione</span> <span class='ocrx_word' id='word_1_77' title='bbox 851 821 1039 860; x_wconf 86' lang='lat' dir='ltr'>congregati,</span> <span class='ocrx_word' id='word_1_78' title='bbox 1059 829 1093 851; x_wconf 84' lang='lat' dir='ltr'>ex</span> <span class='ocrx_word' id='word_1_79' title='bbox 1118 820 1183 849; x_wconf 86' lang='lat' dir='ltr'>inti-</span> 
     </span>
     <span class='ocr_line' id='line_1_21' title="bbox 112 863 1183 908; baseline -0.008 -10"><span class='ocrx_word' id='word_1_80' title='bbox 112 876 160 898; x_wconf 88' lang='lat' dir='ltr'>ma</span> <span class='ocrx_word' id='word_1_81' title='bbox 177 869 210 901; x_wconf 87' lang='lat'>&amp;</span> <span class='ocrx_word' id='word_1_82' title='bbox 229 866 366 908; x_wconf 86' lang='lat' dir='ltr'>propensa</span> <span class='ocrx_word' id='word_1_83' title='bbox 382 866 561 897; x_wconf 87' lang='lat' dir='ltr'>Animorum</span> <span class='ocrx_word' id='word_1_84' title='bbox 579 866 694 897; x_wconf 87' lang='lat' dir='ltr'>suorum</span> <span class='ocrx_word' id='word_1_85' title='bbox 709 863 866 897; x_wconf 74' lang='lat' dir='ltr'>affeffione</span> <span class='ocrx_word' id='word_1_86' title='bbox 885 871 972 901; x_wconf 90' lang='lat' dir='ltr'>quam</span> <span class='ocrx_word' id='word_1_87' title='bbox 986 868 1051 898; x_wconf 85' lang='lat' dir='ltr'>erga</span> <span class='ocrx_word' id='word_1_88' title='bbox 1065 868 1117 888; x_wconf 91' lang='lat' dir='ltr'>nos</span> <span class='ocrx_word' id='word_1_89' title='bbox 1131 867 1183 894; x_wconf 87' lang='lat' dir='ltr'>ge-</span> 
     </span>
     <span class='ocr_line' id='line_1_22' title="bbox 112 897 1181 945; baseline -0.01 -9"><span class='ocrx_word' id='word_1_90' title='bbox 112 914 196 945; x_wconf 84' lang='lat' dir='ltr'>runt,</span> <span class='ocrx_word' id='word_1_91' title='bbox 208 907 281 937; x_wconf 87' lang='lat' dir='ltr'>ultra</span> <span class='ocrx_word' id='word_1_92' title='bbox 299 907 332 938; x_wconf 90' lang='lat'>&amp;</span> <span class='ocrx_word' id='word_1_93' title='bbox 349 914 448 944; x_wconf 85' lang='lat' dir='ltr'>praeter</span> <span class='ocrx_word' id='word_1_94' title='bbox 464 905 628 936; x_wconf 84' lang='lat' dir='ltr'>Subfidium</span> <span class='ocrx_word' id='word_1_95' title='bbox 645 902 699 943; x_wconf 72' lang='lat' dir='ltr'>fix</span> <span class='ocrx_word' id='word_1_96' title='bbox 714 902 880 940; x_wconf 76' lang='lat' dir='ltr'>Solidorum,</span> <span class='ocrx_word' id='word_1_97' title='bbox 894 900 1065 939; x_wconf 82' lang='lat' dir='ltr'>singularum</span> <span class='ocrx_word' id='word_1_98' title='bbox 1082 897 1181 927; x_wconf 88' lang='lat' dir='ltr'>Libra-</span> 
     </span>
     <span class='ocr_line' id='line_1_23' title="bbox 114 938 1181 984; baseline -0.009 -10"><span class='ocrx_word' id='word_1_99' title='bbox 114 954 180 976; x_wconf 85' lang='lat' dir='ltr'>rum</span> <span class='ocrx_word' id='word_1_100' title='bbox 196 954 348 976; x_wconf 88' lang='lat' dir='ltr'>annuarum</span> <span class='ocrx_word' id='word_1_101' title='bbox 359 944 461 982; x_wconf 88' lang='lat' dir='ltr'>,etiam</span> <span class='ocrx_word' id='word_1_102' title='bbox 479 942 621 984; x_wconf 86' lang='lat' dir='ltr'>quandam</span> <span class='ocrx_word' id='word_1_103' title='bbox 636 941 806 973; x_wconf 82' lang='lat' dir='ltr'>benevolam</span> <span class='ocrx_word' id='word_1_104' title='bbox 822 938 1079 971; x_wconf 86' lang='lat' dir='ltr'>Contributionem</span> <span class='ocrx_word' id='word_1_105' title='bbox 1093 939 1181 966; x_wconf 87' lang='lat' dir='ltr'>trium</span> 
     </span>
     <span class='ocr_line' id='line_1_24' title="bbox 115 974 1179 1022; baseline -0.008 -9"><span class='ocrx_word' id='word_1_106' title='bbox 115 982 264 1013; x_wconf 80' lang='lat' dir='ltr'>Solidorum</span> <span class='ocrx_word' id='word_1_107' title='bbox 279 993 331 1021; x_wconf 89' lang='lat' dir='ltr'>pro</span> <span class='ocrx_word' id='word_1_108' title='bbox 349 982 462 1022; x_wconf 86' lang='lat' dir='ltr'>fingulis</span> <span class='ocrx_word' id='word_1_109' title='bbox 475 981 568 1011; x_wconf 87' lang='lat' dir='ltr'>Libris</span> <span class='ocrx_word' id='word_1_110' title='bbox 582 982 680 1012; x_wconf 86' lang='lat' dir='ltr'>annuis</span> <span class='ocrx_word' id='word_1_111' title='bbox 696 981 831 1011; x_wconf 84' lang='lat' dir='ltr'>omnium</span> <span class='ocrx_word' id='word_1_112' title='bbox 848 979 882 1010; x_wconf 89' lang='lat'>&amp;</span> <span class='ocrx_word' id='word_1_113' title='bbox 897 976 1076 1015; x_wconf 85' lang='lat' dir='ltr'>fingulorum</span> <span class='ocrx_word' id='word_1_114' title='bbox 1090 974 1179 1005; x_wconf 90' lang='lat' dir='ltr'>Bene-</span> 
     </span>
     <span class='ocr_line' id='line_1_25' title="bbox 113 1014 1180 1053; baseline -0.008 -1"><span class='ocrx_word' id='word_1_115' title='bbox 113 1021 246 1053; x_wconf 82' lang='lat' dir='ltr'>ficiorum</span> <span class='ocrx_word' id='word_1_116' title='bbox 266 1022 379 1053; x_wconf 89' lang='lat' dir='ltr'>suorum</span> <span class='ocrx_word' id='word_1_117' title='bbox 396 1020 662 1052; x_wconf 80' lang='lat' dir='ltr'>Ecclesiasticorum</span> <span class='ocrx_word' id='word_1_118' title='bbox 684 1020 718 1051; x_wconf 70' lang='grc' dir='ltr'>ὃς</span> <span class='ocrx_word' id='word_1_119' title='bbox 739 1017 964 1049; x_wconf 86' lang='lat' dir='ltr'>Promotionum</span> <span class='ocrx_word' id='word_1_120' title='bbox 987 1014 1180 1052; x_wconf 87' lang='lat' dir='ltr'>Spiritualium</span> 
     </span>
     <span class='ocr_line' id='line_1_26' title="bbox 114 1051 1180 1100; baseline -0.009 -8"><span class='ocrx_word' id='word_1_121' title='bbox 114 1071 381 1100; x_wconf 83' lang='lat' dir='ltr'>quorumcumque,</span> <span class='ocrx_word' id='word_1_122' title='bbox 395 1069 428 1090; x_wconf 92' lang='lat' dir='ltr'>ac</span> <span class='ocrx_word' id='word_1_123' title='bbox 441 1060 575 1089; x_wconf 86' lang='lat' dir='ltr'>omniurn</span> <span class='ocrx_word' id='word_1_124' title='bbox 593 1057 805 1089; x_wconf 84' lang='lat' dir='ltr'>Posseffionum</span> <span class='ocrx_word' id='word_1_125' title='bbox 828 1056 863 1086; x_wconf 66' lang='grc' dir='ltr'>ὅ(</span> <span class='ocrx_word' id='word_1_126' title='bbox 884 1054 1105 1085; x_wconf 87' lang='lat' dir='ltr'>Reventionum</span> <span class='ocrx_word' id='word_1_127' title='bbox 1128 1051 1180 1082; x_wconf 81' lang='lat' dir='ltr'>eis-</span> 
     </span>
     <span class='ocr_line' id='line_1_27' title="bbox 113 1090 1182 1139; baseline -0.009 -9"><span class='ocrx_word' id='word_1_128' title='bbox 113 1101 182 1130; x_wconf 87' lang='lat' dir='ltr'>dem</span> <span class='ocrx_word' id='word_1_129' title='bbox 203 1109 375 1131; x_wconf 77' lang='lat' dir='ltr'>annexarum</span> <span class='ocrx_word' id='word_1_130' title='bbox 390 1099 435 1129; x_wconf 88' lang='lat' dir='ltr'>seu</span> <span class='ocrx_word' id='word_1_131' title='bbox 449 1096 640 1139; x_wconf 84' lang='lat' dir='ltr'>quovismodo</span> <span class='ocrx_word' id='word_1_132' title='bbox 652 1096 840 1135; x_wconf 69' lang='lat' dir='ltr'>speetamiurn</span> <span class='ocrx_word' id='word_1_133' title='bbox 854 1095 888 1125; x_wconf 91' lang='lat'>&amp;</span> <span class='ocrx_word' id='word_1_134' title='bbox 901 1090 1182 1132; x_wconf 69' lang='lat' dir='ltr'>pertinentium‚de÷</span> 
     </span>
     <span class='ocr_line' id='line_1_28' title="bbox 114 1128 1181 1184; baseline -0.007 -16"><span class='ocrx_word' id='word_1_135' title='bbox 114 1138 255 1170; x_wconf 86' lang='lat' dir='ltr'>derint&amp;</span> <span class='ocrx_word' id='word_1_136' title='bbox 271 1137 464 1169; x_wconf 79' lang='lat' dir='ltr'>concesserint</span> <span class='ocrx_word' id='word_1_137' title='bbox 477 1160 488 1175; x_wconf 87' lang='lat'>‚</span> <span class='ocrx_word' id='word_1_138' title='bbox 508 1144 592 1184; x_wconf 85' lang='lat' dir='ltr'>prout</span> <span class='ocrx_word' id='word_1_139' title='bbox 612 1145 663 1174; x_wconf 84' lang='lat' dir='ltr'>per</span> <span class='ocrx_word' id='word_1_140' title='bbox 681 1134 828 1175; x_wconf 86' lang='lat' dir='ltr'>quoddam</span> <span class='ocrx_word' id='word_1_141' title='bbox 849 1132 913 1163; x_wconf 89' lang='lat' dir='ltr'>Scri</span> <span class='ocrx_word' id='word_1_142' title='bbox 935 1140 998 1163; x_wconf 92' lang='lat' dir='ltr'>tum</span> <span class='ocrx_word' id='word_1_143' title='bbox 1013 1130 1058 1161; x_wconf 87' lang='lat' dir='ltr'>seu</span> <span class='ocrx_word' id='word_1_144' title='bbox 1074 1128 1181 1160; x_wconf 81' lang='lat' dir='ltr'>Instru-</span> 
     </span>
     <span class='ocr_line' id='line_1_29' title="bbox 115 1168 1179 1214; baseline -0.01 -6"><span class='ocrx_word' id='word_1_145' title='bbox 115 1186 247 1208; x_wconf 86' lang='lat' dir='ltr'>menrum</span> <span class='ocrx_word' id='word_1_146' title='bbox 260 1176 406 1214; x_wconf 85' lang='lat' dir='ltr'>publicum</span> <span class='ocrx_word' id='word_1_147' title='bbox 415 1199 424 1213; x_wconf 89' lang='lat'>,</span> <span class='ocrx_word' id='word_1_148' title='bbox 438 1175 561 1214; x_wconf 79' lang='lat' dir='ltr'>sigilio,</span> <span class='ocrx_word' id='word_1_149' title='bbox 574 1173 732 1213; x_wconf 62' lang='lat' dir='ltr'>praedileeki</span> <span class='ocrx_word' id='word_1_150' title='bbox 745 1175 780 1205; x_wconf 90' lang='lat'>&amp;</span> <span class='ocrx_word' id='word_1_151' title='bbox 792 1171 882 1203; x_wconf 86' lang='lat' dir='ltr'>fidelis</span> <span class='ocrx_word' id='word_1_152' title='bbox 952 1169 1062 1201; x_wconf 84' lang='lat' dir='ltr'>nsiliarii</span> <span class='ocrx_word' id='word_1_153' title='bbox 1075 1168 1179 1206; x_wconf 87' lang='lat' dir='ltr'>nostri,</span> 
     </span>
     <span class='ocr_line' id='line_1_30' title="bbox 110 1207 1181 1255; baseline -0.009 -9"><span class='ocrx_word' id='word_1_154' title='bbox 110 1215 255 1254; x_wconf 74' lang='lat' dir='ltr'>Johannis</span> <span class='ocrx_word' id='word_1_155' title='bbox 270 1215 467 1255; x_wconf 78' lang='lat' dir='ltr'>Archiepiftopi</span> <span class='ocrx_word' id='word_1_156' title='bbox 481 1212 685 1254; x_wconf 74' lang='lat' dir='ltr'>Cantuarienfis</span> <span class='ocrx_word' id='word_1_157' title='bbox 703 1213 723 1232; x_wconf 69' lang='lat'>¹⁸</span> <span class='ocrx_word' id='word_1_158' title='bbox 745 1212 893 1243; x_wconf 90' lang='lat' dir='ltr'>munitum</span> <span class='ocrx_word' id='word_1_159' title='bbox 903 1210 951 1248; x_wconf 88' lang='lat'>,&amp;</span> <span class='ocrx_word' id='word_1_160' title='bbox 972 1208 1055 1239; x_wconf 85' lang='lat' dir='ltr'>nobis</span> <span class='ocrx_word' id='word_1_161' title='bbox 1068 1207 1181 1237; x_wconf 78' lang='lat' dir='ltr'>exhibi-</span> 
     </span>
     <span class='ocr_line' id='line_1_31' title="bbox 113 1245 1180 1295; baseline -0.01 -10"><span class='ocrx_word' id='word_1_162' title='bbox 113 1263 194 1293; x_wconf 83' lang='lat' dir='ltr'>tum,</span> <span class='ocrx_word' id='word_1_163' title='bbox 202 1264 303 1292; x_wconf 82' lang='lat' dir='ltr'>gerens</span> <span class='ocrx_word' id='word_1_164' title='bbox 316 1254 410 1285; x_wconf 88' lang='lat' dir='ltr'>datam</span> <span class='ocrx_word' id='word_1_165' title='bbox 423 1260 522 1295; x_wconf 77' lang='lat' dir='ltr'>quarto</span> <span class='ocrx_word' id='word_1_166' title='bbox 536 1253 579 1282; x_wconf 81' lang='lat' dir='ltr'>die</span> <span class='ocrx_word' id='word_1_167' title='bbox 592 1254 696 1282; x_wconf 81' lang='lat' dir='ltr'>Martii</span> <span class='ocrx_word' id='word_1_168' title='bbox 711 1250 799 1282; x_wconf 90' lang='lat' dir='ltr'>Anno</span> <span class='ocrx_word' id='word_1_169' title='bbox 823 1249 969 1284; x_wconf 91' lang='lat' dir='ltr'>Domini,</span> <span class='ocrx_word' id='word_1_170' title='bbox 988 1247 1068 1285; x_wconf 88' lang='lat' dir='ltr'>juxta</span> <span class='ocrx_word' id='word_1_171' title='bbox 1082 1245 1180 1275; x_wconf 91' lang='lat' dir='ltr'>Corn-</span> 
     </span>
     <span class='ocr_line' id='line_1_32' title="bbox 111 1284 1180 1336; baseline -0.009 -13"><span class='ocrx_word' id='word_1_172' title='bbox 111 1295 292 1336; x_wconf 79' lang='lat' dir='ltr'>putationem</span> <span class='ocrx_word' id='word_1_173' title='bbox 306 1292 441 1324; x_wconf 83' lang='lat' dir='ltr'>Ecclesiae</span> <span class='ocrx_word' id='word_1_174' title='bbox 456 1291 638 1329; x_wconf 80' lang='lat' dir='ltr'>Anglicanae,</span> <span class='ocrx_word' id='word_1_175' title='bbox 645 1289 794 1323; x_wconf 84' lang='lat' dir='ltr'>millesimo</span> <span class='ocrx_word' id='word_1_176' title='bbox 809 1286 1038 1328; x_wconf 78' lang='lat' dir='ltr'>quingentesimo</span> <span class='ocrx_word' id='word_1_177' title='bbox 1054 1284 1180 1322; x_wconf 62' lang='lat' dir='ltr'>oistoge-</span> 
     </span>
     <span class='ocr_line' id='line_1_33' title="bbox 113 1330 731 1369; baseline -0.005 -7"><span class='ocrx_word' id='word_1_178' title='bbox 113 1337 187 1362; x_wconf 76' lang='grc' dir='ltr'>ωηο</span> <span class='ocrx_word' id='word_1_179' title='bbox 206 1332 303 1369; x_wconf 84' lang='lat' dir='ltr'>sexto,</span> <span class='ocrx_word' id='word_1_180' title='bbox 317 1331 425 1369; x_wconf 77' lang='lat' dir='ltr'>plenius</span> <span class='ocrx_word' id='word_1_181' title='bbox 442 1330 531 1368; x_wconf 89' lang='lat' dir='ltr'>liquet</span> <span class='ocrx_word' id='word_1_182' title='bbox 549 1331 583 1362; x_wconf 87' lang='lat'>&amp;</span> <span class='ocrx_word' id='word_1_183' title='bbox 601 1339 637 1368; x_wconf 86' lang='lat' dir='ltr'>ap</span> <span class='ocrx_word' id='word_1_184' title='bbox 684 1337 731 1367; x_wconf 75' lang='lat' dir='ltr'>et,</span> 
     </span>
    </p>

    <p class='ocr_par' dir='ltr' id='par_1_16' title="bbox 108 1339 1179 1674">
     <span class='ocr_line' id='line_1_34' title="bbox 148 1339 1177 1410; baseline -0.012 -9"><span class='ocrx_word' id='word_1_185' title='bbox 148 1371 248 1401; x_wconf 87' lang='lat' dir='ltr'>Sciatis</span> <span class='ocrx_word' id='word_1_186' title='bbox 268 1371 352 1410; x_wconf 87' lang='lat' dir='ltr'>igitur</span> <span class='ocrx_word' id='word_1_187' title='bbox 374 1369 456 1408; x_wconf 83' lang='lat' dir='ltr'>quod</span> <span class='ocrx_word' id='word_1_188' title='bbox 474 1379 526 1399; x_wconf 91' lang='lat' dir='ltr'>nos</span> <span class='ocrx_word' id='word_1_189' title='bbox 543 1391 552 1406; x_wconf 86' lang='lat'>‚</span> <span class='ocrx_word' id='word_1_190' title='bbox 576 1368 613 1399; x_wconf 81' lang='lat' dir='ltr'>ad</span> <span class='ocrx_word' id='word_1_191' title='bbox 635 1339 777 1399; x_wconf 62' lang='lat' dir='ltr'>ffiinssem</span> <span class='ocrx_word' id='word_1_192' title='bbox 801 1364 979 1397; x_wconf 89' lang='lat' dir='ltr'>Petitionem</span> <span class='ocrx_word' id='word_1_193' title='bbox 991 1361 1177 1392; x_wconf 79' lang='lat' dir='ltr'>Praelatorum</span> 
     </span>
     <span class='ocr_line' id='line_1_35' title="bbox 112 1399 1178 1445; baseline -0.01 -5"><span class='ocrx_word' id='word_1_194' title='bbox 112 1409 276 1441; x_wconf 87' lang='lat' dir='ltr'>nostrorum</span> <span class='ocrx_word' id='word_1_195' title='bbox 294 1410 328 1440; x_wconf 89' lang='lat'>&amp;</span> <span class='ocrx_word' id='word_1_196' title='bbox 347 1407 426 1439; x_wconf 82' lang='lat' dir='ltr'>Cleri</span> <span class='ocrx_word' id='word_1_197' title='bbox 443 1407 673 1445; x_wconf 67' lang='lat' dir='ltr'>antedit‘torum,</span> <span class='ocrx_word' id='word_1_198' title='bbox 689 1405 839 1444; x_wconf 83' lang='lat' dir='ltr'>praefatam</span> <span class='ocrx_word' id='word_1_199' title='bbox 854 1400 1002 1435; x_wconf 82' lang='lat' dir='ltr'>benevolae</span> <span class='ocrx_word' id='word_1_200' title='bbox 1017 1399 1178 1431; x_wconf 89' lang='lat' dir='ltr'>Contribu-</span> 
     </span>
     <span class='ocr_line' id='line_1_36' title="bbox 113 1437 1178 1484; baseline -0.012 -4"><span class='ocrx_word' id='word_1_201' title='bbox 113 1449 199 1480; x_wconf 88' lang='lat' dir='ltr'>tionis</span> <span class='ocrx_word' id='word_1_202' title='bbox 214 1446 442 1479; x_wconf 85' lang='lat' dir='ltr'>Concessionem</span> <span class='ocrx_word' id='word_1_203' title='bbox 456 1454 639 1484; x_wconf 84' lang='lat' dir='ltr'>acceptamus</span> <span class='ocrx_word' id='word_1_204' title='bbox 648 1445 872 1483; x_wconf 80' lang='lat' dir='ltr'>,approbamus,</span> <span class='ocrx_word' id='word_1_205' title='bbox 885 1451 919 1472; x_wconf 90' lang='lat' dir='ltr'>ac</span> <span class='ocrx_word' id='word_1_206' title='bbox 936 1439 1057 1471; x_wconf 87' lang='lat' dir='ltr'>eandem</span> <span class='ocrx_word' id='word_1_207' title='bbox 1072 1437 1178 1469; x_wconf 86' lang='lat' dir='ltr'>confir-</span> 
     </span>
     <span class='ocr_line' id='line_1_37' title="bbox 113 1477 1177 1525; baseline -0.013 -6"><span class='ocrx_word' id='word_1_208' title='bbox 113 1497 240 1525; x_wconf 83' lang='lat' dir='ltr'>mamus,</span> <span class='ocrx_word' id='word_1_209' title='bbox 254 1486 422 1517; x_wconf 77' lang='lat' dir='ltr'>ratificamus</span> <span class='ocrx_word' id='word_1_210' title='bbox 443 1485 476 1515; x_wconf 89' lang='lat'>&amp;</span> <span class='ocrx_word' id='word_1_211' title='bbox 499 1484 671 1521; x_wconf 82' lang='lat' dir='ltr'>stabilimus,</span> <span class='ocrx_word' id='word_1_212' title='bbox 689 1493 723 1513; x_wconf 92' lang='lat' dir='ltr'>ac</span> <span class='ocrx_word' id='word_1_213' title='bbox 741 1482 836 1513; x_wconf 91' lang='lat' dir='ltr'>eidem</span> <span class='ocrx_word' id='word_1_214' title='bbox 871 1479 1010 1511; x_wconf 84' lang='lat' dir='ltr'>omnibus</span> <span class='ocrx_word' id='word_1_215' title='bbox 1028 1478 1107 1509; x_wconf 86' lang='lat' dir='ltr'>ue&amp;</span> <span class='ocrx_word' id='word_1_216' title='bbox 1124 1477 1177 1507; x_wconf 81' lang='lat' dir='ltr'>sin-</span> 
     </span>
     <span class='ocr_line' id='line_1_38' title="bbox 114 1503 1179 1564; baseline -0.012 -7"><span class='ocrx_word' id='word_1_217' title='bbox 114 1527 188 1564; x_wconf 81' lang='lat' dir='ltr'>gulis</span> <span class='ocrx_word' id='word_1_218' title='bbox 204 1525 358 1564; x_wconf 69' lang='lat' dir='ltr'>clausulis,</span> <span class='ocrx_word' id='word_1_219' title='bbox 373 1524 539 1561; x_wconf 83' lang='lat' dir='ltr'>Sententiis,</span> <span class='ocrx_word' id='word_1_220' title='bbox 553 1522 769 1553; x_wconf 87' lang='lat' dir='ltr'>Provisionibus</span> <span class='ocrx_word' id='word_1_221' title='bbox 782 1521 816 1551; x_wconf 87' lang='lat'>&amp;</span> <span class='ocrx_word' id='word_1_222' title='bbox 838 1503 1013 1556; x_wconf 57' lang='lat' dir='ltr'>lilxceptioni</span> <span class='ocrx_word' id='word_1_223' title='bbox 1036 1526 1066 1547; x_wconf 92' lang='lat' dir='ltr'>us</span> <span class='ocrx_word' id='word_1_224' title='bbox 1087 1517 1117 1545; x_wconf 93' lang='lat' dir='ltr'>in</span> <span class='ocrx_word' id='word_1_225' title='bbox 1135 1515 1179 1545; x_wconf 85' lang='lat' dir='ltr'>di·</span> 
     </span>
     <span class='ocr_line' id='line_1_39' title="bbox 113 1553 1179 1599; baseline -0.012 -3"><span class='ocrx_word' id='word_1_226' title='bbox 113 1566 162 1596; x_wconf 72' lang='lat' dir='ltr'>Cro</span> <span class='ocrx_word' id='word_1_227' title='bbox 177 1564 370 1595; x_wconf 76' lang='lat' dir='ltr'>instrumento</span> <span class='ocrx_word' id='word_1_228' title='bbox 385 1564 526 1594; x_wconf 89' lang='lat' dir='ltr'>contentis</span> <span class='ocrx_word' id='word_1_229' title='bbox 544 1563 577 1593; x_wconf 89' lang='lat'>&amp;</span> <span class='ocrx_word' id='word_1_230' title='bbox 596 1560 777 1599; x_wconf 74' lang='lat' dir='ltr'>specificans,</span> <span class='ocrx_word' id='word_1_231' title='bbox 791 1558 920 1597; x_wconf 84' lang='lat' dir='ltr'>Regium</span> <span class='ocrx_word' id='word_1_232' title='bbox 932 1555 1060 1587; x_wconf 89' lang='lat' dir='ltr'>nostrum</span> <span class='ocrx_word' id='word_1_233' title='bbox 1077 1553 1179 1585; x_wconf 83' lang='lat' dir='ltr'>Affen-</span> 
     </span>
     <span class='ocr_line' id='line_1_40' title="bbox 108 1592 1177 1674; baseline -0.01 -40"><span class='ocrx_word' id='word_1_234' title='bbox 108 1605 231 1674; x_wconf 51' lang='lat' dir='ltr'>plmsex</span> <span class='ocrx_word' id='word_1_235' title='bbox 247 1602 325 1634; x_wconf 75' lang='lat' dir='ltr'>certa</span> <span class='ocrx_word' id='word_1_236' title='bbox 338 1601 463 1633; x_wconf 78' lang='lat' dir='ltr'>Scientia</span> <span class='ocrx_word' id='word_1_237' title='bbox 475 1602 508 1632; x_wconf 66' lang='grc' dir='ltr'>ὃ(</span> <span class='ocrx_word' id='word_1_238' title='bbox 525 1610 607 1630; x_wconf 87' lang='lat' dir='ltr'>mero</span> <span class='ocrx_word' id='word_1_239' title='bbox 626 1599 715 1629; x_wconf 89' lang='lat' dir='ltr'>Motu</span> <span class='ocrx_word' id='word_1_240' title='bbox 731 1596 1021 1635; x_wconf 81' lang='lat' dir='ltr'>nostris,praebemus</span> <span class='ocrx_word' id='word_1_241' title='bbox 1035 1603 1084 1632; x_wconf 86' lang='lat' dir='ltr'>per</span> <span class='ocrx_word' id='word_1_242' title='bbox 1099 1592 1177 1624; x_wconf 86' lang='lat' dir='ltr'>Prae-</span> 
     </span>
     <span class='ocr_line' id='line_1_41' title="bbox 119 1652 197 1674; baseline -0.013 0"><span class='ocrx_word' id='word_1_243' title='bbox 119 1652 197 1674; x_wconf 87' lang='lat' dir='ltr'>entes</span> 
     </span>
    </p>

    <p class='ocr_par' dir='ltr' id='par_1_17' title="bbox 113 1666 1181 2104">
     <span class='ocr_line' id='line_1_42' title="bbox 153 1666 1179 1718; baseline -0.011 -6"><span class='ocrx_word' id='word_1_244' title='bbox 153 1666 321 1718; x_wconf 68' lang='lat' dir='ltr'>Ac’insuper</span> <span class='ocrx_word' id='word_1_245' title='bbox 335 1679 424 1710; x_wconf 87' lang='lat' dir='ltr'>sciatis</span> <span class='ocrx_word' id='word_1_246' title='bbox 438 1677 539 1717; x_wconf 80' lang='lat' dir='ltr'>quod,</span> <span class='ocrx_word' id='word_1_247' title='bbox 554 1685 587 1708; x_wconf 87' lang='lat' dir='ltr'>ex</span> <span class='ocrx_word' id='word_1_248' title='bbox 602 1675 707 1707; x_wconf 72' lang='lat' dir='ltr'>Gratia</span> <span class='ocrx_word' id='word_1_249' title='bbox 720 1672 817 1705; x_wconf 71' lang='lat' dir='ltr'>nostra</span> <span class='ocrx_word' id='word_1_250' title='bbox 831 1672 941 1712; x_wconf 88' lang='lat' dir='ltr'>speciali</span> <span class='ocrx_word' id='word_1_251' title='bbox 958 1695 968 1710; x_wconf 91' lang='lat'>,</span> <span class='ocrx_word' id='word_1_252' title='bbox 999 1681 1033 1702; x_wconf 88' lang='lat' dir='ltr'>ac</span> <span class='ocrx_word' id='word_1_253' title='bbox 1049 1679 1083 1702; x_wconf 79' lang='lat' dir='ltr'>ex</span> <span class='ocrx_word' id='word_1_254' title='bbox 1100 1669 1179 1701; x_wconf 68' lang='lat' dir='ltr'>tertii</span> 
     </span>
     <span class='ocr_line' id='line_1_43' title="bbox 115 1709 1180 1753; baseline -0.011 -3"><span class='ocrx_word' id='word_1_255' title='bbox 115 1719 239 1751; x_wconf 70' lang='lat' dir='ltr'>Scientia</span> <span class='ocrx_word' id='word_1_256' title='bbox 253 1720 286 1750; x_wconf 91' lang='lat'>&amp;</span> <span class='ocrx_word' id='word_1_257' title='bbox 303 1728 381 1749; x_wconf 86' lang='lat' dir='ltr'>mero</span> <span class='ocrx_word' id='word_1_258' title='bbox 396 1716 487 1748; x_wconf 91' lang='lat' dir='ltr'>Motu</span> <span class='ocrx_word' id='word_1_259' title='bbox 504 1715 625 1753; x_wconf 83' lang='lat' dir='ltr'>nostris,</span> <span class='ocrx_word' id='word_1_260' title='bbox 635 1715 796 1745; x_wconf 89' lang='lat' dir='ltr'>Licentiam</span> <span class='ocrx_word' id='word_1_261' title='bbox 806 1712 1000 1750; x_wconf 86' lang='lat' dir='ltr'>,Facultatern</span> <span class='ocrx_word' id='word_1_262' title='bbox 1015 1712 1048 1741; x_wconf 87' lang='lat'>&amp;</span> <span class='ocrx_word' id='word_1_263' title='bbox 1065 1709 1180 1739; x_wconf 82' lang='lat' dir='ltr'>Autho-</span> 
     </span>
     <span class='ocr_line' id='line_1_44' title="bbox 114 1747 1179 1796; baseline -0.011 -7"><span class='ocrx_word' id='word_1_264' title='bbox 114 1760 241 1796; x_wconf 87' lang='lat' dir='ltr'>ritatem,</span> <span class='ocrx_word' id='word_1_265' title='bbox 258 1757 383 1788; x_wconf 87' lang='lat' dir='ltr'>Praelatis</span> <span class='ocrx_word' id='word_1_266' title='bbox 394 1756 494 1786; x_wconf 90' lang='lat' dir='ltr'>nostris</span> <span class='ocrx_word' id='word_1_267' title='bbox 512 1755 544 1786; x_wconf 90' lang='lat'>&amp;</span> <span class='ocrx_word' id='word_1_268' title='bbox 560 1753 651 1785; x_wconf 89' lang='lat' dir='ltr'>Clero</span> <span class='ocrx_word' id='word_1_269' title='bbox 667 1752 810 1790; x_wconf 66' lang='lat' dir='ltr'>praedic‘us</span> <span class='ocrx_word' id='word_1_270' title='bbox 823 1774 833 1790; x_wconf 89' lang='lat'>,</span> <span class='ocrx_word' id='word_1_271' title='bbox 869 1752 899 1781; x_wconf 92' lang='lat' dir='ltr'>in</span> <span class='ocrx_word' id='word_1_272' title='bbox 915 1751 967 1780; x_wconf 87' lang='lat' dir='ltr'>hac</span> <span class='ocrx_word' id='word_1_273' title='bbox 985 1747 1112 1786; x_wconf 83' lang='lat' dir='ltr'>praesenti</span> <span class='ocrx_word' id='word_1_274' title='bbox 1127 1748 1179 1787; x_wconf 84' lang='lat' dir='ltr'>Sy·</span> 
     </span>
     <span class='ocr_line' id='line_1_45' title="bbox 116 1786 1179 1833; baseline -0.012 -4"><span class='ocrx_word' id='word_1_275' title='bbox 116 1798 196 1829; x_wconf 89' lang='lat' dir='ltr'>nodo</span> <span class='ocrx_word' id='word_1_276' title='bbox 218 1796 417 1833; x_wconf 74' lang='lat' dir='ltr'>congregatis,</span> <span class='ocrx_word' id='word_1_277' title='bbox 430 1793 625 1830; x_wconf 85' lang='lat' dir='ltr'>decernendi,</span> <span class='ocrx_word' id='word_1_278' title='bbox 651 1791 818 1828; x_wconf 88' lang='lat' dir='ltr'>ordinandi,</span> <span class='ocrx_word' id='word_1_279' title='bbox 841 1790 873 1820; x_wconf 89' lang='lat'>&amp;</span> <span class='ocrx_word' id='word_1_280' title='bbox 891 1786 1085 1820; x_wconf 86' lang='lat' dir='ltr'>constituendi</span> <span class='ocrx_word' id='word_1_281' title='bbox 1100 1797 1179 1825; x_wconf 86' lang='lat' dir='ltr'>quae—</span> 
     </span>
     <span class='ocr_line' id='line_1_46' title="bbox 116 1825 1176 1874; baseline -0.012 -7"><span class='ocrx_word' id='word_1_282' title='bbox 116 1846 242 1874; x_wconf 87' lang='lat' dir='ltr'>cumque</span> <span class='ocrx_word' id='word_1_283' title='bbox 262 1835 385 1865; x_wconf 78' lang='lat' dir='ltr'>Decreta</span> <span class='ocrx_word' id='word_1_284' title='bbox 401 1855 410 1871; x_wconf 84' lang='lat'>,</span> <span class='ocrx_word' id='word_1_285' title='bbox 436 1833 638 1863; x_wconf 80' lang='lat' dir='ltr'>Ordinationes</span> <span class='ocrx_word' id='word_1_286' title='bbox 653 1831 686 1861; x_wconf 90' lang='lat'>&amp;</span> <span class='ocrx_word' id='word_1_287' title='bbox 704 1829 932 1860; x_wconf 91' lang='lat' dir='ltr'>Constitutiones</span> <span class='ocrx_word' id='word_1_288' title='bbox 954 1825 1125 1866; x_wconf 79' lang='lat' dir='ltr'>Synodales,</span> <span class='ocrx_word' id='word_1_289' title='bbox 1143 1835 1176 1856; x_wconf 87' lang='lat' dir='ltr'>ac</span> 
     </span>
     <span class='ocr_line' id='line_1_47' title="bbox 116 1865 1178 1913; baseline -0.011 -8"><span class='ocrx_word' id='word_1_290' title='bbox 116 1875 218 1906; x_wconf 86' lang='lat' dir='ltr'>eadem</span> <span class='ocrx_word' id='word_1_291' title='bbox 228 1898 237 1913; x_wconf 91' lang='lat'>,</span> <span class='ocrx_word' id='word_1_292' title='bbox 255 1875 291 1905; x_wconf 90' lang='lat' dir='ltr'>sic</span> <span class='ocrx_word' id='word_1_293' title='bbox 304 1883 354 1912; x_wconf 88' lang='lat' dir='ltr'>per</span> <span class='ocrx_word' id='word_1_294' title='bbox 374 1872 445 1910; x_wconf 88' lang='lat' dir='ltr'>ipsos</span> <span class='ocrx_word' id='word_1_295' title='bbox 462 1871 586 1902; x_wconf 82' lang='lat' dir='ltr'>Decreta</span> <span class='ocrx_word' id='word_1_296' title='bbox 597 1893 606 1909; x_wconf 76' lang='lat'>,</span> <span class='ocrx_word' id='word_1_297' title='bbox 618 1869 773 1906; x_wconf 85' lang='lat' dir='ltr'>Ordinata‚</span> <span class='ocrx_word' id='word_1_298' title='bbox 788 1868 821 1898; x_wconf 70' lang='grc' dir='ltr'>ὃ(</span> <span class='ocrx_word' id='word_1_299' title='bbox 838 1866 1017 1903; x_wconf 84' lang='lat' dir='ltr'>Constituta,</span> <span class='ocrx_word' id='word_1_300' title='bbox 1033 1865 1178 1894; x_wconf 75' lang='lat' dir='ltr'>executio-</span> 
     </span>
     <span class='ocr_line' id='line_1_48' title="bbox 117 1903 1180 1946; baseline -0.011 -2"><span class='ocrx_word' id='word_1_301' title='bbox 117 1914 148 1944; x_wconf 88' lang='lat' dir='ltr'>ni</span> <span class='ocrx_word' id='word_1_302' title='bbox 167 1913 319 1943; x_wconf 79' lang='lat' dir='ltr'>mandandi</span> <span class='ocrx_word' id='word_1_303' title='bbox 341 1912 373 1943; x_wconf 73' lang='grc' dir='ltr'>δε</span> <span class='ocrx_word' id='word_1_304' title='bbox 389 1920 457 1942; x_wconf 86' lang='lat' dir='ltr'>cum</span> <span class='ocrx_word' id='word_1_305' title='bbox 473 1909 579 1940; x_wconf 58' lang='lat' dir='ltr'>effeciu</span> <span class='ocrx_word' id='word_1_306' title='bbox 594 1907 751 1946; x_wconf 83' lang='lat' dir='ltr'>exequendi</span> <span class='ocrx_word' id='word_1_307' title='bbox 766 1929 775 1945; x_wconf 89' lang='lat'>‚</span> <span class='ocrx_word' id='word_1_308' title='bbox 803 1915 868 1945; x_wconf 81' lang='lat' dir='ltr'>quae</span> <span class='ocrx_word' id='word_1_309' title='bbox 888 1906 937 1935; x_wconf 86' lang='lat' dir='ltr'>sibi</span> <span class='ocrx_word' id='word_1_310' title='bbox 958 1903 1118 1934; x_wconf 81' lang='lat' dir='ltr'>commoda</span> <span class='ocrx_word' id='word_1_311' title='bbox 1136 1903 1180 1933; x_wconf 91' lang='lat' dir='ltr'>seu</span> 
     </span>
     <span class='ocr_line' id='line_1_49' title="bbox 115 1942 1181 1989; baseline -0.011 -7"><span class='ocrx_word' id='word_1_312' title='bbox 115 1960 274 1989; x_wconf 84' lang='lat' dir='ltr'>opportuna</span> <span class='ocrx_word' id='word_1_313' title='bbox 289 1950 460 1981; x_wconf 90' lang='lat' dir='ltr'>videbuntur</span> <span class='ocrx_word' id='word_1_314' title='bbox 485 1958 538 1985; x_wconf 90' lang='lat' dir='ltr'>pro</span> <span class='ocrx_word' id='word_1_315' title='bbox 558 1948 668 1978; x_wconf 84' lang='lat' dir='ltr'>meliori</span> <span class='ocrx_word' id='word_1_316' title='bbox 692 1956 756 1976; x_wconf 86' lang='lat' dir='ltr'>vera</span> <span class='ocrx_word' id='word_1_317' title='bbox 781 1945 814 1975; x_wconf 88' lang='lat'>&amp;</span> <span class='ocrx_word' id='word_1_318' title='bbox 837 1943 912 1983; x_wconf 88' lang='lat' dir='ltr'>justa</span> <span class='ocrx_word' id='word_1_319' title='bbox 940 1942 1122 1972; x_wconf 59' lang='lat' dir='ltr'>&amp;illectione</span> <span class='ocrx_word' id='word_1_320' title='bbox 1147 1943 1181 1973; x_wconf 90' lang='lat'>&amp;</span> 
     </span>
     <span class='ocr_line' id='line_1_50' title="bbox 114 1980 1180 2022; baseline -0.011 -1"><span class='ocrx_word' id='word_1_321' title='bbox 114 1990 267 2022; x_wconf 89' lang='lat' dir='ltr'>Solutione</span> <span class='ocrx_word' id='word_1_322' title='bbox 286 1990 372 2020; x_wconf 65' lang='lat' dir='ltr'>dieta:</span> <span class='ocrx_word' id='word_1_323' title='bbox 387 1987 536 2018; x_wconf 78' lang='lat' dir='ltr'>benevolae</span> <span class='ocrx_word' id='word_1_324' title='bbox 553 1984 845 2021; x_wconf 75' lang='lat' dir='ltr'>Conti·ibutioniS,&amp;</span> <span class='ocrx_word' id='word_1_325' title='bbox 863 1982 1008 2021; x_wconf 88' lang='lat' dir='ltr'>cujussibet</span> <span class='ocrx_word' id='word_1_326' title='bbox 1025 1980 1091 2010; x_wconf 87' lang='lat' dir='ltr'>inde</span> <span class='ocrx_word' id='word_1_327' title='bbox 1109 1980 1180 2011; x_wconf 86' lang='lat' dir='ltr'>Par·</span> 
     </span>
     <span class='ocr_line' id='line_1_51' title="bbox 113 2021 1180 2068; baseline -0.01 -8"><span class='ocrx_word' id='word_1_328' title='bbox 113 2029 212 2068; x_wconf 61' lang='lat' dir='ltr'>cfflae,</span> <span class='ocrx_word' id='word_1_329' title='bbox 228 2029 374 2065; x_wconf 81' lang='lat' dir='ltr'>dedimus,</span> <span class='ocrx_word' id='word_1_330' title='bbox 388 2025 581 2057; x_wconf 77' lang='lat' dir='ltr'>concessimus</span> <span class='ocrx_word' id='word_1_331' title='bbox 602 2026 634 2056; x_wconf 87' lang='lat'>&amp;</span> <span class='ocrx_word' id='word_1_332' title='bbox 657 2024 892 2055; x_wconf 76' lang='lat' dir='ltr'>confirmavimus</span> <span class='ocrx_word' id='word_1_333' title='bbox 909 2043 919 2059; x_wconf 88' lang='lat'>,</span> <span class='ocrx_word' id='word_1_334' title='bbox 950 2030 983 2051; x_wconf 90' lang='lat' dir='ltr'>ac</span> <span class='ocrx_word' id='word_1_335' title='bbox 1002 2021 1088 2050; x_wconf 86' lang='lat' dir='ltr'>etiarn</span> <span class='ocrx_word' id='word_1_336' title='bbox 1108 2029 1180 2050; x_wconf 91' lang='lat' dir='ltr'>con-</span> 
     </span>
     <span class='ocr_line' id='line_1_52' title="bbox 115 2063 750 2104; baseline -0.009 -5"><span class='ocrx_word' id='word_1_337' title='bbox 115 2069 244 2099; x_wconf 88' lang='lat' dir='ltr'>cedimus</span> <span class='ocrx_word' id='word_1_338' title='bbox 257 2068 289 2097; x_wconf 72' lang='grc' dir='ltr'>δε</span> <span class='ocrx_word' id='word_1_339' title='bbox 309 2066 511 2098; x_wconf 79' lang='lat' dir='ltr'>confirmamus</span> <span class='ocrx_word' id='word_1_340' title='bbox 525 2074 573 2104; x_wconf 89' lang='lat' dir='ltr'>per</span> <span class='ocrx_word' id='word_1_341' title='bbox 589 2063 750 2095; x_wconf 69' lang='lat' dir='ltr'>praesentes.</span> 
     </span>
    </p>

    <p class='ocr_par' dir='ltr' id='par_1_18' title="bbox 152 2105 431 2145">
     <span class='ocr_line' id='line_1_53' title="bbox 152 2105 431 2145; baseline -0.011 -7"><span class='ocrx_word' id='word_1_342' title='bbox 152 2105 186 2138; x_wconf 86' lang='lat' dir='ltr'>In</span> <span class='ocrx_word' id='word_1_343' title='bbox 202 2106 282 2144; x_wconf 87' lang='lat' dir='ltr'>cujus</span> <span class='ocrx_word' id='word_1_344' title='bbox 295 2107 352 2145; x_wconf 79' lang='lat' dir='ltr'>rei,</span> <span class='ocrx_word' id='word_1_345' title='bbox 370 2105 431 2136; x_wconf 85' lang='lat' dir='ltr'>&amp;c-</span> 
     </span>
    </p>

    <p class='ocr_par' dir='ltr' id='par_1_19' title="bbox 116 2133 1181 2223">
     <span class='ocr_line' id='line_1_54' title="bbox 187 2133 1181 2183; baseline -0.01 -9"><span class='ocrx_word' id='word_1_346' title='bbox 187 2143 278 2175; x_wconf 88' lang='lat' dir='ltr'>Teste</span> <span class='ocrx_word' id='word_1_347' title='bbox 302 2143 412 2183; x_wconf 74' lang='lat' dir='ltr'>Regina</span> <span class='ocrx_word' id='word_1_348' title='bbox 430 2141 504 2180; x_wconf 88' lang='lat' dir='ltr'>apud</span> <span class='ocrx_word' id='word_1_349' title='bbox 525 2137 805 2181; x_wconf 73' lang='lat' dir='ltr'>Wellmonasterium,</span> <span class='ocrx_word' id='word_1_350' title='bbox 819 2147 906 2170; x_wconf 91' lang='lat' dir='ltr'>nono</span> <span class='ocrx_word' id='word_1_351' title='bbox 921 2135 968 2168; x_wconf 86' lang='lat' dir='ltr'>die</span> <span class='ocrx_word' id='word_1_352' title='bbox 990 2133 1181 2174; x_wconf 83' lang='lat' dir='ltr'>Martii,An-</span> 
     </span>
     <span class='ocr_line' id='line_1_55' title="bbox 116 2182 576 2223; baseline -0.011 -7"><span class='ocrx_word' id='word_1_353' title='bbox 116 2193 157 2216; x_wconf 81' lang='lat' dir='ltr'>no</span> <span class='ocrx_word' id='word_1_354' title='bbox 171 2182 264 2223; x_wconf 79' lang='lat' dir='ltr'>Regni</span> <span class='ocrx_word' id='word_1_355' title='bbox 277 2183 319 2215; x_wconf 85' lang='lat' dir='ltr'>sui</span> <span class='ocrx_word' id='word_1_356' title='bbox 334 2182 470 2215; x_wconf 80' lang='lat' dir='ltr'>vicesimo</span> <span class='ocrx_word' id='word_1_357' title='bbox 486 2190 576 2213; x_wconf 91' lang='lat' dir='ltr'>nono.</span> 
     </span>
    </p>
   </div>
   <div class='ocr_carea' id='block_1_13' title="bbox 833 2255 1142 2296">
    <p class='ocr_par' dir='ltr' id='par_1_20' title="bbox 833 2255 1142 2296">
     <span class='ocr_line' id='line_1_56' title="bbox 833 2255 1142 2296; baseline -0.016 -8"><span class='ocrx_word' id='word_1_358' title='bbox 833 2260 887 2289; x_wconf 85' lang='lat' dir='ltr'>Per</span> <span class='ocrx_word' id='word_1_359' title='bbox 906 2255 990 2296; x_wconf 83' lang='lat' dir='ltr'>ipsam</span> <span class='ocrx_word' id='word_1_360' title='bbox 1004 2258 1142 2294; x_wconf 76' lang='lat' dir='ltr'>Reginam.</span> 
     </span>
    </p>
   </div>
   <div class='ocr_carea' id='block_1_14' title="bbox 107 2346 1171 2364">
    <p class='ocr_par' dir='ltr' id='par_1_21' title="bbox 107 2346 1171 2364">
     <span class='ocr_line' id='line_1_57' title="bbox 107 2346 1171 2364; baseline 0 1915"><span class='ocrx_word' id='word_1_361' title='bbox 107 2346 1171 2364; x_wconf 95' lang='lat' dir='ltr'> </span> 
     </span>
    </p>
   </div>
   <div class='ocr_carea' id='block_1_15' title="bbox 246 2394 1047 2449">
    <p class='ocr_par' dir='ltr' id='par_1_22' title="bbox 246 2394 1047 2449">
     <span class='ocr_line' id='line_1_58' title="bbox 246 2394 1047 2449; baseline -0.014 -11"><span class='ocrx_word' id='word_1_362' title='bbox 246 2402 304 2438; x_wconf 73' lang='lat' dir='ltr'>Ad</span> <span class='ocrx_word' id='word_1_363' title='bbox 320 2405 463 2449; x_wconf 81' lang='lat' dir='ltr'>Reginam</span> <span class='ocrx_word' id='word_1_364' title='bbox 481 2401 589 2434; x_wconf 60' lang='lat' dir='ltr'>Latera</span> <span class='ocrx_word' id='word_1_365' title='bbox 605 2399 731 2432; x_wconf 76' lang='lat' dir='ltr'>Comitis</span> <span class='ocrx_word' id='word_1_366' title='bbox 747 2395 840 2439; x_wconf 74' lang='lat' dir='ltr'>Frisi‘ae</span> <span class='ocrx_word' id='word_1_367' title='bbox 868 2394 1047 2428; x_wconf 81' lang='lat' dir='ltr'>orientalis.</span> 
     </span>
    </p>
   </div>
   <div class='ocr_carea' id='block_1_16' title="bbox 106 2476 1184 4064">
    <p class='ocr_par' dir='ltr' id='par_1_23' title="bbox 111 2476 1179 2642">
     <span class='ocr_line' id='line_1_59' title="bbox 178 2476 1179 2522; baseline -0.012 -3"><span class='ocrx_word' id='word_1_368' title='bbox 178 2487 330 2522; x_wconf 82' lang='lat' dir='ltr'>reniffimae</span> <span class='ocrx_word' id='word_1_369' title='bbox 346 2487 380 2518; x_wconf 87' lang='lat'>&amp;</span> <span class='ocrx_word' id='word_1_370' title='bbox 395 2483 604 2518; x_wconf 79' lang='lat' dir='ltr'>Potentiffimae</span> <span class='ocrx_word' id='word_1_371' title='bbox 617 2482 745 2521; x_wconf 74' lang='lat' dir='ltr'>Principi</span> <span class='ocrx_word' id='word_1_372' title='bbox 771 2480 911 2512; x_wconf 77' lang='lat' dir='ltr'>Dominae</span> <span class='ocrx_word' id='word_1_373' title='bbox 926 2476 1104 2509; x_wconf 75' lang='lat' dir='ltr'>Elizaheihae</span> <span class='ocrx_word' id='word_1_374' title='bbox 1112 2480 1179 2508; x_wconf 87' lang='lat' dir='ltr'>An-</span> 
     </span>
     <span class='ocr_line' id='line_1_60' title="bbox 166 2504 1177 2568; baseline -0.012 -11"><span class='ocrx_word' id='word_1_375' title='bbox 166 2528 245 2568; x_wconf 57' lang='lat' dir='ltr'>gla»,</span> <span class='ocrx_word' id='word_1_376' title='bbox 261 2530 382 2557; x_wconf 70' lang='lat' dir='ltr'>Francia</span> <span class='ocrx_word' id='word_1_377' title='bbox 396 2524 435 2561; x_wconf 63' lang='grc' dir='ltr'>ὠ·</span> <span class='ocrx_word' id='word_1_378' title='bbox 449 2524 591 2555; x_wconf 73' lang='lat' dir='ltr'>Hibernia</span> <span class='ocrx_word' id='word_1_379' title='bbox 604 2525 714 2561; x_wconf 77' lang='lat' dir='ltr'>Reginae</span> <span class='ocrx_word' id='word_1_380' title='bbox 738 2504 818 2551; x_wconf 65' lang='lat' dir='ltr'>I3idei</span> <span class='ocrx_word' id='word_1_381' title='bbox 837 2517 1026 2550; x_wconf 87' lang='lat' dir='ltr'>Defensatrici</span> <span class='ocrx_word' id='word_1_382' title='bbox 1037 2540 1047 2556; x_wconf 90' lang='lat'>‚</span> <span class='ocrx_word' id='word_1_383' title='bbox 1068 2516 1177 2547; x_wconf 85' lang='lat' dir='ltr'>Domi-</span> 
     </span>
     <span class='ocr_line' id='line_1_61' title="bbox 113 2555 1176 2602; baseline -0.014 -2"><span class='ocrx_word' id='word_1_384' title='bbox 113 2579 159 2601; x_wconf 80' lang='lat' dir='ltr'>nae</span> <span class='ocrx_word' id='word_1_385' title='bbox 180 2567 235 2598; x_wconf 83' lang='lat' dir='ltr'>suae</span> <span class='ocrx_word' id='word_1_386' title='bbox 258 2562 514 2602; x_wconf 79' lang='lat' dir='ltr'>Clementiffimae‚</span> <span class='ocrx_word' id='word_1_387' title='bbox 528 2561 639 2594; x_wconf 84' lang='lat' dir='ltr'>summa</span> <span class='ocrx_word' id='word_1_388' title='bbox 652 2568 724 2593; x_wconf 85' lang='lat' dir='ltr'>cum</span> <span class='ocrx_word' id='word_1_389' title='bbox 737 2558 914 2591; x_wconf 75' lang='lat' dir='ltr'>observantia</span> <span class='ocrx_word' id='word_1_390' title='bbox 932 2557 1059 2588; x_wconf 88' lang='lat' dir='ltr'>Salutem</span> <span class='ocrx_word' id='word_1_391' title='bbox 1075 2557 1108 2588; x_wconf 92' lang='lat'>&amp;</span> <span class='ocrx_word' id='word_1_392' title='bbox 1123 2555 1176 2586; x_wconf 83' lang='lat' dir='ltr'>Fe—</span> 
     </span>
     <span class='ocr_line' id='line_1_62' title="bbox 111 2608 398 2642; baseline -0.028 -2"><span class='ocrx_word' id='word_1_393' title='bbox 111 2608 248 2640; x_wconf 86' lang='lat' dir='ltr'>licitatem</span> <span class='ocrx_word' id='word_1_394' title='bbox 263 2612 398 2642; x_wconf 80' lang='lat' dir='ltr'>precatur.</span> 
     </span>
    </p>

    <p class='ocr_par' dir='ltr' id='par_1_24' title="bbox 151 2633 1072 2684">
     <span class='ocr_line' id='line_1_63' title="bbox 151 2633 1072 2684; baseline -0.015 -8"><span class='ocrx_word' id='word_1_395' title='bbox 151 2643 316 2684; x_wconf 75' lang='lat' dir='ltr'>Sereniffi&#39;ma</span> <span class='ocrx_word' id='word_1_396' title='bbox 337 2640 376 2677; x_wconf 63' lang='grc' dir='ltr'>ὠ·</span> <span class='ocrx_word' id='word_1_397' title='bbox 396 2637 581 2678; x_wconf 73' lang='lat' dir='ltr'>Potentifflma</span> <span class='ocrx_word' id='word_1_398' title='bbox 595 2638 699 2677; x_wconf 70' lang='lat' dir='ltr'>Regina</span> <span class='ocrx_word' id='word_1_399' title='bbox 713 2638 833 2667; x_wconf 78' lang='lat' dir='ltr'>Domina</span> <span class='ocrx_word' id='word_1_400' title='bbox 846 2633 1054 2674; x_wconf 80' lang='lat' dir='ltr'>Clementiffima</span> <span class='ocrx_word' id='word_1_401' title='bbox 1063 2656 1072 2672; x_wconf 85' lang='lat'>,</span> 
     </span>
    </p>

    <p class='ocr_par' dir='ltr' id='par_1_25' title="bbox 152 2670 1178 2720">
     <span class='ocr_line' id='line_1_64' title="bbox 152 2670 1178 2720; baseline -0.016 -4"><span class='ocrx_word' id='word_1_402' title='bbox 152 2682 234 2716; x_wconf 73' lang='lat' dir='ltr'>Cum</span> <span class='ocrx_word' id='word_1_403' title='bbox 249 2680 433 2720; x_wconf 87' lang='lat' dir='ltr'>superioribus</span> <span class='ocrx_word' id='word_1_404' title='bbox 447 2678 545 2709; x_wconf 82' lang='lat' dir='ltr'>diebus</span> <span class='ocrx_word' id='word_1_405' title='bbox 557 2680 646 2714; x_wconf 60' lang='lat' dir='ltr'>Regia</span> <span class='ocrx_word' id='word_1_406' title='bbox 657 2673 757 2714; x_wconf 71' lang='lat' dir='ltr'>vestre</span> <span class='ocrx_word' id='word_1_407' title='bbox 774 2673 933 2713; x_wconf 80' lang='lat' dir='ltr'>Majestatis</span> <span class='ocrx_word' id='word_1_408' title='bbox 951 2673 1072 2714; x_wconf 84' lang='lat' dir='ltr'>Legatus</span> <span class='ocrx_word' id='word_1_409' title='bbox 1082 2694 1092 2710; x_wconf 87' lang='lat'>,</span> <span class='ocrx_word' id='word_1_410' title='bbox 1106 2670 1178 2701; x_wconf 88' lang='lat' dir='ltr'>No-</span> 
     </span>
    </p>

    <p class='ocr_par' dir='ltr' id='par_1_26' title="bbox 106 2710 1183 3602">
     <span class='ocr_line' id='line_1_65' title="bbox 113 2710 1175 2757; baseline -0.016 -2"><span class='ocrx_word' id='word_1_411' title='bbox 113 2724 222 2757; x_wconf 85' lang='lat' dir='ltr'>bilitate</span> <span class='ocrx_word' id='word_1_412' title='bbox 239 2720 375 2756; x_wconf 79' lang='lat' dir='ltr'>Generis,</span> <span class='ocrx_word' id='word_1_413' title='bbox 388 2715 532 2755; x_wconf 72' lang='lat' dir='ltr'>Sapientia</span> <span class='ocrx_word' id='word_1_414' title='bbox 549 2716 582 2747; x_wconf 84' lang='lat'>&amp;</span> <span class='ocrx_word' id='word_1_415' title='bbox 602 2715 748 2757; x_wconf 85' lang='lat' dir='ltr'>Dignitate</span> <span class='ocrx_word' id='word_1_416' title='bbox 770 2710 1009 2751; x_wconf 78' lang='lat' dir='ltr'>praestantisslmus</span> <span class='ocrx_word' id='word_1_417' title='bbox 1027 2711 1097 2748; x_wconf 74' lang='lat' dir='ltr'>Vir,</span> <span class='ocrx_word' id='word_1_418' title='bbox 1116 2713 1175 2740; x_wconf 87' lang='lat' dir='ltr'>Ho-</span> 
     </span>
     <span class='ocr_line' id='line_1_66' title="bbox 114 2749 1174 2795; baseline -0.014 -2"><span class='ocrx_word' id='word_1_419' title='bbox 114 2766 204 2793; x_wconf 78' lang='lat' dir='ltr'>ratius</span> <span class='ocrx_word' id='word_1_420' title='bbox 222 2759 400 2789; x_wconf 74' lang='lat' dir='ltr'>Palavicinus</span> <span class='ocrx_word' id='word_1_421' title='bbox 410 2779 420 2795; x_wconf 91' lang='lat'>,</span> <span class='ocrx_word' id='word_1_422' title='bbox 437 2764 471 2786; x_wconf 90' lang='lat' dir='ltr'>ex</span> <span class='ocrx_word' id='word_1_423' title='bbox 485 2753 617 2785; x_wconf 87' lang='lat' dir='ltr'>laboriosa</span> <span class='ocrx_word' id='word_1_424' title='bbox 629 2755 662 2786; x_wconf 89' lang='lat'>&amp;</span> <span class='ocrx_word' id='word_1_425' title='bbox 678 2753 811 2784; x_wconf 87' lang='lat' dir='ltr'>diuturna</span> <span class='ocrx_word' id='word_1_426' title='bbox 825 2751 983 2791; x_wconf 78' lang='lat' dir='ltr'>Legatione</span> <span class='ocrx_word' id='word_1_427' title='bbox 996 2749 1174 2780; x_wconf 86' lang='lat' dir='ltr'>Germanica</span> 
     </span>
     <span class='ocr_line' id='line_1_67' title="bbox 113 2786 1173 2836; baseline -0.011 -7"><span class='ocrx_word' id='word_1_428' title='bbox 113 2802 202 2833; x_wconf 74' lang='lat' dir='ltr'>salvus</span> <span class='ocrx_word' id='word_1_429' title='bbox 216 2798 359 2836; x_wconf 83' lang='lat' dir='ltr'>sospeique</span> <span class='ocrx_word' id='word_1_430' title='bbox 380 2796 435 2826; x_wconf 88' lang='lat' dir='ltr'>hac</span> <span class='ocrx_word' id='word_1_431' title='bbox 450 2793 593 2831; x_wconf 72' lang='lat' dir='ltr'>transiret,</span> <span class='ocrx_word' id='word_1_432' title='bbox 607 2802 692 2831; x_wconf 85' lang='lat' dir='ltr'>atque</span> <span class='ocrx_word' id='word_1_433' title='bbox 706 2791 775 2822; x_wconf 84' lang='lat' dir='ltr'>binc</span> <span class='ocrx_word' id='word_1_434' title='bbox 790 2791 820 2820; x_wconf 89' lang='lat' dir='ltr'>in</span> <span class='ocrx_word' id='word_1_435' title='bbox 836 2790 972 2829; x_wconf 86' lang='lat' dir='ltr'>Angliam</span> <span class='ocrx_word' id='word_1_436' title='bbox 992 2788 1068 2819; x_wconf 81' lang='lat' dir='ltr'>felici</span> <span class='ocrx_word' id='word_1_437' title='bbox 1090 2786 1173 2818; x_wconf 88' lang='lat' dir='ltr'>cursu</span> 
     </span>
     <span class='ocr_line' id='line_1_68' title="bbox 114 2826 1173 2879; baseline -0.017 -8"><span class='ocrx_word' id='word_1_438' title='bbox 114 2840 256 2879; x_wconf 82' lang='lat' dir='ltr'>navigaret</span> <span class='ocrx_word' id='word_1_439' title='bbox 266 2846 343 2876; x_wconf 87' lang='lat' dir='ltr'>,non</span> <span class='ocrx_word' id='word_1_440' title='bbox 357 2834 438 2873; x_wconf 89' lang='lat' dir='ltr'>potui</span> <span class='ocrx_word' id='word_1_441' title='bbox 453 2832 544 2863; x_wconf 79' lang='lat' dir='ltr'>facere</span> <span class='ocrx_word' id='word_1_442' title='bbox 555 2832 640 2871; x_wconf 88' lang='lat' dir='ltr'>quin,</span> <span class='ocrx_word' id='word_1_443' title='bbox 655 2839 707 2868; x_wconf 88' lang='lat' dir='ltr'>pro</span> <span class='ocrx_word' id='word_1_444' title='bbox 720 2839 757 2861; x_wconf 85' lang='lat' dir='ltr'>eo</span> <span class='ocrx_word' id='word_1_445' title='bbox 770 2838 828 2869; x_wconf 93' lang='lat' dir='ltr'>quo</span> <span class='ocrx_word' id='word_1_446' title='bbox 844 2831 953 2865; x_wconf 72' lang='lat' dir='ltr'>Regiam</span> <span class='ocrx_word' id='word_1_447' title='bbox 967 2826 1088 2866; x_wconf 74' lang='lat' dir='ltr'>vestram</span> <span class='ocrx_word' id='word_1_448' title='bbox 1105 2829 1173 2855; x_wconf 83' lang='lat' dir='ltr'>Ma-</span> 
     </span>
     <span class='ocr_line' id='line_1_69' title="bbox 106 2866 1176 2920; baseline -0.015 -11"><span class='ocrx_word' id='word_1_449' title='bbox 106 2877 235 2920; x_wconf 72' lang='lat' dir='ltr'>jeftatem</span> <span class='ocrx_word' id='word_1_450' title='bbox 251 2876 320 2907; x_wconf 91' lang='lat' dir='ltr'>colo</span> <span class='ocrx_word' id='word_1_451' title='bbox 338 2873 432 2904; x_wconf 84' lang='lat' dir='ltr'>studio</span> <span class='ocrx_word' id='word_1_452' title='bbox 444 2880 527 2909; x_wconf 88' lang='lat' dir='ltr'>atque</span> <span class='ocrx_word' id='word_1_453' title='bbox 539 2869 714 2901; x_wconf 81' lang='lat' dir='ltr'>observantia</span> <span class='ocrx_word' id='word_1_454' title='bbox 729 2890 739 2906; x_wconf 90' lang='lat'>,</span> <span class='ocrx_word' id='word_1_455' title='bbox 765 2877 815 2906; x_wconf 84' lang='lat' dir='ltr'>per</span> <span class='ocrx_word' id='word_1_456' title='bbox 837 2866 930 2897; x_wconf 77' lang='lat' dir='ltr'>fideles</span> <span class='ocrx_word' id='word_1_457' title='bbox 951 2866 1073 2908; x_wconf 68' lang='lat' dir='ltr'>dile6h2s</span> <span class='ocrx_word' id='word_1_458' title='bbox 1097 2874 1176 2894; x_wconf 88' lang='lat' dir='ltr'>meos</span> 
     </span>
     <span class='ocr_line' id='line_1_70' title="bbox 113 2904 1176 2948; baseline -0.015 0"><span class='ocrx_word' id='word_1_459' title='bbox 113 2915 251 2948; x_wconf 81' lang='lat' dir='ltr'>Consules</span> <span class='ocrx_word' id='word_1_460' title='bbox 264 2916 298 2946; x_wconf 87' lang='lat'>&amp;</span> <span class='ocrx_word' id='word_1_461' title='bbox 315 2913 464 2944; x_wconf 82' lang='lat' dir='ltr'>Senatores</span> <span class='ocrx_word' id='word_1_462' title='bbox 485 2919 558 2940; x_wconf 80' lang='lat' dir='ltr'>mcae</span> <span class='ocrx_word' id='word_1_463' title='bbox 574 2909 654 2938; x_wconf 73' lang='lat' dir='ltr'>Urbis</span> <span class='ocrx_word' id='word_1_464' title='bbox 667 2907 784 2937; x_wconf 60' lang='lat' dir='ltr'>Emi-de</span> <span class='ocrx_word' id='word_1_465' title='bbox 823 2905 903 2936; x_wconf 84' lang='lat' dir='ltr'>illum</span> <span class='ocrx_word' id='word_1_466' title='bbox 916 2905 1043 2944; x_wconf 81' lang='lat' dir='ltr'>jusserim</span> <span class='ocrx_word' id='word_1_467' title='bbox 1058 2904 1176 2940; x_wconf 72' lang='lat' dir='ltr'>salutari,</span> 
     </span>
     <span class='ocr_line' id='line_1_71' title="bbox 114 2943 1175 2994; baseline -0.016 -7"><span class='ocrx_word' id='word_1_468' title='bbox 114 2957 148 2987; x_wconf 85' lang='lat'>&amp;</span> <span class='ocrx_word' id='word_1_469' title='bbox 162 2955 390 2994; x_wconf 84' lang='lat' dir='ltr'>qualemcunque</span> <span class='ocrx_word' id='word_1_470' title='bbox 412 2949 510 2980; x_wconf 76' lang='lat' dir='ltr'>offerri</span> <span class='ocrx_word' id='word_1_471' title='bbox 533 2947 771 2985; x_wconf 59' lang='lat' dir='ltr'>significationem</span> <span class='ocrx_word' id='word_1_472' title='bbox 810 2945 972 2976; x_wconf 89' lang='lat' dir='ltr'>umanitatis</span> <span class='ocrx_word' id='word_1_473' title='bbox 993 2944 1026 2974; x_wconf 69' lang='grc' dir='ltr'>ὅ(</span> <span class='ocrx_word' id='word_1_474' title='bbox 1047 2943 1175 2973; x_wconf 87' lang='lat' dir='ltr'>benevo-</span> 
     </span>
     <span class='ocr_line' id='line_1_72' title="bbox 115 2982 1175 3030; baseline -0.015 -5"><span class='ocrx_word' id='word_1_475' title='bbox 115 2994 232 3030; x_wconf 75' lang='lat' dir='ltr'>lentiae,</span> <span class='ocrx_word' id='word_1_476' title='bbox 245 3001 334 3029; x_wconf 85' lang='lat' dir='ltr'>neque</span> <span class='ocrx_word' id='word_1_477' title='bbox 355 2990 428 3020; x_wconf 88' lang='lat' dir='ltr'>hanc</span> <span class='ocrx_word' id='word_1_478' title='bbox 441 2987 624 3018; x_wconf 72' lang='lat' dir='ltr'>occasionem</span> <span class='ocrx_word' id='word_1_479' title='bbox 645 2983 836 3016; x_wconf 90' lang='lat' dir='ltr'>omittendam</span> <span class='ocrx_word' id='word_1_480' title='bbox 857 2983 975 3021; x_wconf 83' lang='lat' dir='ltr'>putavi,</span> <span class='ocrx_word' id='word_1_481' title='bbox 1007 2982 1041 3011; x_wconf 94' lang='lat' dir='ltr'>ad</span> <span class='ocrx_word' id='word_1_482' title='bbox 1063 2985 1175 3018; x_wconf 80' lang='lat' dir='ltr'>Regiam</span> 
     </span>
     <span class='ocr_line' id='line_1_73' title="bbox 116 3020 1173 3072; baseline -0.013 -10"><span class='ocrx_word' id='word_1_483' title='bbox 116 3031 236 3072; x_wconf 76' lang='lat' dir='ltr'>vestram</span> <span class='ocrx_word' id='word_1_484' title='bbox 258 3028 433 3068; x_wconf 65' lang='lat' dir='ltr'>Majcstatem</span> <span class='ocrx_word' id='word_1_485' title='bbox 446 3025 603 3062; x_wconf 77' lang='lat' dir='ltr'>scribendi,</span> <span class='ocrx_word' id='word_1_486' title='bbox 619 3023 749 3063; x_wconf 87' lang='lat' dir='ltr'>measque</span> <span class='ocrx_word' id='word_1_487' title='bbox 761 3021 848 3053; x_wconf 84' lang='lat' dir='ltr'>dandi</span> <span class='ocrx_word' id='word_1_488' title='bbox 864 3021 987 3058; x_wconf 76' lang='lat' dir='ltr'>Literas,</span> <span class='ocrx_word' id='word_1_489' title='bbox 1001 3020 1104 3050; x_wconf 86' lang='lat' dir='ltr'>Testes</span> <span class='ocrx_word' id='word_1_490' title='bbox 1117 3020 1173 3049; x_wconf 88' lang='lat' dir='ltr'>mei</span> 
     </span>
     <span class='ocr_line' id='line_1_74' title="bbox 116 3057 1175 3108; baseline -0.014 -6"><span class='ocrx_word' id='word_1_491' title='bbox 116 3081 182 3108; x_wconf 64' lang='lat' dir='ltr'>erga</span> <span class='ocrx_word' id='word_1_492' title='bbox 197 3073 307 3107; x_wconf 74' lang='lat' dir='ltr'>Regiam</span> <span class='ocrx_word' id='word_1_493' title='bbox 322 3066 443 3107; x_wconf 76' lang='lat' dir='ltr'>vestram</span> <span class='ocrx_word' id='word_1_494' title='bbox 457 3062 633 3103; x_wconf 63' lang='lat' dir='ltr'>Majtstatem</span> <span class='ocrx_word' id='word_1_495' title='bbox 647 3062 774 3101; x_wconf 89' lang='lat' dir='ltr'>perpetui</span> <span class='ocrx_word' id='word_1_496' title='bbox 785 3059 878 3091; x_wconf 90' lang='lat' dir='ltr'>Studii</span> <span class='ocrx_word' id='word_1_497' title='bbox 893 3082 903 3098; x_wconf 93' lang='lat'>‚</span> <span class='ocrx_word' id='word_1_498' title='bbox 924 3057 1080 3089; x_wconf 86' lang='lat' dir='ltr'>constantis</span> <span class='ocrx_word' id='word_1_499' title='bbox 1096 3057 1175 3087; x_wconf 86' lang='lat' dir='ltr'>Fidei</span> 
     </span>
     <span class='ocr_line' id='line_1_75' title="bbox 117 3096 1176 3144; baseline -0.014 -4"><span class='ocrx_word' id='word_1_500' title='bbox 117 3107 158 3141; x_wconf 57' lang='grc' dir='ltr'>δι’</span> <span class='ocrx_word' id='word_1_501' title='bbox 168 3107 341 3144; x_wconf 85' lang='lat' dir='ltr'>Voluntatis,</span> <span class='ocrx_word' id='word_1_502' title='bbox 357 3113 516 3135; x_wconf 87' lang='lat' dir='ltr'>reverenter</span> <span class='ocrx_word' id='word_1_503' title='bbox 537 3112 620 3132; x_wconf 88' lang='lat' dir='ltr'>orans</span> <span class='ocrx_word' id='word_1_504' title='bbox 634 3109 664 3131; x_wconf 92' lang='lat' dir='ltr'>ut</span> <span class='ocrx_word' id='word_1_505' title='bbox 678 3103 761 3138; x_wconf 79' lang='lat' dir='ltr'>Regia</span> <span class='ocrx_word' id='word_1_506' title='bbox 774 3110 811 3128; x_wconf 86' lang='lat' dir='ltr'>ve</span> <span class='ocrx_word' id='word_1_507' title='bbox 835 3109 869 3128; x_wconf 88' lang='lat' dir='ltr'>ra</span> <span class='ocrx_word' id='word_1_508' title='bbox 885 3096 1020 3137; x_wconf 80' lang='lat' dir='ltr'>Majestas</span> <span class='ocrx_word' id='word_1_509' title='bbox 1041 3097 1176 3133; x_wconf 85' lang='lat' dir='ltr'>deinceps</span> 
     </span>
     <span class='ocr_line' id='line_1_76' title="bbox 117 3135 1176 3187; baseline -0.014 -8"><span class='ocrx_word' id='word_1_510' title='bbox 117 3147 267 3187; x_wconf 82' lang='lat' dir='ltr'>pristinum</span> <span class='ocrx_word' id='word_1_511' title='bbox 279 3154 344 3184; x_wconf 84' lang='lat' dir='ltr'>erga</span> <span class='ocrx_word' id='word_1_512' title='bbox 358 3153 407 3174; x_wconf 91' lang='lat' dir='ltr'>me</span> <span class='ocrx_word' id='word_1_513' title='bbox 420 3143 548 3172; x_wconf 90' lang='lat' dir='ltr'>animum</span> <span class='ocrx_word' id='word_1_514' title='bbox 563 3140 720 3171; x_wconf 86' lang='lat' dir='ltr'>clementer</span> <span class='ocrx_word' id='word_1_515' title='bbox 734 3148 790 3169; x_wconf 93' lang='lat' dir='ltr'>con</span> <span class='ocrx_word' id='word_1_516' title='bbox 803 3144 900 3176; x_wconf 90' lang='lat' dir='ltr'>ervet,</span> <span class='ocrx_word' id='word_1_517' title='bbox 920 3137 953 3167; x_wconf 74' lang='grc' dir='ltr'>δε</span> <span class='ocrx_word' id='word_1_518' title='bbox 971 3135 1019 3165; x_wconf 83' lang='lat' dir='ltr'>has</span> <span class='ocrx_word' id='word_1_519' title='bbox 1036 3144 1111 3165; x_wconf 84' lang='lat' dir='ltr'>meas</span> <span class='ocrx_word' id='word_1_520' title='bbox 1126 3135 1176 3165; x_wconf 88' lang='lat' dir='ltr'>Li-</span> 
     </span>
     <span class='ocr_line' id='line_1_77' title="bbox 118 3173 1178 3217; baseline -0.015 0"><span class='ocrx_word' id='word_1_521' title='bbox 118 3196 187 3217; x_wconf 85' lang='lat' dir='ltr'>teras</span> <span class='ocrx_word' id='word_1_522' title='bbox 208 3187 303 3216; x_wconf 81' lang='lat' dir='ltr'>sereno</span> <span class='ocrx_word' id='word_1_523' title='bbox 320 3183 399 3213; x_wconf 88' lang='lat' dir='ltr'>vultu</span> <span class='ocrx_word' id='word_1_524' title='bbox 414 3181 489 3217; x_wconf 86' lang='lat' dir='ltr'>legat</span> <span class='ocrx_word' id='word_1_525' title='bbox 503 3202 513 3217; x_wconf 86' lang='lat'>‚</span> <span class='ocrx_word' id='word_1_526' title='bbox 534 3189 597 3217; x_wconf 87' lang='lat' dir='ltr'>quae</span> <span class='ocrx_word' id='word_1_527' title='bbox 618 3178 655 3208; x_wconf 91' lang='lat' dir='ltr'>ad</span> <span class='ocrx_word' id='word_1_528' title='bbox 670 3179 758 3215; x_wconf 78' lang='lat' dir='ltr'>Regiae</span> <span class='ocrx_word' id='word_1_529' title='bbox 780 3174 879 3213; x_wconf 80' lang='lat' dir='ltr'>vestrae</span> <span class='ocrx_word' id='word_1_530' title='bbox 902 3173 1061 3213; x_wconf 77' lang='lat' dir='ltr'>Majestatis</span> <span class='ocrx_word' id='word_1_531' title='bbox 1079 3173 1178 3212; x_wconf 72' lang='lat' dir='ltr'>Legati</span> 
     </span>
     <span class='ocr_line' id='line_1_78' title="bbox 118 3212 1178 3255; baseline -0.014 0"><span class='ocrx_word' id='word_1_532' title='bbox 118 3224 223 3255; x_wconf 78' lang='lat' dir='ltr'>Herlaei</span> <span class='ocrx_word' id='word_1_533' title='bbox 240 3225 271 3254; x_wconf 69' lang='grc' dir='ltr'>ὃ(</span> <span class='ocrx_word' id='word_1_534' title='bbox 284 3222 376 3253; x_wconf 91' lang='lat' dir='ltr'>ornati</span> <span class='ocrx_word' id='word_1_535' title='bbox 387 3220 449 3251; x_wconf 88' lang='lat' dir='ltr'>Viri</span> <span class='ocrx_word' id='word_1_536' title='bbox 467 3217 615 3248; x_wconf 81' lang='lat' dir='ltr'>Milwardi</span> <span class='ocrx_word' id='word_1_537' title='bbox 631 3216 867 3252; x_wconf 70' lang='lat' dir='ltr'>Sollicitationes,</span> <span class='ocrx_word' id='word_1_538' title='bbox 885 3221 944 3243; x_wconf 88' lang='lat' dir='ltr'>tarn</span> <span class='ocrx_word' id='word_1_539' title='bbox 960 3213 1046 3242; x_wconf 86' lang='lat' dir='ltr'>etiam</span> <span class='ocrx_word' id='word_1_540' title='bbox 1068 3212 1102 3241; x_wconf 90' lang='lat' dir='ltr'>ad</span> <span class='ocrx_word' id='word_1_541' title='bbox 1126 3214 1178 3240; x_wconf 80' lang='lat' dir='ltr'>Re-</span> 
     </span>
     <span class='ocr_line' id='line_1_79' title="bbox 116 3251 1178 3302; baseline -0.014 -9"><span class='ocrx_word' id='word_1_542' title='bbox 116 3268 169 3302; x_wconf 70' lang='lat' dir='ltr'>giae</span> <span class='ocrx_word' id='word_1_543' title='bbox 183 3261 282 3302; x_wconf 77' lang='lat' dir='ltr'>vestrae</span> <span class='ocrx_word' id='word_1_544' title='bbox 301 3258 460 3298; x_wconf 75' lang='lat' dir='ltr'>Majestatis</span> <span class='ocrx_word' id='word_1_545' title='bbox 477 3258 563 3287; x_wconf 88' lang='lat' dir='ltr'>Anno</span> <span class='ocrx_word' id='word_1_546' title='bbox 579 3257 624 3294; x_wconf 68' lang='grc' dir='ltr'>ὃς.</span> <span class='ocrx_word' id='word_1_547' title='bbox 645 3255 692 3285; x_wconf 89' lang='lat' dir='ltr'>die</span> <span class='ocrx_word' id='word_1_548' title='bbox 715 3263 743 3284; x_wconf 90' lang='lat'>2.</span> <span class='ocrx_word' id='word_1_549' title='bbox 763 3253 951 3289; x_wconf 83' lang='lat' dir='ltr'>Decembris,</span> <span class='ocrx_word' id='word_1_550' title='bbox 975 3252 1006 3281; x_wconf 85' lang='lat'>&amp;</span> <span class='ocrx_word' id='word_1_551' title='bbox 1031 3252 1117 3280; x_wconf 78' lang='lat' dir='ltr'>Anno</span> <span class='ocrx_word' id='word_1_552' title='bbox 1133 3251 1178 3280; x_wconf 81' lang='lat'>86.</span> 
     </span>
     <span class='ocr_line' id='line_1_80' title="bbox 123 3289 1181 3339; baseline -0.015 -7"><span class='ocrx_word' id='word_1_553' title='bbox 123 3312 168 3332; x_wconf 84' lang='lat'>11.</span> <span class='ocrx_word' id='word_1_554' title='bbox 184 3301 283 3339; x_wconf 74' lang='lat' dir='ltr'>junii,</span> <span class='ocrx_word' id='word_1_555' title='bbox 301 3298 335 3329; x_wconf 88' lang='lat' dir='ltr'>ad</span> <span class='ocrx_word' id='word_1_556' title='bbox 355 3307 403 3328; x_wconf 88' lang='lat' dir='ltr'>me</span> <span class='ocrx_word' id='word_1_557' title='bbox 421 3293 650 3326; x_wconf 69' lang='lat' dir='ltr'>clementiss‘irnas</span> <span class='ocrx_word' id='word_1_558' title='bbox 664 3291 931 3328; x_wconf 83' lang='lat' dir='ltr'>humanissimasque</span> <span class='ocrx_word' id='word_1_559' title='bbox 947 3289 1069 3326; x_wconf 84' lang='lat' dir='ltr'>Literas‚</span> <span class='ocrx_word' id='word_1_560' title='bbox 1080 3290 1181 3325; x_wconf 75' lang='lat' dir='ltr'>Angli-</span> 
     </span>
     <span class='ocr_line' id='line_1_81' title="bbox 123 3328 1180 3372; baseline -0.013 -2"><span class='ocrx_word' id='word_1_561' title='bbox 123 3350 166 3370; x_wconf 82' lang='lat' dir='ltr'>cae</span> <span class='ocrx_word' id='word_1_562' title='bbox 189 3340 384 3369; x_wconf 74' lang='lat' dir='ltr'>Mercatorum</span> <span class='ocrx_word' id='word_1_563' title='bbox 400 3334 550 3371; x_wconf 85' lang='lat' dir='ltr'>Societati,</span> <span class='ocrx_word' id='word_1_564' title='bbox 571 3334 619 3372; x_wconf 89' lang='lat' dir='ltr'>qui</span> <span class='ocrx_word' id='word_1_565' title='bbox 634 3331 768 3361; x_wconf 88' lang='lat' dir='ltr'>dicuntur</span> <span class='ocrx_word' id='word_1_566' title='bbox 782 3332 958 3360; x_wconf 74' lang='lat' dir='ltr'>Aventuarit</span> <span class='ocrx_word' id='word_1_567' title='bbox 968 3329 1011 3365; x_wconf 86' lang='lat' dir='ltr'>,in</span> <span class='ocrx_word' id='word_1_568' title='bbox 1029 3338 1091 3357; x_wconf 80' lang='lat' dir='ltr'>inea</span> <span class='ocrx_word' id='word_1_569' title='bbox 1107 3328 1180 3358; x_wconf 83' lang='lat' dir='ltr'>Urbe</span> 
     </span>
     <span class='ocr_line' id='line_1_82' title="bbox 123 3367 1181 3411; baseline -0.013 -4"><span class='ocrx_word' id='word_1_570' title='bbox 123 3378 232 3407; x_wconf 83' lang='lat' dir='ltr'>Embda</span> <span class='ocrx_word' id='word_1_571' title='bbox 244 3377 340 3408; x_wconf 77' lang='lat' dir='ltr'>denuo</span> <span class='ocrx_word' id='word_1_572' title='bbox 358 3373 484 3406; x_wconf 86' lang='lat' dir='ltr'>conceffi</span> <span class='ocrx_word' id='word_1_573' title='bbox 501 3395 510 3410; x_wconf 78' lang='lat'>‚</span> <span class='ocrx_word' id='word_1_574' title='bbox 539 3381 605 3411; x_wconf 75' lang='lat' dir='ltr'>quas</span> <span class='ocrx_word' id='word_1_575' title='bbox 631 3369 831 3399; x_wconf 74' lang='lat' dir='ltr'>immunitates</span> <span class='ocrx_word' id='word_1_576' title='bbox 856 3367 1058 3405; x_wconf 81' lang='lat' dir='ltr'>Privilegiaque</span> <span class='ocrx_word' id='word_1_577' title='bbox 1077 3368 1181 3403; x_wconf 65' lang='lat' dir='ltr'>etiam,</span> 
     </span>
     <span class='ocr_line' id='line_1_83' title="bbox 124 3405 1174 3453; baseline -0.013 -7"><span class='ocrx_word' id='word_1_578' title='bbox 124 3424 224 3446; x_wconf 78' lang='lat' dir='ltr'>contra</span> <span class='ocrx_word' id='word_1_579' title='bbox 236 3414 409 3453; x_wconf 85' lang='lat' dir='ltr'>quorundam</span> <span class='ocrx_word' id='word_1_580' title='bbox 425 3412 503 3442; x_wconf 83' lang='lat' dir='ltr'>Sacri</span> <span class='ocrx_word' id='word_1_581' title='bbox 519 3410 643 3440; x_wconf 85' lang='lat' dir='ltr'>Romani</span> <span class='ocrx_word' id='word_1_582' title='bbox 664 3408 779 3447; x_wconf 88' lang='lat' dir='ltr'>Imperii</span> <span class='ocrx_word' id='word_1_583' title='bbox 794 3405 939 3437; x_wconf 90' lang='lat' dir='ltr'>Ordinum</span> <span class='ocrx_word' id='word_1_584' title='bbox 950 3406 998 3443; x_wconf 59' lang='grc' dir='ltr'>,ὃς</span> <span class='ocrx_word' id='word_1_585' title='bbox 1016 3405 1174 3434; x_wconf 68' lang='lat' dir='ltr'>Civitaturn</span> 
     </span>
     <span class='ocr_line' id='line_1_84' title="bbox 125 3444 1182 3486; baseline -0.012 -2"><span class='ocrx_word' id='word_1_586' title='bbox 125 3453 316 3485; x_wconf 79' lang='lat' dir='ltr'>Ansaticarum</span> <span class='ocrx_word' id='word_1_587' title='bbox 332 3452 428 3482; x_wconf 89' lang='lat' dir='ltr'>Studia</span> <span class='ocrx_word' id='word_1_588' title='bbox 442 3452 475 3482; x_wconf 88' lang='lat'>&amp;</span> <span class='ocrx_word' id='word_1_589' title='bbox 490 3449 655 3480; x_wconf 59' lang='lat' dir='ltr'>Voluntatis</span> <span class='ocrx_word' id='word_1_590' title='bbox 668 3445 781 3486; x_wconf 81' lang='lat' dir='ltr'>permifi</span> <span class='ocrx_word' id='word_1_591' title='bbox 794 3467 805 3483; x_wconf 88' lang='lat'>,</span> <span class='ocrx_word' id='word_1_592' title='bbox 831 3453 863 3474; x_wconf 86' lang='lat' dir='ltr'>ea</span> <span class='ocrx_word' id='word_1_593' title='bbox 885 3444 1015 3480; x_wconf 78' lang='lat' dir='ltr'>intelligo</span> <span class='ocrx_word' id='word_1_594' title='bbox 1037 3452 1070 3473; x_wconf 79' lang='lat' dir='ltr'>ex</span> <span class='ocrx_word' id='word_1_595' title='bbox 1093 3446 1182 3480; x_wconf 68' lang='lat' dir='ltr'>Regiae</span> 
     </span>
     <span class='ocr_line' id='line_1_85' title="bbox 125 3481 1182 3531; baseline -0.01 -9"><span class='ocrx_word' id='word_1_596' title='bbox 125 3492 223 3531; x_wconf 72' lang='lat' dir='ltr'>vestm</span> <span class='ocrx_word' id='word_1_597' title='bbox 239 3490 394 3531; x_wconf 64' lang='lat' dir='ltr'>Maiestatis</span> <span class='ocrx_word' id='word_1_598' title='bbox 413 3490 511 3521; x_wconf 89' lang='lat' dir='ltr'>Literis</span> <span class='ocrx_word' id='word_1_599' title='bbox 534 3497 578 3517; x_wconf 87' lang='lat'>10.</span> <span class='ocrx_word' id='word_1_600' title='bbox 601 3488 706 3516; x_wconf 77' lang='lat' dir='ltr'>Martii</span> <span class='ocrx_word' id='word_1_601' title='bbox 725 3484 849 3525; x_wconf 81' lang='lat' dir='ltr'>proximi</span> <span class='ocrx_word' id='word_1_602' title='bbox 864 3482 897 3512; x_wconf 89' lang='lat' dir='ltr'>ad</span> <span class='ocrx_word' id='word_1_603' title='bbox 921 3493 966 3513; x_wconf 87' lang='lat' dir='ltr'>rne</span> <span class='ocrx_word' id='word_1_604' title='bbox 983 3481 1182 3520; x_wconf 80' lang='lat' dir='ltr'>benigniffime</span> 
     </span>
     <span class='ocr_line' id='line_1_86' title="bbox 124 3520 1183 3568; baseline -0.01 -8"><span class='ocrx_word' id='word_1_605' title='bbox 124 3532 211 3568; x_wconf 78' lang='lat' dir='ltr'>datis,</span> <span class='ocrx_word' id='word_1_606' title='bbox 228 3531 348 3560; x_wconf 82' lang='lat' dir='ltr'>eandem</span> <span class='ocrx_word' id='word_1_607' title='bbox 363 3526 578 3560; x_wconf 74' lang='lat' dir='ltr'>clementissime</span> <span class='ocrx_word' id='word_1_608' title='bbox 598 3522 782 3564; x_wconf 67' lang='lat' dir='ltr'>cognovisse,</span> <span class='ocrx_word' id='word_1_609' title='bbox 803 3520 950 3561; x_wconf 84' lang='lat' dir='ltr'>offeroque</span> <span class='ocrx_word' id='word_1_610' title='bbox 969 3520 1102 3557; x_wconf 82' lang='lat' dir='ltr'>deinceps</span> <span class='ocrx_word' id='word_1_611' title='bbox 1116 3530 1183 3550; x_wconf 90' lang='lat' dir='ltr'>om-</span> 
     </span>
     <span class='ocr_line' id='line_1_87' title="bbox 125 3558 1106 3602; baseline -0.012 -3"><span class='ocrx_word' id='word_1_612' title='bbox 125 3570 166 3599; x_wconf 89' lang='lat' dir='ltr'>nis</span> <span class='ocrx_word' id='word_1_613' title='bbox 180 3567 283 3597; x_wconf 83' lang='lat' dir='ltr'>Officii</span> <span class='ocrx_word' id='word_1_614' title='bbox 297 3568 330 3597; x_wconf 88' lang='lat'>&amp;</span> <span class='ocrx_word' id='word_1_615' title='bbox 350 3566 545 3597; x_wconf 81' lang='lat' dir='ltr'>Observantiae</span> <span class='ocrx_word' id='word_1_616' title='bbox 561 3571 724 3602; x_wconf 87' lang='lat' dir='ltr'>promptam</span> <span class='ocrx_word' id='word_1_617' title='bbox 747 3560 931 3592; x_wconf 79' lang='lat' dir='ltr'>Voluntatem</span> <span class='ocrx_word' id='word_1_618' title='bbox 949 3559 981 3589; x_wconf 90' lang='lat'>&amp;</span> <span class='ocrx_word' id='word_1_619' title='bbox 998 3558 1106 3588; x_wconf 85' lang='lat' dir='ltr'>Studia.</span> 
     </span>
    </p>

    <p class='ocr_par' dir='ltr' id='par_1_27' title="bbox 124 3596 1183 3680">
     <span class='ocr_line' id='line_1_88' title="bbox 163 3596 1183 3645; baseline -0.011 -9"><span class='ocrx_word' id='word_1_620' title='bbox 163 3606 254 3645; x_wconf 83' lang='lat' dir='ltr'>Qiod</span> <span class='ocrx_word' id='word_1_621' title='bbox 270 3614 364 3636; x_wconf 85' lang='lat' dir='ltr'>autem</span> <span class='ocrx_word' id='word_1_622' title='bbox 386 3607 468 3641; x_wconf 81' lang='lat' dir='ltr'>Regia</span> <span class='ocrx_word' id='word_1_623' title='bbox 484 3603 576 3643; x_wconf 73' lang='lat' dir='ltr'>vestra</span> <span class='ocrx_word' id='word_1_624' title='bbox 591 3604 644 3630; x_wconf 84' lang='lat' dir='ltr'>Ma</span> <span class='ocrx_word' id='word_1_625' title='bbox 652 3599 724 3639; x_wconf 75' lang='lat' dir='ltr'>‘estas</span> <span class='ocrx_word' id='word_1_626' title='bbox 734 3599 785 3637; x_wconf 89' lang='lat' dir='ltr'>,ad</span> <span class='ocrx_word' id='word_1_627' title='bbox 803 3608 880 3629; x_wconf 86' lang='lat' dir='ltr'>meas</span> <span class='ocrx_word' id='word_1_628' title='bbox 899 3607 986 3635; x_wconf 83' lang='lat' dir='ltr'>nuper</span> <span class='ocrx_word' id='word_1_629' title='bbox 999 3597 1134 3634; x_wconf 75' lang='lat' dir='ltr'>Querelas</span> <span class='ocrx_word' id='word_1_630' title='bbox 1147 3596 1183 3626; x_wconf 87' lang='lat' dir='ltr'>de</span> 
     </span>
     <span class='ocr_line' id='line_1_89' title="bbox 124 3635 1182 3680; baseline -0.012 -4"><span class='ocrx_word' id='word_1_631' title='bbox 124 3646 322 3676; x_wconf 84' lang='lat' dir='ltr'>Hollandorum</span> <span class='ocrx_word' id='word_1_632' title='bbox 342 3643 620 3680; x_wconf 51' lang='lat' dir='ltr'>conjunclorumqoe</span> <span class='ocrx_word' id='word_1_633' title='bbox 663 3639 819 3676; x_wconf 88' lang='lat' dir='ltr'>opulorum</span> <span class='ocrx_word' id='word_1_634' title='bbox 840 3647 907 3674; x_wconf 89' lang='lat' dir='ltr'>erga</span> <span class='ocrx_word' id='word_1_635' title='bbox 931 3645 980 3665; x_wconf 81' lang='lat' dir='ltr'>me</span> <span class='ocrx_word' id='word_1_636' title='bbox 1002 3645 1031 3664; x_wconf 84' lang='lat' dir='ltr'>vi</span> <span class='ocrx_word' id='word_1_637' title='bbox 1050 3637 1084 3666; x_wconf 88' lang='lat'>&amp;</span> <span class='ocrx_word' id='word_1_638' title='bbox 1108 3635 1182 3673; x_wconf 90' lang='lat' dir='ltr'>inju-</span> 
     </span>
    </p>

    <p class='ocr_par' dir='ltr' id='par_1_28' title="bbox 116 3673 1184 4064">
     <span class='ocr_line' id='line_1_90' title="bbox 126 3673 1182 3718; baseline -0.011 -5"><span class='ocrx_word' id='word_1_639' title='bbox 126 3686 172 3713; x_wconf 84' lang='lat' dir='ltr'>riis</span> <span class='ocrx_word' id='word_1_640' title='bbox 186 3684 339 3713; x_wconf 89' lang='lat' dir='ltr'>clementer</span> <span class='ocrx_word' id='word_1_641' title='bbox 353 3681 494 3718; x_wconf 72' lang='lat' dir='ltr'>respondit</span> <span class='ocrx_word' id='word_1_642' title='bbox 510 3702 519 3716; x_wconf 85' lang='lat'>,</span> <span class='ocrx_word' id='word_1_643' title='bbox 544 3679 570 3709; x_wconf 90' lang='lat' dir='ltr'>se</span> <span class='ocrx_word' id='word_1_644' title='bbox 595 3680 658 3709; x_wconf 81' lang='lat' dir='ltr'>liaec</span> <span class='ocrx_word' id='word_1_645' title='bbox 677 3675 874 3707; x_wconf 80' lang='lat' dir='ltr'>molestiffime</span> <span class='ocrx_word' id='word_1_646' title='bbox 892 3674 1029 3704; x_wconf 84' lang='lat' dir='ltr'>ferentem</span> <span class='ocrx_word' id='word_1_647' title='bbox 1040 3696 1048 3711; x_wconf 85' lang='lat'>,</span> <span class='ocrx_word' id='word_1_648' title='bbox 1064 3673 1113 3703; x_wconf 88' lang='lat' dir='ltr'>suo</span> <span class='ocrx_word' id='word_1_649' title='bbox 1134 3683 1182 3712; x_wconf 84' lang='lat' dir='ltr'>per</span> 
     </span>
     <span class='ocr_line' id='line_1_91' title="bbox 124 3712 1184 3759; baseline -0.012 -7"><span class='ocrx_word' id='word_1_650' title='bbox 124 3721 255 3759; x_wconf 81' lang='lat' dir='ltr'>Belgiam</span> <span class='ocrx_word' id='word_1_651' title='bbox 286 3721 400 3756; x_wconf 87' lang='lat' dir='ltr'>Legato</span> <span class='ocrx_word' id='word_1_652' title='bbox 422 3718 662 3756; x_wconf 80' lang='lat' dir='ltr'>Exerciruumque</span> <span class='ocrx_word' id='word_1_653' title='bbox 684 3714 828 3745; x_wconf 56' lang='lat' dir='ltr'>Praefecffto</span> <span class='ocrx_word' id='word_1_654' title='bbox 854 3712 1042 3745; x_wconf 81' lang='lat' dir='ltr'>Illustriffimo</span> <span class='ocrx_word' id='word_1_655' title='bbox 1064 3714 1184 3749; x_wconf 72' lang='lat' dir='ltr'>Princzpi</span> 
     </span>
     <span class='ocr_line' id='line_1_92' title="bbox 125 3750 1182 3798; baseline -0.009 -9"><span class='ocrx_word' id='word_1_656' title='bbox 125 3758 293 3798; x_wconf 76' lang='lat' dir='ltr'>Leycestrio,</span> <span class='ocrx_word' id='word_1_657' title='bbox 307 3760 337 3788; x_wconf 90' lang='lat' dir='ltr'>in</span> <span class='ocrx_word' id='word_1_658' title='bbox 355 3757 491 3787; x_wconf 86' lang='lat' dir='ltr'>mandatis</span> <span class='ocrx_word' id='word_1_659' title='bbox 506 3755 608 3786; x_wconf 76' lang='lat' dir='ltr'>dediss‘e</span> <span class='ocrx_word' id='word_1_660' title='bbox 618 3778 626 3791; x_wconf 85' lang='lat'>,</span> <span class='ocrx_word' id='word_1_661' title='bbox 641 3763 670 3785; x_wconf 92' lang='lat' dir='ltr'>ut</span> <span class='ocrx_word' id='word_1_662' title='bbox 687 3752 856 3791; x_wconf 83' lang='lat' dir='ltr'>tempestive</span> <span class='ocrx_word' id='word_1_663' title='bbox 871 3752 923 3781; x_wconf 84' lang='lat' dir='ltr'>hiis</span> <span class='ocrx_word' id='word_1_664' title='bbox 938 3750 1038 3781; x_wconf 89' lang='lat' dir='ltr'>Rebus</span> <span class='ocrx_word' id='word_1_665' title='bbox 1055 3750 1182 3780; x_wconf 87' lang='lat' dir='ltr'>Medici-</span> 
     </span>
     <span class='ocr_line' id='line_1_93' title="bbox 124 3790 1182 3834; baseline -0.01 -5"><span class='ocrx_word' id='word_1_666' title='bbox 124 3808 192 3829; x_wconf 85' lang='lat' dir='ltr'>nam</span> <span class='ocrx_word' id='word_1_667' title='bbox 208 3799 335 3834; x_wconf 80' lang='lat' dir='ltr'>faceret,</span> <span class='ocrx_word' id='word_1_668' title='bbox 357 3805 512 3833; x_wconf 84' lang='lat' dir='ltr'>eorumque</span> <span class='ocrx_word' id='word_1_669' title='bbox 533 3793 700 3823; x_wconf 85' lang='lat' dir='ltr'>Hominum</span> <span class='ocrx_word' id='word_1_670' title='bbox 722 3791 860 3821; x_wconf 82' lang='lat' dir='ltr'>ferociam</span> <span class='ocrx_word' id='word_1_671' title='bbox 879 3790 996 3826; x_wconf 85' lang='lat' dir='ltr'>vimque</span> <span class='ocrx_word' id='word_1_672' title='bbox 1016 3790 1182 3826; x_wconf 85' lang='lat' dir='ltr'>compesce—</span> 
     </span>
     <span class='ocr_line' id='line_1_94' title="bbox 124 3828 1181 3875; baseline -0.011 -8"><span class='ocrx_word' id='word_1_673' title='bbox 124 3846 184 3875; x_wconf 81' lang='lat' dir='ltr'>ret,</span> <span class='ocrx_word' id='word_1_674' title='bbox 201 3845 304 3872; x_wconf 85' lang='lat' dir='ltr'>magna</span> <span class='ocrx_word' id='word_1_675' title='bbox 323 3833 453 3872; x_wconf 85' lang='lat' dir='ltr'>equidem</span> <span class='ocrx_word' id='word_1_676' title='bbox 470 3842 539 3863; x_wconf 90' lang='lat' dir='ltr'>curn</span> <span class='ocrx_word' id='word_1_677' title='bbox 553 3832 696 3870; x_wconf 76' lang='lat' dir='ltr'>voluptate</span> <span class='ocrx_word' id='word_1_678' title='bbox 712 3831 786 3867; x_wconf 83' lang='lat' dir='ltr'>legi,</span> <span class='ocrx_word' id='word_1_679' title='bbox 801 3829 960 3867; x_wconf 82' lang='lat' dir='ltr'>speravique</span> <span class='ocrx_word' id='word_1_680' title='bbox 977 3828 1102 3856; x_wconf 85' lang='lat' dir='ltr'>futurum</span> <span class='ocrx_word' id='word_1_681' title='bbox 1119 3836 1147 3856; x_wconf 92' lang='lat' dir='ltr'>ut</span> <span class='ocrx_word' id='word_1_682' title='bbox 1162 3828 1181 3856; x_wconf 91' lang='lat' dir='ltr'>ii</span> 
     </span>
     <span class='ocr_line' id='line_1_95' title="bbox 122 3866 1181 3909; baseline -0.011 -4"><span class='ocrx_word' id='word_1_683' title='bbox 122 3875 269 3905; x_wconf 83' lang='lat' dir='ltr'>Homines</span> <span class='ocrx_word' id='word_1_684' title='bbox 290 3883 358 3903; x_wconf 88' lang='lat' dir='ltr'>curn</span> <span class='ocrx_word' id='word_1_685' title='bbox 380 3875 469 3908; x_wconf 75' lang='lat' dir='ltr'>Regiae</span> <span class='ocrx_word' id='word_1_686' title='bbox 482 3870 580 3909; x_wconf 84' lang='lat' dir='ltr'>vestrae</span> <span class='ocrx_word' id='word_1_687' title='bbox 601 3868 758 3907; x_wconf 64' lang='lat' dir='ltr'>Majqstatis</span> <span class='ocrx_word' id='word_1_688' title='bbox 779 3877 842 3907; x_wconf 89' lang='lat' dir='ltr'>erga</span> <span class='ocrx_word' id='word_1_689' title='bbox 865 3876 913 3896; x_wconf 89' lang='lat' dir='ltr'>rne</span> <span class='ocrx_word' id='word_1_690' title='bbox 930 3866 1104 3895; x_wconf 85' lang='lat' dir='ltr'>benevolum</span> <span class='ocrx_word' id='word_1_691' title='bbox 1121 3867 1181 3894; x_wconf 83' lang='lat' dir='ltr'>ani-</span> 
     </span>
     <span class='ocr_line' id='line_1_96' title="bbox 120 3904 1179 3949; baseline -0.009 -6"><span class='ocrx_word' id='word_1_692' title='bbox 120 3922 203 3943; x_wconf 88' lang='lat' dir='ltr'>mum</span> <span class='ocrx_word' id='word_1_693' title='bbox 219 3912 421 3949; x_wconf 83' lang='lat' dir='ltr'>intelligerent,</span> <span class='ocrx_word' id='word_1_694' title='bbox 441 3911 474 3940; x_wconf 87' lang='lat'>&amp;</span> <span class='ocrx_word' id='word_1_695' title='bbox 490 3909 609 3939; x_wconf 85' lang='lat' dir='ltr'>eandem</span> <span class='ocrx_word' id='word_1_696' title='bbox 624 3908 765 3938; x_wconf 80' lang='lat' dir='ltr'>celebrem</span> <span class='ocrx_word' id='word_1_697' title='bbox 781 3905 936 3942; x_wconf 74' lang='lat' dir='ltr'>Anglicarn</span> <span class='ocrx_word' id='word_1_698' title='bbox 954 3904 1117 3934; x_wconf 81' lang='lat' dir='ltr'>Nationein</span> <span class='ocrx_word' id='word_1_699' title='bbox 1133 3904 1179 3933; x_wconf 87' lang='lat' dir='ltr'>hic</span> 
     </span>
     <span class='ocr_line' id='line_1_97' title="bbox 118 3941 1180 3986; baseline -0.011 -5"><span class='ocrx_word' id='word_1_700' title='bbox 118 3951 286 3982; x_wconf 75' lang='lat' dir='ltr'>reficientem</span> <span class='ocrx_word' id='word_1_701' title='bbox 305 3951 339 3980; x_wconf 87' lang='lat'>&amp;</span> <span class='ocrx_word' id='word_1_702' title='bbox 358 3950 547 3986; x_wconf 81' lang='lat' dir='ltr'>negotiantem</span> <span class='ocrx_word' id='word_1_703' title='bbox 564 3969 573 3984; x_wconf 83' lang='lat'>,</span> <span class='ocrx_word' id='word_1_704' title='bbox 598 3947 791 3984; x_wconf 68' lang='lat' dir='ltr'>conspicerent</span> <span class='ocrx_word' id='word_1_705' title='bbox 806 3948 895 3981; x_wconf 77' lang='lat' dir='ltr'>Regiae</span> <span class='ocrx_word' id='word_1_706' title='bbox 909 3942 1006 3981; x_wconf 59' lang='lat' dir='ltr'>vestra)</span> <span class='ocrx_word' id='word_1_707' title='bbox 1022 3941 1180 3980; x_wconf 76' lang='lat' dir='ltr'>M.2jesi¹atis</span> 
     </span>
     <span class='ocr_line' id='line_1_98' title="bbox 116 3981 1179 4028; baseline -0.01 -8"><span class='ocrx_word' id='word_1_708' title='bbox 116 3989 242 4028; x_wconf 87' lang='lat' dir='ltr'>ejusdem</span> <span class='ocrx_word' id='word_1_709' title='bbox 255 3987 388 4018; x_wconf 70' lang='lat' dir='ltr'>Praefeeti</span> <span class='ocrx_word' id='word_1_710' title='bbox 404 3986 613 4015; x_wconf 82' lang='lat' dir='ltr'>Authoritatem</span> <span class='ocrx_word' id='word_1_711' title='bbox 629 3985 660 4014; x_wconf 88' lang='lat'>&amp;</span> <span class='ocrx_word' id='word_1_712' title='bbox 677 3983 834 4019; x_wconf 78' lang='lat' dir='ltr'>Imperium</span> <span class='ocrx_word' id='word_1_713' title='bbox 845 4005 855 4020; x_wconf 84' lang='lat'>‚</span> <span class='ocrx_word' id='word_1_714' title='bbox 878 3983 925 4019; x_wconf 87' lang='lat' dir='ltr'>qui</span> <span class='ocrx_word' id='word_1_715' title='bbox 949 3983 1084 4010; x_wconf 71' lang='lat' dir='ltr'>hactenus</span> <span class='ocrx_word' id='word_1_716' title='bbox 1099 3981 1179 4010; x_wconf 80' lang='lat' dir='ltr'>nullis</span> 
     </span>
     <span class='ocr_line' id='line_1_99' title="bbox 116 4019 1177 4064; baseline -0.009 -5"><span class='ocrx_word' id='word_1_717' title='bbox 116 4029 236 4059; x_wconf 81' lang='lat' dir='ltr'>monitis</span> <span class='ocrx_word' id='word_1_718' title='bbox 246 4026 342 4064; x_wconf 82' lang='lat' dir='ltr'>,nullis</span> <span class='ocrx_word' id='word_1_719' title='bbox 356 4025 402 4055; x_wconf 82' lang='lat' dir='ltr'>vel</span> <span class='ocrx_word' id='word_1_720' title='bbox 417 4024 564 4056; x_wconf 80' lang='lat' dir='ltr'>vicinitatis</span> <span class='ocrx_word' id='word_1_721' title='bbox 577 4023 623 4053; x_wconf 87' lang='lat' dir='ltr'>vel</span> <span class='ocrx_word' id='word_1_722' title='bbox 636 4023 770 4053; x_wconf 71' lang='lat' dir='ltr'>amiciriae</span> <span class='ocrx_word' id='word_1_723' title='bbox 785 4021 830 4052; x_wconf 87' lang='lat' dir='ltr'>vel</span> <span class='ocrx_word' id='word_1_724' title='bbox 846 4020 985 4056; x_wconf 73' lang='lat' dir='ltr'>aequitatis</span> <span class='ocrx_word' id='word_1_725' title='bbox 1003 4019 1155 4049; x_wconf 74' lang='lat' dir='ltr'>rationibus</span> <span class='ocrx_word' id='word_1_726' title='bbox 1167 4041 1177 4056; x_wconf 86' lang='lat'>,</span> 
     </span>
    </p>
   </div>
   <div class='ocr_carea' id='block_1_17' title="bbox 598 88 1847 147">
    <p class='ocr_par' dir='ltr' id='par_1_29' title="bbox 598 88 1847 147">
     <span class='ocr_line' id='line_1_100' title="bbox 598 88 1847 147; baseline -0.008 -3"><span class='ocrx_word' id='word_1_727' title='bbox 598 88 1397 144; x_wconf 83' lang='lat' dir='ltr'>CONVENTIONES‚</span> <span class='ocrx_word' id='word_1_728' title='bbox 1453 88 1847 147; x_wconf 85' lang='lat' dir='ltr'>LITERAE,</span> 
     </span>
    </p>
   </div>
   <div class='ocr_carea' id='block_1_18' title="bbox 1215 174 2436 222">
    <p class='ocr_par' dir='ltr' id='par_1_30' title="bbox 1215 174 2436 222">
     <span class='ocr_line' id='line_1_101' title="bbox 1215 174 2436 222; baseline 0 -14"><span class='ocrx_word' id='word_1_729' title='bbox 1215 178 1249 208; x_wconf 79' lang='lat' dir='ltr'>de</span> <span class='ocrx_word' id='word_1_730' title='bbox 1267 183 1345 208; x_wconf 80' lang='lat' dir='ltr'>notre</span> <span class='ocrx_word' id='word_1_731' title='bbox 1369 175 1529 222; x_wconf 54' lang='lat' dir='ltr'>bonjplaifir</span> <span class='ocrx_word' id='word_1_732' title='bbox 1541 177 1621 220; x_wconf 60' lang='lat' dir='ltr'>qeils</span> <span class='ocrx_word' id='word_1_733' title='bbox 1635 186 1842 211; x_wconf 68' lang='lat' dir='ltr'>commeruerant</span> <span class='ocrx_word' id='word_1_734' title='bbox 1857 179 1948 219; x_wconf 73' lang='lat' dir='ltr'>depuis</span> <span class='ocrx_word' id='word_1_735' title='bbox 1962 178 1987 210; x_wconf 84' lang='lat' dir='ltr'>le</span> <span class='ocrx_word' id='word_1_736' title='bbox 2004 179 2124 220; x_wconf 71' lang='lat' dir='ltr'>prlmier</span> <span class='ocrx_word' id='word_1_737' title='bbox 2136 178 2197 217; x_wconf 72' lang='lat' dir='ltr'>jour</span> <span class='ocrx_word' id='word_1_738' title='bbox 2210 178 2244 210; x_wconf 85' lang='lat' dir='ltr'>de</span> <span class='ocrx_word' id='word_1_739' title='bbox 2254 189 2284 210; x_wconf 83' lang='lat' dir='ltr'>te</span> <span class='ocrx_word' id='word_1_740' title='bbox 2305 174 2382 208; x_wconf 83' lang='lat' dir='ltr'>Ann.</span> <span class='ocrx_word' id='word_1_741' title='bbox 2392 175 2436 208; x_wconf 92' lang='lat' dir='ltr'>D.</span> 
     </span>
    </p>
   </div>
   <div class='ocr_carea' id='block_1_19' title="bbox 1217 215 1465 248">
    <p class='ocr_par' dir='ltr' id='par_1_31' title="bbox 1217 215 1465 248">
     <span class='ocr_line' id='line_1_102' title="bbox 1217 215 1465 248; baseline -0.012 0"><span class='ocrx_word' id='word_1_742' title='bbox 1217 220 1282 248; x_wconf 81' lang='lat' dir='ltr'>mois</span> <span class='ocrx_word' id='word_1_743' title='bbox 1294 215 1326 246; x_wconf 80' lang='lat' dir='ltr'>de</span> <span class='ocrx_word' id='word_1_744' title='bbox 1340 217 1465 245; x_wconf 80' lang='lat' dir='ltr'>Fevrter.</span> 
     </span>
    </p>
   </div>
   <div class='ocr_carea' id='block_1_20' title="bbox 1257 291 1599 333">
    <p class='ocr_par' dir='ltr' id='par_1_32' title="bbox 1257 291 1599 333">
     <span class='ocr_line' id='line_1_103' title="bbox 1257 291 1599 333; baseline -0.015 -8"><span class='ocrx_word' id='word_1_745' title='bbox 1257 296 1306 325; x_wconf 81' lang='lat' dir='ltr'>En</span> <span class='ocrx_word' id='word_1_746' title='bbox 1316 291 1368 332; x_wconf 86' lang='lat' dir='ltr'>foy</span> <span class='ocrx_word' id='word_1_747' title='bbox 1386 291 1419 321; x_wconf 81' lang='lat' dir='ltr'>de</span> <span class='ocrx_word' id='word_1_748' title='bbox 1435 301 1519 333; x_wconf 75' lang='lat' dir='ltr'>quoy,</span> <span class='ocrx_word' id='word_1_749' title='bbox 1534 293 1599 330; x_wconf 47' lang='lat' dir='ltr'>&amp;ss</span> 
     </span>
    </p>
   </div>
   <div class='ocr_carea' id='block_1_21' title="bbox 1218 369 2288 447">
    <p class='ocr_par' dir='ltr' id='par_1_33' title="bbox 1218 369 2288 447">
     <span class='ocr_line' id='line_1_104' title="bbox 1293 369 2288 415; baseline 0.006 -17"><span class='ocrx_word' id='word_1_750' title='bbox 1293 371 1401 415; x_wconf 62' lang='lat' dir='ltr'>Temoin</span> <span class='ocrx_word' id='word_1_751' title='bbox 1415 369 1594 401; x_wconf 76' lang='lat' dir='ltr'>nous-me&#39;rnes</span> <span class='ocrx_word' id='word_1_752' title='bbox 1609 370 1629 402; x_wconf 73' lang='grc' dir='ltr'>ἃ</span> <span class='ocrx_word' id='word_1_753' title='bbox 1649 370 1832 413; x_wconf 71' lang='lat' dir='ltr'>Wslminster</span> <span class='ocrx_word' id='word_1_754' title='bbox 1845 369 1871 402; x_wconf 83' lang='lat' dir='ltr'>le</span> <span class='ocrx_word' id='word_1_755' title='bbox 1883 381 1923 411; x_wconf 92' lang='lat'>27</span> <span class='ocrx_word' id='word_1_756' title='bbox 1943 373 2060 404; x_wconf 78' lang='lat' dir='ltr'>Fe‘vrier</span> <span class='ocrx_word' id='word_1_757' title='bbox 2071 373 2105 404; x_wconf 82' lang='lat' dir='ltr'>de</span> <span class='ocrx_word' id='word_1_758' title='bbox 2124 372 2233 404; x_wconf 76' lang='lat' dir='ltr'>I&#39;anne&#39;e</span> <span class='ocrx_word' id='word_1_759' title='bbox 2248 382 2288 412; x_wconf 90' lang='lat'>29</span> 
     </span>
     <span class='ocr_line' id='line_1_105' title="bbox 1218 410 1473 447; baseline -0.008 -6"><span class='ocrx_word' id='word_1_760' title='bbox 1218 410 1252 441; x_wconf 76' lang='lat' dir='ltr'>de</span> <span class='ocrx_word' id='word_1_761' title='bbox 1270 416 1352 440; x_wconf 75' lang='lat' dir='ltr'>notre</span> <span class='ocrx_word' id='word_1_762' title='bbox 1372 410 1473 447; x_wconf 81' lang='lat' dir='ltr'>Regne.</span> 
     </span>
    </p>
   </div>
   <div class='ocr_carea' id='block_1_22' title="bbox 1774 487 2247 528">
    <p class='ocr_par' dir='ltr' id='par_1_34' title="bbox 1774 487 2247 528">
     <span class='ocr_line' id='line_1_106' title="bbox 1774 487 2247 528; baseline 0.004 -9"><span class='ocrx_word' id='word_1_763' title='bbox 1774 487 1829 519; x_wconf 89' lang='lat' dir='ltr'>Per</span> <span class='ocrx_word' id='word_1_764' title='bbox 1847 487 1938 520; x_wconf 87' lang='lat' dir='ltr'>Breve</span> <span class='ocrx_word' id='word_1_765' title='bbox 1947 488 1985 520; x_wconf 90' lang='lat' dir='ltr'>de</span> <span class='ocrx_word' id='word_1_766' title='bbox 2000 487 2117 522; x_wconf 89' lang='lat' dir='ltr'>Privato</span> <span class='ocrx_word' id='word_1_767' title='bbox 2131 489 2247 528; x_wconf 79' lang='lat' dir='ltr'>sigillo.</span> 
     </span>
    </p>
   </div>
   <div class='ocr_carea' id='block_1_23' title="bbox 1212 612 2290 4077">
    <p class='ocr_par' dir='ltr' id='par_1_35' title="bbox 1218 612 2288 924">
     <span class='ocr_line' id='line_1_107' title="bbox 1219 612 2288 654; baseline 0.002 -9"><span class='ocrx_word' id='word_1_768' title='bbox 1219 614 1267 646; x_wconf 88' lang='lat' dir='ltr'>vel</span> <span class='ocrx_word' id='word_1_769' title='bbox 1288 612 1376 646; x_wconf 85' lang='lat' dir='ltr'>etiam</span> <span class='ocrx_word' id='word_1_770' title='bbox 1388 621 1515 647; x_wconf 86' lang='lat' dir='ltr'>veterum</span> <span class='ocrx_word' id='word_1_771' title='bbox 1530 613 1738 647; x_wconf 80' lang='lat' dir='ltr'>Beneficiorum</span> <span class='ocrx_word' id='word_1_772' title='bbox 1754 612 1897 644; x_wconf 67' lang='lat' dir='ltr'>memorii</span> <span class='ocrx_word' id='word_1_773' title='bbox 1912 612 1997 651; x_wconf 72' lang='lat' dir='ltr'>pleffi</span> <span class='ocrx_word' id='word_1_774' title='bbox 2018 620 2174 652; x_wconf 82' lang='lat' dir='ltr'>potuerunt</span> <span class='ocrx_word' id='word_1_775' title='bbox 2187 638 2197 654; x_wconf 89' lang='lat'>,</span> <span class='ocrx_word' id='word_1_776' title='bbox 2225 624 2288 647; x_wconf 72' lang='lat' dir='ltr'>tan—</span> 
     </span>
     <span class='ocr_line' id='line_1_108' title="bbox 1221 653 2288 694; baseline 0.002 -11"><span class='ocrx_word' id='word_1_777' title='bbox 1221 653 1290 684; x_wconf 91' lang='lat' dir='ltr'>dem</span> <span class='ocrx_word' id='word_1_778' title='bbox 1309 655 1325 669; x_wconf 81' lang='lat'>⁸</span> <span class='ocrx_word' id='word_1_779' title='bbox 1345 663 1532 685; x_wconf 87' lang='lat' dir='ltr'>moverentur</span> <span class='ocrx_word' id='word_1_780' title='bbox 1547 663 1576 685; x_wconf 91' lang='lat' dir='ltr'>ut</span> <span class='ocrx_word' id='word_1_781' title='bbox 1590 655 1679 691; x_wconf 85' lang='lat' dir='ltr'>meis,</span> <span class='ocrx_word' id='word_1_782' title='bbox 1694 653 1866 690; x_wconf 87' lang='lat' dir='ltr'>Imperiique</span> <span class='ocrx_word' id='word_1_783' title='bbox 1880 653 2013 683; x_wconf 89' lang='lat' dir='ltr'>innocuis</span> <span class='ocrx_word' id='word_1_784' title='bbox 2028 653 2230 693; x_wconf 82' lang='lat' dir='ltr'>Subditis,qui</span> <span class='ocrx_word' id='word_1_785' title='bbox 2242 656 2288 694; x_wconf 87' lang='lat' dir='ltr'>ip-</span> 
     </span>
     <span class='ocr_line' id='line_1_109' title="bbox 1221 690 2288 733; baseline 0.002 -10"><span class='ocrx_word' id='word_1_786' title='bbox 1221 692 1318 723; x_wconf 88' lang='lat' dir='ltr'>sorum</span> <span class='ocrx_word' id='word_1_787' title='bbox 1339 691 1481 723; x_wconf 87' lang='lat' dir='ltr'>Hostibus</span> <span class='ocrx_word' id='word_1_788' title='bbox 1501 692 1575 723; x_wconf 90' lang='lat' dir='ltr'>nulla</span> <span class='ocrx_word' id='word_1_789' title='bbox 1601 693 1756 730; x_wconf 81' lang='lat' dir='ltr'>important</span> <span class='ocrx_word' id='word_1_790' title='bbox 1783 690 1980 722; x_wconf 85' lang='lat' dir='ltr'>Mercimonia</span> <span class='ocrx_word' id='word_1_791' title='bbox 1995 714 2004 728; x_wconf 87' lang='lat'>,</span> <span class='ocrx_word' id='word_1_792' title='bbox 2037 700 2131 723; x_wconf 87' lang='lat' dir='ltr'>tutum</span> <span class='ocrx_word' id='word_1_793' title='bbox 2159 694 2288 733; x_wconf 83' lang='lat' dir='ltr'>alioquin</span> 
     </span>
     <span class='ocr_line' id='line_1_110' title="bbox 1221 729 2288 769; baseline 0.002 -7"><span class='ocrx_word' id='word_1_794' title='bbox 1221 739 1422 762; x_wconf 66' lang='lat' dir='ltr'>commeatum</span> <span class='ocrx_word' id='word_1_795' title='bbox 1437 741 1487 769; x_wconf 87' lang='lat' dir='ltr'>per</span> <span class='ocrx_word' id='word_1_796' title='bbox 1508 741 1606 761; x_wconf 89' lang='lat' dir='ltr'>meum</span> <span class='ocrx_word' id='word_1_797' title='bbox 1628 730 1802 768; x_wconf 87' lang='lat' dir='ltr'>Imperiique</span> <span class='ocrx_word' id='word_1_798' title='bbox 1824 729 1945 760; x_wconf 87' lang='lat' dir='ltr'>Flumen</span> <span class='ocrx_word' id='word_1_799' title='bbox 1965 729 2124 768; x_wconf 86' lang='lat' dir='ltr'>Terrasque</span> <span class='ocrx_word' id='word_1_800' title='bbox 2145 732 2288 763; x_wconf 84' lang='lat' dir='ltr'>concede—</span> 
     </span>
     <span class='ocr_line' id='line_1_111' title="bbox 1222 767 2286 808; baseline 0.002 -8"><span class='ocrx_word' id='word_1_801' title='bbox 1222 769 1394 808; x_wconf 83' lang='lat' dir='ltr'>rent‚seque</span> <span class='ocrx_word' id='word_1_802' title='bbox 1409 777 1439 800; x_wconf 92' lang='lat' dir='ltr'>ut</span> <span class='ocrx_word' id='word_1_803' title='bbox 1460 769 1638 800; x_wconf 84' lang='lat' dir='ltr'>Christianos</span> <span class='ocrx_word' id='word_1_804' title='bbox 1653 769 1798 799; x_wconf 82' lang='lat' dir='ltr'>Homines</span> <span class='ocrx_word' id='word_1_805' title='bbox 1814 778 1867 806; x_wconf 92' lang='lat' dir='ltr'>pro</span> <span class='ocrx_word' id='word_1_806' title='bbox 1883 767 1945 798; x_wconf 84' lang='lat' dir='ltr'>Aris</span> <span class='ocrx_word' id='word_1_807' title='bbox 1958 770 1992 800; x_wconf 68' lang='grc' dir='ltr'>ὅ(</span> <span class='ocrx_word' id='word_1_808' title='bbox 2016 769 2100 799; x_wconf 89' lang='lat' dir='ltr'>Focis</span> <span class='ocrx_word' id='word_1_809' title='bbox 2117 769 2286 808; x_wconf 87' lang='lat' dir='ltr'>depugnan-</span> 
     </span>
     <span class='ocr_line' id='line_1_112' title="bbox 1220 806 2285 853; baseline 0.002 -15"><span class='ocrx_word' id='word_1_810' title='bbox 1220 817 1280 853; x_wconf 72' lang='lat' dir='ltr'>tes,</span> <span class='ocrx_word' id='word_1_811' title='bbox 1294 818 1356 839; x_wconf 89' lang='lat' dir='ltr'>non</span> <span class='ocrx_word' id='word_1_812' title='bbox 1371 816 1402 839; x_wconf 89' lang='lat' dir='ltr'>ut</span> <span class='ocrx_word' id='word_1_813' title='bbox 1416 806 1546 839; x_wconf 85' lang='lat' dir='ltr'>efferatos</span> <span class='ocrx_word' id='word_1_814' title='bbox 1563 810 1595 839; x_wconf 89' lang='lat'>&amp;</span> <span class='ocrx_word' id='word_1_815' title='bbox 1611 809 1744 839; x_wconf 86' lang='lat' dir='ltr'>barbaros</span> <span class='ocrx_word' id='word_1_816' title='bbox 1759 817 1825 844; x_wconf 86' lang='lat' dir='ltr'>erga</span> <span class='ocrx_word' id='word_1_817' title='bbox 1844 817 1890 838; x_wconf 86' lang='lat' dir='ltr'>me</span> <span class='ocrx_word' id='word_1_818' title='bbox 1907 806 2041 848; x_wconf 80' lang='lat' dir='ltr'>meosque</span> <span class='ocrx_word' id='word_1_819' title='bbox 2075 817 2285 847; x_wconf 71' lang='lat' dir='ltr'>ererent‚prae-</span> 
     </span>
     <span class='ocr_line' id='line_1_113' title="bbox 1218 816 2287 891; baseline 0.003 -15"><span class='ocrx_word' id='word_1_820' title='bbox 1218 847 1314 890; x_wconf 80' lang='lat' dir='ltr'>sertim</span> <span class='ocrx_word' id='word_1_821' title='bbox 1328 848 1400 891; x_wconf 81' lang='lat' dir='ltr'>cum</span> <span class='ocrx_word' id='word_1_822' title='bbox 1414 847 1447 878; x_wconf 92' lang='lat'>&amp;</span> <span class='ocrx_word' id='word_1_823' title='bbox 1462 847 1519 884; x_wconf 89' lang='lat' dir='ltr'>ipse</span> <span class='ocrx_word' id='word_1_824' title='bbox 1532 846 1628 885; x_wconf 86' lang='lat' dir='ltr'>postea</span> <span class='ocrx_word' id='word_1_825' title='bbox 1642 849 1738 876; x_wconf 75' lang='lat' dir='ltr'>Prince</span> <span class='ocrx_word' id='word_1_826' title='bbox 1755 857 1767 875; x_wconf 84' lang='lat' dir='ltr'>s</span> <span class='ocrx_word' id='word_1_827' title='bbox 1784 845 1933 885; x_wconf 79' lang='lat' dir='ltr'>Lycestrius</span> <span class='ocrx_word' id='word_1_828' title='bbox 1943 846 2028 883; x_wconf 76' lang='lat' dir='ltr'>,cuin</span> <span class='ocrx_word' id='word_1_829' title='bbox 2045 816 2180 884; x_wconf 49' lang='lat' dir='ltr'>{penori</span> <span class='ocrx_word' id='word_1_830' title='bbox 2193 847 2287 880; x_wconf 75' lang='lat' dir='ltr'>aestate</span> 
     </span>
     <span class='ocr_line' id='line_1_114' title="bbox 1219 884 2266 924; baseline 0.001 -8"><span class='ocrx_word' id='word_1_831' title='bbox 1219 886 1255 916; x_wconf 87' lang='lat' dir='ltr'>ad</span> <span class='ocrx_word' id='word_1_832' title='bbox 1269 896 1327 924; x_wconf 71' lang='lat' dir='ltr'>ejus</span> <span class='ocrx_word' id='word_1_833' title='bbox 1341 885 1523 922; x_wconf 82' lang='lat' dir='ltr'>Dignitatem</span> <span class='ocrx_word' id='word_1_834' title='bbox 1545 885 1599 916; x_wconf 87' lang='lat' dir='ltr'>hac</span> <span class='ocrx_word' id='word_1_835' title='bbox 1622 886 1658 916; x_wconf 95' lang='lat' dir='ltr'>de</span> <span class='ocrx_word' id='word_1_836' title='bbox 1679 895 1711 915; x_wconf 88' lang='lat' dir='ltr'>re</span> <span class='ocrx_word' id='word_1_837' title='bbox 1761 893 1858 921; x_wconf 85' lang='lat' dir='ltr'>egatos</span> <span class='ocrx_word' id='word_1_838' title='bbox 1875 886 1905 914; x_wconf 91' lang='lat' dir='ltr'>in</span> <span class='ocrx_word' id='word_1_839' title='bbox 1929 884 2117 917; x_wconf 88' lang='lat' dir='ltr'>Hollandiam</span> <span class='ocrx_word' id='word_1_840' title='bbox 2131 886 2266 917; x_wconf 79' lang='lat' dir='ltr'>milissem</span> 
     </span>
    </p>

    <p class='ocr_par' dir='ltr' id='par_1_36' title="bbox 1217 909 2290 1149">
     <span class='ocr_line' id='line_1_115' title="bbox 1219 909 2286 968; baseline 0.002 -14"><span class='ocrx_word' id='word_1_841' title='bbox 1219 925 1328 968; x_wconf 76' lang='lat' dir='ltr'>prolixe</span> <span class='ocrx_word' id='word_1_842' title='bbox 1342 924 1376 954; x_wconf 91' lang='lat' dir='ltr'>de</span> <span class='ocrx_word' id='word_1_843' title='bbox 1388 923 1436 954; x_wconf 62' lang='lat' dir='ltr'>sui</span> <span class='ocrx_word' id='word_1_844' title='bbox 1452 923 1597 955; x_wconf 88' lang='lat' dir='ltr'>voluntate</span> <span class='ocrx_word' id='word_1_845' title='bbox 1611 924 1645 955; x_wconf 72' lang='grc' dir='ltr'>ὅ(</span> <span class='ocrx_word' id='word_1_846' title='bbox 1661 922 1858 954; x_wconf 74' lang='lat' dir='ltr'>benevolentia</span> <span class='ocrx_word' id='word_1_847' title='bbox 1875 923 1906 953; x_wconf 91' lang='lat' dir='ltr'>sit</span> <span class='ocrx_word' id='word_1_848' title='bbox 1929 923 2072 961; x_wconf 81' lang='lat' dir='ltr'>pollicitus</span> <span class='ocrx_word' id='word_1_849' title='bbox 2092 927 2126 956; x_wconf 69' lang='lat' dir='ltr'>&amp;c</span> <span class='ocrx_word' id='word_1_850' title='bbox 2148 909 2286 956; x_wconf 69' lang='lat' dir='ltr'>decreve3</span> 
     </span>
     <span class='ocr_line' id='line_1_116' title="bbox 1219 961 2288 1001; baseline 0 -7"><span class='ocrx_word' id='word_1_851' title='bbox 1219 972 1271 1001; x_wconf 84' lang='lat' dir='ltr'>rit,</span> <span class='ocrx_word' id='word_1_852' title='bbox 1290 962 1447 993; x_wconf 77' lang='lat' dir='ltr'>secundum</span> <span class='ocrx_word' id='word_1_853' title='bbox 1470 962 1559 993; x_wconf 68' lang='lat' dir='ltr'>Paeta</span> <span class='ocrx_word' id='word_1_854' title='bbox 1579 971 1723 994; x_wconf 88' lang='lat' dir='ltr'>conventa</span> <span class='ocrx_word' id='word_1_855' title='bbox 1739 970 1808 991; x_wconf 91' lang='lat' dir='ltr'>cum</span> <span class='ocrx_word' id='word_1_856' title='bbox 1830 961 2019 992; x_wconf 86' lang='lat' dir='ltr'>lllustriffimo</span> <span class='ocrx_word' id='word_1_857' title='bbox 2034 966 2180 993; x_wconf 71' lang='lat' dir='ltr'>Amantio</span> <span class='ocrx_word' id='word_1_858' title='bbox 2203 966 2288 994; x_wconf 77' lang='lat' dir='ltr'>Prin-</span> 
     </span>
     <span class='ocr_line' id='line_1_117' title="bbox 1219 999 2288 1045; baseline 0.002 -14"><span class='ocrx_word' id='word_1_859' title='bbox 1219 1006 1272 1040; x_wconf 81' lang='lat' dir='ltr'>cipe</span> <span class='ocrx_word' id='word_1_860' title='bbox 1287 1000 1430 1045; x_wconf 59' lang='lat' dir='ltr'>Guiliequo</span> <span class='ocrx_word' id='word_1_861' title='bbox 1440 1001 1548 1039; x_wconf 84' lang='lat' dir='ltr'>,felicis</span> <span class='ocrx_word' id='word_1_862' title='bbox 1561 1002 1731 1038; x_wconf 76' lang='lat' dir='ltr'>memoriae,</span> <span class='ocrx_word' id='word_1_863' title='bbox 1746 999 1927 1038; x_wconf 83' lang='lat' dir='ltr'>consignata,</span> <span class='ocrx_word' id='word_1_864' title='bbox 1942 1002 2012 1031; x_wconf 87' lang='lat' dir='ltr'>meis</span> <span class='ocrx_word' id='word_1_865' title='bbox 2027 1000 2152 1032; x_wconf 88' lang='lat' dir='ltr'>Subditis</span> <span class='ocrx_word' id='word_1_866' title='bbox 2167 1003 2288 1034; x_wconf 87' lang='lat' dir='ltr'>liberam</span> 
     </span>
     <span class='ocr_line' id='line_1_118' title="bbox 1217 1039 2288 1084; baseline -0.001 -13"><span class='ocrx_word' id='word_1_867' title='bbox 1217 1040 1407 1084; x_wconf 75' lang='lat' dir='ltr'>contrahendi</span> <span class='ocrx_word' id='word_1_868' title='bbox 1425 1041 1459 1072; x_wconf 90' lang='lat'>&amp;</span> <span class='ocrx_word' id='word_1_869' title='bbox 1481 1040 1633 1078; x_wconf 87' lang='lat' dir='ltr'>navigandi</span> <span class='ocrx_word' id='word_1_870' title='bbox 1647 1039 1839 1077; x_wconf 78' lang='lat' dir='ltr'>Potestatem,</span> <span class='ocrx_word' id='word_1_871' title='bbox 1861 1049 1981 1078; x_wconf 87' lang='lat' dir='ltr'>eamque</span> <span class='ocrx_word' id='word_1_872' title='bbox 2004 1039 2082 1069; x_wconf 90' lang='lat' dir='ltr'>suam</span> <span class='ocrx_word' id='word_1_873' title='bbox 2098 1040 2288 1072; x_wconf 84' lang='lat' dir='ltr'>Voluntatem</span> 
     </span>
     <span class='ocr_line' id='line_1_119' title="bbox 1219 1077 2290 1149; baseline 0.001 -39"><span class='ocrx_word' id='word_1_874' title='bbox 1219 1078 1420 1149; x_wconf 55' lang='lat' dir='ltr'>{lthollandis</span> <span class='ocrx_word' id='word_1_875' title='bbox 1432 1080 1555 1117; x_wconf 86' lang='lat' dir='ltr'>aperuit,</span> <span class='ocrx_word' id='word_1_876' title='bbox 1565 1080 1598 1111; x_wconf 66' lang='grc' dir='ltr'>ὃς</span> <span class='ocrx_word' id='word_1_877' title='bbox 1613 1078 1662 1109; x_wconf 93' lang='lat' dir='ltr'>suo</span> <span class='ocrx_word' id='word_1_878' title='bbox 1677 1077 1778 1117; x_wconf 87' lang='lat' dir='ltr'>Sigillo</span> <span class='ocrx_word' id='word_1_879' title='bbox 1796 1077 1996 1109; x_wconf 82' lang='lat' dir='ltr'>confirmatam</span> <span class='ocrx_word' id='word_1_880' title='bbox 2011 1080 2082 1109; x_wconf 82' lang='lat' dir='ltr'>meis</span> <span class='ocrx_word' id='word_1_881' title='bbox 2102 1079 2219 1118; x_wconf 86' lang='lat' dir='ltr'>Legatis</span> <span class='ocrx_word' id='word_1_882' title='bbox 2231 1089 2290 1111; x_wconf 79' lang='lat' dir='ltr'>tra-</span> 
     </span>
    </p>

    <p class='ocr_par' dir='ltr' id='par_1_37' title="bbox 1271 1126 1310 1156">
     <span class='ocr_line' id='line_1_120' title="bbox 1271 1126 1310 1156; baseline 0.026 -9"><span class='ocrx_word' id='word_1_883' title='bbox 1271 1126 1310 1156; x_wconf 87' lang='lat' dir='ltr'>it,</span> 
     </span>
    </p>

    <p class='ocr_par' dir='ltr' id='par_1_38' title="bbox 1214 1153 2288 1969">
     <span class='ocr_line' id='line_1_121' title="bbox 1255 1153 2288 1201; baseline 0.001 -14"><span class='ocrx_word' id='word_1_884' title='bbox 1255 1156 1422 1201; x_wconf 69' lang='lat' dir='ltr'>Etsiautem</span> <span class='ocrx_word' id='word_1_885' title='bbox 1432 1155 1583 1194; x_wconf 70' lang='lat' dir='ltr'>,praesente</span> <span class='ocrx_word' id='word_1_886' title='bbox 1601 1157 1724 1194; x_wconf 82' lang='lat' dir='ltr'>Principe</span> <span class='ocrx_word' id='word_1_887' title='bbox 1735 1153 2055 1195; x_wconf 81' lang='lat' dir='ltr'>L)¹cestri0,utcumque</span> <span class='ocrx_word' id='word_1_888' title='bbox 2070 1156 2116 1187; x_wconf 87' lang='lat' dir='ltr'>vel</span> <span class='ocrx_word' id='word_1_889' title='bbox 2132 1157 2214 1188; x_wconf 90' lang='lat' dir='ltr'>inviti</span> <span class='ocrx_word' id='word_1_890' title='bbox 2230 1158 2288 1196; x_wconf 85' lang='lat' dir='ltr'>ejus</span> 
     </span>
     <span class='ocr_line' id='line_1_122' title="bbox 1217 1193 2284 1239; baseline 0 -13"><span class='ocrx_word' id='word_1_891' title='bbox 1217 1195 1343 1239; x_wconf 80' lang='lat' dir='ltr'>Imperio</span> <span class='ocrx_word' id='word_1_892' title='bbox 1359 1203 1526 1239; x_wconf 77' lang='lat' dir='ltr'>paruerunt,</span> <span class='ocrx_word' id='word_1_893' title='bbox 1540 1203 1639 1238; x_wconf 71' lang='lat' dir='ltr'>tamen</span> <span class='ocrx_word' id='word_1_894' title='bbox 1654 1204 1691 1225; x_wconf 91' lang='lat' dir='ltr'>eo</span> <span class='ocrx_word' id='word_1_895' title='bbox 1711 1195 1742 1224; x_wconf 89' lang='lat' dir='ltr'>in</span> <span class='ocrx_word' id='word_1_896' title='bbox 1757 1194 1895 1230; x_wconf 86' lang='lat' dir='ltr'>Angliam</span> <span class='ocrx_word' id='word_1_897' title='bbox 1914 1193 2049 1225; x_wconf 89' lang='lat' dir='ltr'>redeunte</span> <span class='ocrx_word' id='word_1_898' title='bbox 2064 1204 2133 1225; x_wconf 86' lang='lat' dir='ltr'>mox</span> <span class='ocrx_word' id='word_1_899' title='bbox 2150 1196 2184 1226; x_wconf 91' lang='lat' dir='ltr'>ad</span> <span class='ocrx_word' id='word_1_900' title='bbox 2201 1197 2284 1233; x_wconf 88' lang='lat' dir='ltr'>inge-</span> 
     </span>
     <span class='ocr_line' id='line_1_123' title="bbox 1218 1232 2286 1271; baseline 0 -7"><span class='ocrx_word' id='word_1_901' title='bbox 1218 1244 1299 1264; x_wconf 82' lang='lat' dir='ltr'>nium</span> <span class='ocrx_word' id='word_1_902' title='bbox 1321 1236 1479 1270; x_wconf 88' lang='lat' dir='ltr'>redierunt,</span> <span class='ocrx_word' id='word_1_903' title='bbox 1498 1243 1565 1271; x_wconf 90' lang='lat' dir='ltr'>quin</span> <span class='ocrx_word' id='word_1_904' title='bbox 1583 1235 1668 1264; x_wconf 85' lang='lat' dir='ltr'>etiam</span> <span class='ocrx_word' id='word_1_905' title='bbox 1686 1242 1723 1262; x_wconf 91' lang='lat' dir='ltr'>eo</span> <span class='ocrx_word' id='word_1_906' title='bbox 1740 1232 1894 1271; x_wconf 86' lang='lat' dir='ltr'>praesente,</span> <span class='ocrx_word' id='word_1_907' title='bbox 1921 1232 1954 1263; x_wconf 91' lang='lat'>&amp;</span> <span class='ocrx_word' id='word_1_908' title='bbox 1973 1241 2087 1264; x_wconf 90' lang='lat' dir='ltr'>tenente</span> <span class='ocrx_word' id='word_1_909' title='bbox 2108 1236 2286 1264; x_wconf 81' lang='lat' dir='ltr'>Provinciam</span> 
     </span>
     <span class='ocr_line' id='line_1_124' title="bbox 1217 1269 2286 1317; baseline 0.002 -15"><span class='ocrx_word' id='word_1_910' title='bbox 1217 1272 1296 1317; x_wconf 58' lang='lat' dir='ltr'>Pristi</span> <span class='ocrx_word' id='word_1_911' title='bbox 1312 1273 1427 1303; x_wconf 90' lang='lat' dir='ltr'>occidui</span> <span class='ocrx_word' id='word_1_912' title='bbox 1445 1272 1645 1302; x_wconf 77' lang='lat' dir='ltr'>Hollandorum</span> <span class='ocrx_word' id='word_1_913' title='bbox 1658 1271 1806 1310; x_wconf 87' lang='lat' dir='ltr'>foederati,</span> <span class='ocrx_word' id='word_1_914' title='bbox 1827 1281 1864 1301; x_wconf 86' lang='lat' dir='ltr'>ex</span> <span class='ocrx_word' id='word_1_915' title='bbox 1878 1269 1984 1301; x_wconf 88' lang='lat' dir='ltr'>Castro</span> <span class='ocrx_word' id='word_1_916' title='bbox 2000 1273 2133 1301; x_wconf 78' lang='lat' dir='ltr'>oterdum</span> <span class='ocrx_word' id='word_1_917' title='bbox 2146 1273 2216 1302; x_wconf 86' lang='lat' dir='ltr'>mihi</span> <span class='ocrx_word' id='word_1_918' title='bbox 2235 1274 2286 1304; x_wconf 87' lang='lat' dir='ltr'>Vi-</span> 
     </span>
     <span class='ocr_line' id='line_1_125' title="bbox 1219 1310 2284 1355; baseline 0.001 -14"><span class='ocrx_word' id='word_1_919' title='bbox 1219 1321 1307 1348; x_wconf 83' lang='lat' dir='ltr'>cino,</span> <span class='ocrx_word' id='word_1_920' title='bbox 1320 1310 1414 1355; x_wconf 56' lang='lat' dir='ltr'>Terra</span> <span class='ocrx_word' id='word_1_921' title='bbox 1432 1311 1465 1341; x_wconf 89' lang='lat'>&amp;</span> <span class='ocrx_word' id='word_1_922' title='bbox 1484 1310 1569 1349; x_wconf 62' lang='lat' dir='ltr'>Aqui</span> <span class='ocrx_word' id='word_1_923' title='bbox 1590 1311 1662 1341; x_wconf 88' lang='lat' dir='ltr'>intra</span> <span class='ocrx_word' id='word_1_924' title='bbox 1677 1320 1757 1340; x_wconf 88' lang='lat' dir='ltr'>meos</span> <span class='ocrx_word' id='word_1_925' title='bbox 1778 1310 1859 1340; x_wconf 68' lang='lat' dir='ltr'>Fines</span> <span class='ocrx_word' id='word_1_926' title='bbox 1877 1319 1966 1340; x_wconf 91' lang='lat' dir='ltr'>omne</span> <span class='ocrx_word' id='word_1_927' title='bbox 1986 1318 2074 1348; x_wconf 86' lang='lat' dir='ltr'>genus</span> <span class='ocrx_word' id='word_1_928' title='bbox 2091 1310 2232 1341; x_wconf 78' lang='lat' dir='ltr'>Maleficia</span> <span class='ocrx_word' id='word_1_929' title='bbox 2250 1322 2284 1342; x_wconf 90' lang='lat' dir='ltr'>ac</span> 
     </span>
     <span class='ocr_line' id='line_1_126' title="bbox 1219 1347 2284 1394; baseline 0 -13"><span class='ocrx_word' id='word_1_930' title='bbox 1219 1349 1422 1394; x_wconf 82' lang='lat' dir='ltr'>Populationes</span> <span class='ocrx_word' id='word_1_931' title='bbox 1442 1358 1650 1388; x_wconf 86' lang='lat' dir='ltr'>exercuerunt,</span> <span class='ocrx_word' id='word_1_932' title='bbox 1664 1348 1823 1379; x_wconf 84' lang='lat' dir='ltr'>Claffiarios</span> <span class='ocrx_word' id='word_1_933' title='bbox 1845 1347 2008 1386; x_wconf 87' lang='lat' dir='ltr'>Militesque</span> <span class='ocrx_word' id='word_1_934' title='bbox 2027 1348 2106 1387; x_wconf 89' lang='lat' dir='ltr'>suos,</span> <span class='ocrx_word' id='word_1_935' title='bbox 2128 1360 2177 1387; x_wconf 85' lang='lat' dir='ltr'>per</span> <span class='ocrx_word' id='word_1_936' title='bbox 2193 1349 2284 1388; x_wconf 81' lang='lat' dir='ltr'>Ripas</span> 
     </span>
     <span class='ocr_line' id='line_1_127' title="bbox 1220 1387 2284 1432; baseline 0.001 -14"><span class='ocrx_word' id='word_1_937' title='bbox 1220 1398 1277 1432; x_wconf 84' lang='lat' dir='ltr'>mei</span> <span class='ocrx_word' id='word_1_938' title='bbox 1293 1388 1432 1419; x_wconf 89' lang='lat' dir='ltr'>Fluminis</span> <span class='ocrx_word' id='word_1_939' title='bbox 1450 1389 1575 1427; x_wconf 72' lang='lat' dir='ltr'>Amasis,</span> <span class='ocrx_word' id='word_1_940' title='bbox 1593 1398 1646 1426; x_wconf 88' lang='lat' dir='ltr'>pro</span> <span class='ocrx_word' id='word_1_941' title='bbox 1665 1387 1749 1418; x_wconf 90' lang='lat' dir='ltr'>libito</span> <span class='ocrx_word' id='word_1_942' title='bbox 1765 1389 1823 1418; x_wconf 88' lang='lat' dir='ltr'>huc</span> <span class='ocrx_word' id='word_1_943' title='bbox 1838 1387 1904 1417; x_wconf 91' lang='lat' dir='ltr'>illuc</span> <span class='ocrx_word' id='word_1_944' title='bbox 1925 1387 2083 1426; x_wconf 83' lang='lat' dir='ltr'>praedatum</span> <span class='ocrx_word' id='word_1_945' title='bbox 2105 1389 2257 1419; x_wconf 87' lang='lat' dir='ltr'>emiserunt</span> <span class='ocrx_word' id='word_1_946' title='bbox 2273 1412 2284 1428; x_wconf 88' lang='lat'>,</span> 
     </span>
     <span class='ocr_line' id='line_1_128' title="bbox 1214 1425 2281 1466; baseline 0.002 -9"><span class='ocrx_word' id='word_1_947' title='bbox 1214 1427 1327 1457; x_wconf 89' lang='lat' dir='ltr'>diurnas</span> <span class='ocrx_word' id='word_1_948' title='bbox 1349 1427 1554 1466; x_wconf 69' lang='lat' dir='ltr'>no&amp;urnasque</span> <span class='ocrx_word' id='word_1_949' title='bbox 1585 1425 1785 1464; x_wconf 73' lang='lat' dir='ltr'>impressiones</span> <span class='ocrx_word' id='word_1_950' title='bbox 1803 1427 1833 1456; x_wconf 89' lang='lat' dir='ltr'>in</span> <span class='ocrx_word' id='word_1_951' title='bbox 1853 1435 1932 1455; x_wconf 87' lang='lat' dir='ltr'>meos</span> <span class='ocrx_word' id='word_1_952' title='bbox 1949 1425 2040 1464; x_wconf 86' lang='lat' dir='ltr'>Pagos</span> <span class='ocrx_word' id='word_1_953' title='bbox 2058 1427 2281 1466; x_wconf 86' lang='lat' dir='ltr'>circumquaque</span> 
     </span>
     <span class='ocr_line' id='line_1_129' title="bbox 1216 1464 2285 1505; baseline 0.001 -9"><span class='ocrx_word' id='word_1_954' title='bbox 1216 1466 1363 1505; x_wconf 83' lang='lat' dir='ltr'>fecerunt,</span> <span class='ocrx_word' id='word_1_955' title='bbox 1380 1465 1465 1496; x_wconf 84' lang='lat' dir='ltr'>Viros</span> <span class='ocrx_word' id='word_1_956' title='bbox 1480 1466 1513 1496; x_wconf 92' lang='lat'>&amp;</span> <span class='ocrx_word' id='word_1_957' title='bbox 1530 1465 1678 1496; x_wconf 85' lang='lat' dir='ltr'>Foeminas</span> <span class='ocrx_word' id='word_1_958' title='bbox 1692 1474 1725 1495; x_wconf 86' lang='lat' dir='ltr'>ex</span> <span class='ocrx_word' id='word_1_959' title='bbox 1740 1464 1839 1496; x_wconf 88' lang='lat' dir='ltr'>Stratis</span> <span class='ocrx_word' id='word_1_960' title='bbox 1852 1464 2054 1502; x_wconf 88' lang='lat' dir='ltr'>Dornibusque</span> <span class='ocrx_word' id='word_1_961' title='bbox 2068 1465 2121 1495; x_wconf 87' lang='lat' dir='ltr'>suis</span> <span class='ocrx_word' id='word_1_962' title='bbox 2135 1476 2205 1504; x_wconf 87' lang='lat' dir='ltr'>quos</span> <span class='ocrx_word' id='word_1_963' title='bbox 2222 1467 2285 1497; x_wconf 88' lang='lat' dir='ltr'>vel-</span> 
     </span>
     <span class='ocr_line' id='line_1_130' title="bbox 1216 1501 2282 1548; baseline 0 -12"><span class='ocrx_word' id='word_1_964' title='bbox 1216 1504 1275 1548; x_wconf 82' lang='lat' dir='ltr'>lent</span> <span class='ocrx_word' id='word_1_965' title='bbox 1287 1509 1413 1545; x_wconf 81' lang='lat' dir='ltr'>quoique</span> <span class='ocrx_word' id='word_1_966' title='bbox 1429 1504 1536 1535; x_wconf 91' lang='lat' dir='ltr'>luberet</span> <span class='ocrx_word' id='word_1_967' title='bbox 1556 1504 1912 1543; x_wconf 85' lang='lat' dir='ltr'>rapuerunt,immerentes</span> <span class='ocrx_word' id='word_1_968' title='bbox 1931 1501 2071 1543; x_wconf 84' lang='lat' dir='ltr'>Captivos</span> <span class='ocrx_word' id='word_1_969' title='bbox 2096 1504 2176 1534; x_wconf 90' lang='lat' dir='ltr'>suum</span> <span class='ocrx_word' id='word_1_970' title='bbox 2193 1507 2223 1535; x_wconf 90' lang='lat' dir='ltr'>in</span> <span class='ocrx_word' id='word_1_971' title='bbox 2242 1505 2282 1536; x_wconf 83' lang='lat' dir='ltr'>la-</span> 
     </span>
     <span class='ocr_line' id='line_1_131' title="bbox 1215 1541 2282 1587; baseline 0.001 -13"><span class='ocrx_word' id='word_1_972' title='bbox 1215 1543 1339 1587; x_wconf 82' lang='lat' dir='ltr'>tibulum</span> <span class='ocrx_word' id='word_1_973' title='bbox 1357 1543 1489 1587; x_wconf 75' lang='lat' dir='ltr'>Qterdum</span> <span class='ocrx_word' id='word_1_974' title='bbox 1502 1551 1608 1574; x_wconf 88' lang='lat' dir='ltr'>tetrum</span> <span class='ocrx_word' id='word_1_975' title='bbox 1625 1543 1656 1573; x_wconf 88' lang='lat' dir='ltr'>in</span> <span class='ocrx_word' id='word_1_976' title='bbox 1674 1541 1829 1572; x_wconf 88' lang='lat' dir='ltr'>Carcerem</span> <span class='ocrx_word' id='word_1_977' title='bbox 1847 1542 1962 1572; x_wconf 64' lang='lat' dir='ltr'>vinctos</span> <span class='ocrx_word' id='word_1_978' title='bbox 1983 1551 2190 1582; x_wconf 84' lang='lat' dir='ltr'>pertraxerunt,</span> <span class='ocrx_word' id='word_1_979' title='bbox 2207 1554 2282 1583; x_wconf 88' lang='lat' dir='ltr'>quo-</span> 
     </span>
     <span class='ocr_line' id='line_1_132' title="bbox 1217 1580 2283 1626; baseline 0.002 -14"><span class='ocrx_word' id='word_1_980' title='bbox 1217 1592 1282 1626; x_wconf 78' lang='lat' dir='ltr'>rurn</span> <span class='ocrx_word' id='word_1_981' title='bbox 1295 1583 1343 1613; x_wconf 79' lang='lat' dir='ltr'>alit</span> <span class='ocrx_word' id='word_1_982' title='bbox 1359 1592 1389 1612; x_wconf 89' lang='lat' dir='ltr'>in</span> <span class='ocrx_word' id='word_1_983' title='bbox 1407 1581 1540 1625; x_wconf 84' lang='lat' dir='ltr'>squallore</span> <span class='ocrx_word' id='word_1_984' title='bbox 1558 1583 1591 1613; x_wconf 92' lang='lat'>&amp;</span> <span class='ocrx_word' id='word_1_985' title='bbox 1612 1581 1900 1621; x_wconf 17' lang='lat' dir='ltr'>vinculisrputrefatfi‘ti</span> <span class='ocrx_word' id='word_1_986' title='bbox 1912 1580 2055 1611; x_wconf 87' lang='lat' dir='ltr'>Membris</span> <span class='ocrx_word' id='word_1_987' title='bbox 2070 1583 2194 1613; x_wconf 87' lang='lat' dir='ltr'>mutilati</span> <span class='ocrx_word' id='word_1_988' title='bbox 2211 1584 2283 1621; x_wconf 82' lang='lat' dir='ltr'>sunt,</span> 
     </span>
     <span class='ocr_line' id='line_1_133' title="bbox 1216 1619 2267 1652; baseline 0.001 -1"><span class='ocrx_word' id='word_1_989' title='bbox 1216 1622 1263 1651; x_wconf 88' lang='lat' dir='ltr'>alu</span> <span class='ocrx_word' id='word_1_990' title='bbox 1277 1630 1349 1652; x_wconf 87' lang='lat' dir='ltr'>curn</span> <span class='ocrx_word' id='word_1_991' title='bbox 1373 1620 1541 1651; x_wconf 89' lang='lat' dir='ltr'>Valetudine</span> <span class='ocrx_word' id='word_1_992' title='bbox 1564 1620 1611 1650; x_wconf 92' lang='lat' dir='ltr'>diu</span> <span class='ocrx_word' id='word_1_993' title='bbox 1636 1620 1794 1651; x_wconf 77' lang='lat' dir='ltr'>conflictati</span> <span class='ocrx_word' id='word_1_994' title='bbox 1817 1619 1946 1650; x_wconf 84' lang='lat' dir='ltr'>miseram</span> <span class='ocrx_word' id='word_1_995' title='bbox 1973 1621 2101 1650; x_wconf 88' lang='lat' dir='ltr'>animam</span> <span class='ocrx_word' id='word_1_996' title='bbox 2124 1620 2267 1652; x_wconf 53' lang='lat' dir='ltr'>exalarunt</span> 
     </span>
     <span class='ocr_line' id='line_1_134' title="bbox 1218 1645 2286 1703; baseline 0.002 -13"><span class='ocrx_word' id='word_1_997' title='bbox 1218 1659 1412 1696; x_wconf 87' lang='lat' dir='ltr'>Vestimenta,</span> <span class='ocrx_word' id='word_1_998' title='bbox 1427 1657 1566 1703; x_wconf 80' lang='lat' dir='ltr'>AEdulia,</span> <span class='ocrx_word' id='word_1_999' title='bbox 1582 1658 1740 1697; x_wconf 71' lang='lat' dir='ltr'>pecunias,</span> <span class='ocrx_word' id='word_1_1000' title='bbox 1769 1657 1885 1689; x_wconf 85' lang='lat' dir='ltr'>Merces</span> <span class='ocrx_word' id='word_1_1001' title='bbox 1901 1682 1910 1697; x_wconf 88' lang='lat'>‚</span> <span class='ocrx_word' id='word_1_1002' title='bbox 1934 1659 1968 1689; x_wconf 90' lang='lat'>&amp;</span> <span class='ocrx_word' id='word_1_1003' title='bbox 1984 1659 2124 1697; x_wconf 84' lang='lat' dir='ltr'>quicquid</span> <span class='ocrx_word' id='word_1_1004' title='bbox 2147 1645 2286 1698; x_wconf 69' lang='lat' dir='ltr'>praeterea&#39;</span> 
     </span>
     <span class='ocr_line' id='line_1_135' title="bbox 1217 1697 2282 1737; baseline 0.001 -8"><span class='ocrx_word' id='word_1_1005' title='bbox 1217 1699 1253 1729; x_wconf 90' lang='lat' dir='ltr'>ad</span> <span class='ocrx_word' id='word_1_1006' title='bbox 1275 1707 1376 1730; x_wconf 87' lang='lat' dir='ltr'>manus</span> <span class='ocrx_word' id='word_1_1007' title='bbox 1392 1698 1463 1734; x_wconf 83' lang='lat' dir='ltr'>fuit,</span> <span class='ocrx_word' id='word_1_1008' title='bbox 1477 1697 1650 1737; x_wconf 83' lang='lat' dir='ltr'>quibussibet</span> <span class='ocrx_word' id='word_1_1009' title='bbox 1666 1697 1828 1728; x_wconf 82' lang='lat' dir='ltr'>Viatoribus</span> <span class='ocrx_word' id='word_1_1010' title='bbox 1843 1697 1898 1727; x_wconf 83' lang='lat' dir='ltr'>sine</span> <span class='ocrx_word' id='word_1_1011' title='bbox 1920 1697 2084 1728; x_wconf 85' lang='lat' dir='ltr'>discrimine</span> <span class='ocrx_word' id='word_1_1012' title='bbox 2097 1698 2282 1737; x_wconf 88' lang='lat' dir='ltr'>abstulerunt,</span> 
     </span>
     <span class='ocr_line' id='line_1_136' title="bbox 1217 1735 2285 1780; baseline 0.001 -12"><span class='ocrx_word' id='word_1_1013' title='bbox 1217 1737 1381 1780; x_wconf 71' lang='lat' dir='ltr'>necessarias</span> <span class='ocrx_word' id='word_1_1014' title='bbox 1411 1735 1620 1776; x_wconf 86' lang='lat' dir='ltr'>Navigationes</span> <span class='ocrx_word' id='word_1_1015' title='bbox 1649 1736 1682 1767; x_wconf 89' lang='lat'>&amp;</span> <span class='ocrx_word' id='word_1_1016' title='bbox 1713 1736 1859 1773; x_wconf 82' lang='lat' dir='ltr'>legitimos</span> <span class='ocrx_word' id='word_1_1017' title='bbox 1880 1735 2057 1766; x_wconf 69' lang='lat' dir='ltr'>Contraetus</span> <span class='ocrx_word' id='word_1_1018' title='bbox 2080 1746 2148 1767; x_wconf 89' lang='lat' dir='ltr'>curn</span> <span class='ocrx_word' id='word_1_1019' title='bbox 2173 1737 2285 1769; x_wconf 90' lang='lat' dir='ltr'>Vicinis</span> 
     </span>
     <span class='ocr_line' id='line_1_137' title="bbox 1216 1773 2267 1817; baseline 0 -11"><span class='ocrx_word' id='word_1_1020' title='bbox 1216 1786 1286 1806; x_wconf 87' lang='lat' dir='ltr'>meis</span> <span class='ocrx_word' id='word_1_1021' title='bbox 1298 1774 1518 1813; x_wconf 76' lang='lat' dir='ltr'>Oldenburgicis‚</span> <span class='ocrx_word' id='word_1_1022' title='bbox 1531 1774 1714 1804; x_wconf 71' lang='lat' dir='ltr'>Benthemicis</span> <span class='ocrx_word' id='word_1_1023' title='bbox 1726 1797 1736 1812; x_wconf 85' lang='lat'>‚</span> <span class='ocrx_word' id='word_1_1024' title='bbox 1761 1773 1963 1815; x_wconf 80' lang='lat' dir='ltr'>Juliacenfibus</span> <span class='ocrx_word' id='word_1_1025' title='bbox 1977 1796 1988 1813; x_wconf 84' lang='lat'>,</span> <span class='ocrx_word' id='word_1_1026' title='bbox 2016 1774 2267 1817; x_wconf 76' lang='lat' dir='ltr'>Brunswicenfibus</span> 
     </span>
     <span class='ocr_line' id='line_1_138' title="bbox 1216 1799 2285 1857; baseline 0.001 -13"><span class='ocrx_word' id='word_1_1027' title='bbox 1216 1814 1409 1853; x_wconf 79' lang='lat' dir='ltr'>Colonienfibus</span> <span class='ocrx_word' id='word_1_1028' title='bbox 1417 1836 1427 1853; x_wconf 91' lang='lat'><em>‚</em></span> <span class='ocrx_word' id='word_1_1029' title='bbox 1443 1811 1698 1857; x_wconf 57' lang='lat' dir='ltr'>Monastniegtfibus</span> <span class='ocrx_word' id='word_1_1030' title='bbox 1708 1836 1718 1851; x_wconf 88' lang='lat'>,</span> <span class='ocrx_word' id='word_1_1031' title='bbox 1734 1815 1761 1842; x_wconf 84' lang='lat' dir='ltr'><em>E</em></span> <span class='ocrx_word' id='word_1_1032' title='bbox 1772 1811 1999 1852; x_wconf 55' lang='lat' dir='ltr'>‘nahmen-sibus,</span> <span class='ocrx_word' id='word_1_1033' title='bbox 2017 1814 2082 1845; x_wconf 80' lang='lat' dir='ltr'>imo</span> <span class='ocrx_word' id='word_1_1034' title='bbox 2106 1817 2177 1845; x_wconf 73' lang='lat' dir='ltr'>vero</span> <span class='ocrx_word' id='word_1_1035' title='bbox 2200 1799 2285 1848; x_wconf 55' lang='lat' dir='ltr'>etiani</span> 
     </span>
     <span class='ocr_line' id='line_1_139' title="bbox 1219 1852 2285 1891; baseline 0 -7"><span class='ocrx_word' id='word_1_1036' title='bbox 1219 1863 1290 1884; x_wconf 89' lang='lat' dir='ltr'>cum</span> <span class='ocrx_word' id='word_1_1037' title='bbox 1312 1853 1463 1883; x_wconf 75' lang='lat' dir='ltr'>saxonibus</span> <span class='ocrx_word' id='word_1_1038' title='bbox 1480 1853 1512 1883; x_wconf 73' lang='grc' dir='ltr'>ἃ</span> <span class='ocrx_word' id='word_1_1039' title='bbox 1528 1853 1718 1891; x_wconf 82' lang='lat' dir='ltr'>iuperioribus</span> <span class='ocrx_word' id='word_1_1040' title='bbox 1766 1853 1886 1882; x_wconf 86' lang='lat' dir='ltr'>ermanis</span> <span class='ocrx_word' id='word_1_1041' title='bbox 1900 1852 2285 1890; x_wconf 70' lang='lat' dir='ltr'>Brundeburgici5‚Noriber-</span> 
     </span>
     <span class='ocr_line' id='line_1_140' title="bbox 1217 1890 2285 1936; baseline 0.003 -15"><span class='ocrx_word' id='word_1_1042' title='bbox 1217 1896 1280 1936; x_wconf 73' lang='lat' dir='ltr'>gicis</span> <span class='ocrx_word' id='word_1_1043' title='bbox 1290 1914 1299 1930; x_wconf 84' lang='lat'>‚</span> <span class='ocrx_word' id='word_1_1044' title='bbox 1311 1891 1502 1936; x_wconf 27' lang='lat' dir='ltr'>*Augustaniss</span> <span class='ocrx_word' id='word_1_1045' title='bbox 1517 1891 1697 1930; x_wconf 81' lang='lat' dir='ltr'>Ulmenfibus‚</span> <span class='ocrx_word' id='word_1_1046' title='bbox 1712 1891 1746 1922; x_wconf 90' lang='lat'>&amp;</span> <span class='ocrx_word' id='word_1_1047' title='bbox 1767 1891 1878 1921; x_wconf 77' lang='lat' dir='ltr'>caeteris</span> <span class='ocrx_word' id='word_1_1048' title='bbox 1900 1890 2028 1921; x_wconf 81' lang='lat' dir='ltr'>Romani</span> <span class='ocrx_word' id='word_1_1049' title='bbox 2048 1890 2163 1932; x_wconf 76' lang='lat' dir='ltr'>Imperii</span> <span class='ocrx_word' id='word_1_1050' title='bbox 2179 1892 2285 1924; x_wconf 84' lang='lat' dir='ltr'>Subdi-</span> 
     </span>
     <span class='ocr_line' id='line_1_141' title="bbox 1220 1931 1667 1969; baseline -0.002 -7"><span class='ocrx_word' id='word_1_1051' title='bbox 1220 1940 1273 1969; x_wconf 82' lang='lat' dir='ltr'>tis,</span> <span class='ocrx_word' id='word_1_1052' title='bbox 1289 1931 1426 1961; x_wconf 87' lang='lat' dir='ltr'>violenter</span> <span class='ocrx_word' id='word_1_1053' title='bbox 1441 1931 1667 1969; x_wconf 87' lang='lat' dir='ltr'>impediverunt,</span> 
     </span>
    </p>

    <p class='ocr_par' dir='ltr' id='par_1_39' title="bbox 1212 1965 2288 2891">
     <span class='ocr_line' id='line_1_142' title="bbox 1241 1965 2286 2014; baseline -0.003 -14"><span class='ocrx_word' id='word_1_1054' title='bbox 1241 2010 1245 2014; x_wconf 40' lang='grc' dir='ltr'>Ι</span> <span class='ocrx_word' id='word_1_1055' title='bbox 1259 1970 1342 2009; x_wconf 85' lang='lat' dir='ltr'>Quin</span> <span class='ocrx_word' id='word_1_1056' title='bbox 1359 1971 1446 2000; x_wconf 88' lang='lat' dir='ltr'>etiam</span> <span class='ocrx_word' id='word_1_1057' title='bbox 1465 1970 1528 2006; x_wconf 82' lang='lat' dir='ltr'>ipsis</span> <span class='ocrx_word' id='word_1_1058' title='bbox 1542 1968 1658 2008; x_wconf 85' lang='lat' dir='ltr'>Anglis,</span> <span class='ocrx_word' id='word_1_1059' title='bbox 1670 1971 1759 2005; x_wconf 65' lang='lat' dir='ltr'>Regia»</span> <span class='ocrx_word' id='word_1_1060' title='bbox 1774 1965 1874 2007; x_wconf 72' lang='lat' dir='ltr'>vistrae</span> <span class='ocrx_word' id='word_1_1061' title='bbox 1894 1966 2053 2006; x_wconf 68' lang='lat' dir='ltr'>Majeslatis</span> <span class='ocrx_word' id='word_1_1062' title='bbox 2071 1966 2213 2009; x_wconf 78' lang='lat' dir='ltr'>Subditis,</span> <span class='ocrx_word' id='word_1_1063' title='bbox 2229 1973 2286 2000; x_wconf 64' lang='lat' dir='ltr'>tri.</span> 
     </span>
     <span class='ocr_line' id='line_1_143' title="bbox 1218 2005 2283 2053; baseline 0.001 -14"><span class='ocrx_word' id='word_1_1064' title='bbox 1218 2019 1298 2053; x_wconf 84' lang='lat' dir='ltr'>nime</span> <span class='ocrx_word' id='word_1_1065' title='bbox 1311 2016 1445 2048; x_wconf 85' lang='lat' dir='ltr'>parcunt,</span> <span class='ocrx_word' id='word_1_1066' title='bbox 1462 2008 1506 2038; x_wconf 91' lang='lat' dir='ltr'>sed</span> <span class='ocrx_word' id='word_1_1067' title='bbox 1521 2007 1680 2038; x_wconf 89' lang='lat' dir='ltr'>eorundem</span> <span class='ocrx_word' id='word_1_1068' title='bbox 1704 2007 1834 2045; x_wconf 87' lang='lat' dir='ltr'>Pannos,</span> <span class='ocrx_word' id='word_1_1069' title='bbox 1854 2007 1959 2045; x_wconf 88' lang='lat' dir='ltr'>aliaque</span> <span class='ocrx_word' id='word_1_1070' title='bbox 1983 2005 2199 2046; x_wconf 76' lang='lat' dir='ltr'>Mercimonia,</span> <span class='ocrx_word' id='word_1_1071' title='bbox 2238 2019 2283 2040; x_wconf 58' lang='lat' dir='ltr'>ux:</span> 
     </span>
     <span class='ocr_line' id='line_1_144' title="bbox 1218 2045 2286 2083; baseline 0.001 -6"><span class='ocrx_word' id='word_1_1072' title='bbox 1218 2056 1289 2078; x_wconf 89' lang='lat' dir='ltr'>intra</span> <span class='ocrx_word' id='word_1_1073' title='bbox 1310 2048 1355 2078; x_wconf 89' lang='lat' dir='ltr'>vel</span> <span class='ocrx_word' id='word_1_1074' title='bbox 1369 2055 1447 2077; x_wconf 80' lang='lat' dir='ltr'>extra</span> <span class='ocrx_word' id='word_1_1075' title='bbox 1463 2047 1536 2078; x_wconf 87' lang='lat' dir='ltr'>hanc</span> <span class='ocrx_word' id='word_1_1076' title='bbox 1551 2056 1646 2076; x_wconf 87' lang='lat' dir='ltr'>meam</span> <span class='ocrx_word' id='word_1_1077' title='bbox 1661 2045 1819 2076; x_wconf 86' lang='lat' dir='ltr'>Civitatem</span> <span class='ocrx_word' id='word_1_1078' title='bbox 1835 2045 1986 2083; x_wconf 76' lang='lat' dir='ltr'>Emhdam,</span> <span class='ocrx_word' id='word_1_1079' title='bbox 2000 2046 2033 2076; x_wconf 87' lang='lat' dir='ltr'>ad</span> <span class='ocrx_word' id='word_1_1080' title='bbox 2054 2045 2192 2077; x_wconf 89' lang='lat' dir='ltr'>neutrales</span> <span class='ocrx_word' id='word_1_1081' title='bbox 2206 2048 2286 2078; x_wconf 67' lang='lat' dir='ltr'>(ier-</span> 
     </span>
     <span class='ocr_line' id='line_1_145' title="bbox 1221 2083 2284 2155; baseline 0.001 -39"><span class='ocrx_word' id='word_1_1082' title='bbox 1221 2087 1326 2117; x_wconf 83' lang='lat' dir='ltr'>maniae</span> <span class='ocrx_word' id='word_1_1083' title='bbox 1339 2086 1407 2128; x_wconf 53' lang='lat' dir='ltr'>Prin</span> <span class='ocrx_word' id='word_1_1084' title='bbox 1425 2087 1500 2155; x_wconf 61' lang='lat' dir='ltr'>¹i(pes‚</span> <span class='ocrx_word' id='word_1_1085' title='bbox 1520 2084 1664 2115; x_wconf 66' lang='lat' dir='ltr'>Eieetores</span> <span class='ocrx_word' id='word_1_1086' title='bbox 1682 2085 1714 2115; x_wconf 89' lang='lat'>&amp;</span> <span class='ocrx_word' id='word_1_1087' title='bbox 1735 2083 1998 2122; x_wconf 84' lang='lat' dir='ltr'>Urbes‚Vehiculis</span> <span class='ocrx_word' id='word_1_1088' title='bbox 2013 2084 2199 2124; x_wconf 85' lang='lat' dir='ltr'>Navigiisque</span> <span class='ocrx_word' id='word_1_1089' title='bbox 2215 2096 2284 2124; x_wconf 85' lang='lat' dir='ltr'>por-</span> 
     </span>
     <span class='ocr_line' id='line_1_146' title="bbox 1218 2121 2282 2164; baseline 0 -8"><span class='ocrx_word' id='word_1_1090' title='bbox 1218 2133 1330 2164; x_wconf 83' lang='lat' dir='ltr'>tantur,</span> <span class='ocrx_word' id='word_1_1091' title='bbox 1345 2128 1363 2154; x_wconf 80' lang='lat' dir='ltr'>ii</span> <span class='ocrx_word' id='word_1_1092' title='bbox 1382 2134 1422 2163; x_wconf 88' lang='lat' dir='ltr'>po</span> <span class='ocrx_word' id='word_1_1093' title='bbox 1446 2133 1504 2162; x_wconf 86' lang='lat' dir='ltr'>int,</span> <span class='ocrx_word' id='word_1_1094' title='bbox 1518 2125 1656 2162; x_wconf 82' lang='lat' dir='ltr'>eripiunt,</span> <span class='ocrx_word' id='word_1_1095' title='bbox 1671 2123 1801 2163; x_wconf 74' lang='lat' dir='ltr'>Aurigas,</span> <span class='ocrx_word' id='word_1_1096' title='bbox 1819 2122 1928 2153; x_wconf 86' lang='lat' dir='ltr'>Nautas</span> <span class='ocrx_word' id='word_1_1097' title='bbox 1949 2123 1981 2153; x_wconf 87' lang='lat'>&amp;</span> <span class='ocrx_word' id='word_1_1098' title='bbox 2005 2121 2184 2154; x_wconf 56' lang='lat' dir='ltr'>lNs‘lercatores</span> <span class='ocrx_word' id='word_1_1099' title='bbox 2200 2127 2282 2156; x_wconf 86' lang='lat' dir='ltr'>variis</span> 
     </span>
     <span class='ocr_line' id='line_1_147' title="bbox 1218 2161 2282 2203; baseline -0.001 -8"><span class='ocrx_word' id='word_1_1100' title='bbox 1218 2164 1388 2195; x_wconf 85' lang='lat' dir='ltr'>Tormentis</span> <span class='ocrx_word' id='word_1_1101' title='bbox 1407 2163 1554 2201; x_wconf 84' lang='lat' dir='ltr'>afficiunt,</span> <span class='ocrx_word' id='word_1_1102' title='bbox 1569 2163 1708 2193; x_wconf 48' lang='lat' dir='ltr'>niultstant</span> <span class='ocrx_word' id='word_1_1103' title='bbox 1728 2164 1760 2193; x_wconf 85' lang='lat'>&amp;</span> <span class='ocrx_word' id='word_1_1104' title='bbox 1779 2161 1941 2200; x_wconf 87' lang='lat' dir='ltr'>violant‚ut</span> <span class='ocrx_word' id='word_1_1105' title='bbox 1957 2163 2040 2192; x_wconf 86' lang='lat' dir='ltr'>etiam</span> <span class='ocrx_word' id='word_1_1106' title='bbox 2056 2162 2106 2199; x_wconf 87' lang='lat' dir='ltr'>ipsi</span> <span class='ocrx_word' id='word_1_1107' title='bbox 2123 2163 2206 2202; x_wconf 81' lang='lat' dir='ltr'>Angli</span> <span class='ocrx_word' id='word_1_1108' title='bbox 2220 2173 2282 2203; x_wconf 78' lang='lat' dir='ltr'>gra-</span> 
     </span>
     <span class='ocr_line' id='line_1_148' title="bbox 1216 2201 2282 2247; baseline -0.003 -13"><span class='ocrx_word' id='word_1_1109' title='bbox 1216 2204 1342 2247; x_wconf 71' lang='lat' dir='ltr'>vissimas</span> <span class='ocrx_word' id='word_1_1110' title='bbox 1362 2203 1414 2246; x_wconf 84' lang='lat' dir='ltr'>hac</span> <span class='ocrx_word' id='word_1_1111' title='bbox 1431 2202 1467 2233; x_wconf 89' lang='lat' dir='ltr'>de</span> <span class='ocrx_word' id='word_1_1112' title='bbox 1484 2202 1628 2233; x_wconf 84' lang='lat' dir='ltr'>Violentia</span> <span class='ocrx_word' id='word_1_1113' title='bbox 1644 2202 1762 2232; x_wconf 64' lang='lat' dir='ltr'>habeant</span> <span class='ocrx_word' id='word_1_1114' title='bbox 1778 2201 1931 2240; x_wconf 82' lang='lat' dir='ltr'>Querelas,</span> <span class='ocrx_word' id='word_1_1115' title='bbox 1954 2201 1988 2232; x_wconf 89' lang='lat'>&amp;</span> <span class='ocrx_word' id='word_1_1116' title='bbox 2005 2211 2066 2230; x_wconf 87' lang='lat' dir='ltr'>non</span> <span class='ocrx_word' id='word_1_1117' title='bbox 2084 2202 2177 2232; x_wconf 74' lang='lat' dir='ltr'>minus</span> <span class='ocrx_word' id='word_1_1118' title='bbox 2194 2213 2282 2240; x_wconf 82' lang='lat' dir='ltr'>quam</span> 
     </span>
     <span class='ocr_line' id='line_1_149' title="bbox 1220 2239 2283 2308; baseline -0.001 -36"><span class='ocrx_word' id='word_1_1119' title='bbox 1220 2244 1265 2272; x_wconf 86' lang='lat' dir='ltr'>alii</span> <span class='ocrx_word' id='word_1_1120' title='bbox 1284 2242 1412 2284; x_wconf 70' lang='lat' dir='ltr'>Romani</span> <span class='ocrx_word' id='word_1_1121' title='bbox 1429 2240 1546 2278; x_wconf 86' lang='lat' dir='ltr'>Imperii</span> <span class='ocrx_word' id='word_1_1122' title='bbox 1561 2240 1673 2271; x_wconf 74' lang='lat' dir='ltr'>Subditi</span> <span class='ocrx_word' id='word_1_1123' title='bbox 1686 2241 1722 2271; x_wconf 85' lang='lat' dir='ltr'>ab</span> <span class='ocrx_word' id='word_1_1124' title='bbox 1738 2240 1797 2279; x_wconf 84' lang='lat' dir='ltr'>ipsis</span> <span class='ocrx_word' id='word_1_1125' title='bbox 1811 2247 1985 2308; x_wconf 48' lang='lat' dir='ltr'>{raventun</span> <span class='ocrx_word' id='word_1_1126' title='bbox 2006 2239 2107 2269; x_wconf 83' lang='lat' dir='ltr'>Taceo</span> <span class='ocrx_word' id='word_1_1127' title='bbox 2129 2250 2217 2277; x_wconf 84' lang='lat' dir='ltr'>quarn</span> <span class='ocrx_word' id='word_1_1128' title='bbox 2237 2242 2283 2272; x_wconf 84' lang='lat' dir='ltr'>his</span> 
     </span>
     <span class='ocr_line' id='line_1_150' title="bbox 1220 2277 2288 2317; baseline 0 -6"><span class='ocrx_word' id='word_1_1129' title='bbox 1220 2282 1271 2311; x_wconf 85' lang='lat' dir='ltr'>suis</span> <span class='ocrx_word' id='word_1_1130' title='bbox 1288 2282 1402 2311; x_wconf 76' lang='lat' dir='ltr'>innuitis</span> <span class='ocrx_word' id='word_1_1131' title='bbox 1422 2281 1453 2310; x_wconf 74' lang='grc' dir='ltr'>δε</span> <span class='ocrx_word' id='word_1_1132' title='bbox 1475 2280 1607 2310; x_wconf 78' lang='lat' dir='ltr'>inauditis</span> <span class='ocrx_word' id='word_1_1133' title='bbox 1625 2279 1745 2317; x_wconf 83' lang='lat' dir='ltr'>Rapinis</span> <span class='ocrx_word' id='word_1_1134' title='bbox 1765 2280 1797 2309; x_wconf 88' lang='lat'>&amp;</span> <span class='ocrx_word' id='word_1_1135' title='bbox 1841 2277 1966 2308; x_wconf 83' lang='lat' dir='ltr'>Ialeficii&#39;s</span> <span class='ocrx_word' id='word_1_1136' title='bbox 1979 2287 2050 2308; x_wconf 76' lang='lat' dir='ltr'>nieae</span> <span class='ocrx_word' id='word_1_1137' title='bbox 2075 2277 2208 2309; x_wconf 83' lang='lat' dir='ltr'>Civitatis</span> <span class='ocrx_word' id='word_1_1138' title='bbox 2223 2280 2288 2311; x_wconf 87' lang='lat' dir='ltr'>Te-</span> 
     </span>
     <span class='ocr_line' id='line_1_151' title="bbox 1219 2315 2286 2363; baseline -0.001 -13"><span class='ocrx_word' id='word_1_1139' title='bbox 1219 2320 1296 2363; x_wconf 80' lang='lat' dir='ltr'>lonia</span> <span class='ocrx_word' id='word_1_1140' title='bbox 1315 2321 1349 2351; x_wconf 68' lang='grc' dir='ltr'>ὃ(</span> <span class='ocrx_word' id='word_1_1141' title='bbox 1370 2319 1525 2357; x_wconf 58' lang='lat' dir='ltr'>Vec&#39;ligalia</span> <span class='ocrx_word' id='word_1_1142' title='bbox 1534 2318 1672 2357; x_wconf 87' lang='lat' dir='ltr'>,aliosque</span> <span class='ocrx_word' id='word_1_1143' title='bbox 1690 2317 1831 2359; x_wconf 39' lang='lat' dir='ltr'>Reditu—S,</span> <span class='ocrx_word' id='word_1_1144' title='bbox 1846 2326 1948 2347; x_wconf 90' lang='lat' dir='ltr'>nervos</span> <span class='ocrx_word' id='word_1_1145' title='bbox 1962 2315 2156 2355; x_wconf 72' lang='lat' dir='ltr'>Reipublicae,</span> <span class='ocrx_word' id='word_1_1146' title='bbox 2171 2319 2286 2349; x_wconf 88' lang='lat' dir='ltr'>accide-</span> 
     </span>
     <span class='ocr_line' id='line_1_152' title="bbox 1219 2354 2287 2396; baseline 0.001 -8"><span class='ocrx_word' id='word_1_1147' title='bbox 1219 2368 1294 2396; x_wconf 87' lang='lat' dir='ltr'>rint,</span> <span class='ocrx_word' id='word_1_1148' title='bbox 1318 2358 1429 2396; x_wconf 87' lang='lat' dir='ltr'>pondus</span> <span class='ocrx_word' id='word_1_1149' title='bbox 1445 2359 1478 2389; x_wconf 68' lang='grc' dir='ltr'>ὅ(</span> <span class='ocrx_word' id='word_1_1150' title='bbox 1494 2358 1691 2388; x_wconf 80' lang='lat' dir='ltr'>authoritatem</span> <span class='ocrx_word' id='word_1_1151' title='bbox 1707 2356 1957 2387; x_wconf 74' lang='lat' dir='ltr'>Certiacationum</span> <span class='ocrx_word' id='word_1_1152' title='bbox 1975 2355 2008 2385; x_wconf 82' lang='lat'>&amp;</span> <span class='ocrx_word' id='word_1_1153' title='bbox 2026 2354 2287 2389; x_wconf 67' lang='lat' dir='ltr'>instrumentorum</span> 
     </span>
     <span class='ocr_line' id='line_1_153' title="bbox 1221 2394 2282 2438; baseline -0.002 -11"><span class='ocrx_word' id='word_1_1154' title='bbox 1221 2407 1355 2427; x_wconf 87' lang='lat' dir='ltr'>meorum</span> <span class='ocrx_word' id='word_1_1155' title='bbox 1371 2406 1500 2434; x_wconf 82' lang='lat' dir='ltr'>meaeque</span> <span class='ocrx_word' id='word_1_1156' title='bbox 1516 2395 1646 2438; x_wconf 65' lang='lat' dir='ltr'>Civitatis</span> <span class='ocrx_word' id='word_1_1157' title='bbox 1662 2395 1858 2426; x_wconf 86' lang='lat' dir='ltr'>Nauticorum</span> <span class='ocrx_word' id='word_1_1158' title='bbox 1873 2394 2089 2431; x_wconf 87' lang='lat' dir='ltr'>imminuerint,</span> <span class='ocrx_word' id='word_1_1159' title='bbox 2100 2394 2282 2434; x_wconf 73' lang='lat' dir='ltr'>ipsorumque</span> 
     </span>
     <span class='ocr_line' id='line_1_154' title="bbox 1218 2431 2284 2472; baseline -0.002 -6"><span class='ocrx_word' id='word_1_1160' title='bbox 1218 2435 1445 2472; x_wconf 84' lang='lat' dir='ltr'>Hollandorum‚</span> <span class='ocrx_word' id='word_1_1161' title='bbox 1460 2434 1667 2465; x_wconf 64' lang='lat' dir='ltr'>Proeretftorum</span> <span class='ocrx_word' id='word_1_1162' title='bbox 1689 2434 1899 2471; x_wconf 68' lang='lat' dir='ltr'>Socioruinqtie</span> <span class='ocrx_word' id='word_1_1163' title='bbox 1922 2431 2035 2462; x_wconf 89' lang='lat' dir='ltr'>suorum</span> <span class='ocrx_word' id='word_1_1164' title='bbox 2058 2432 2226 2471; x_wconf 87' lang='lat' dir='ltr'>Praescripta</span> <span class='ocrx_word' id='word_1_1165' title='bbox 2248 2437 2284 2466; x_wconf 67' lang='grc' dir='ltr'>ὃς</span> 
     </span>
     <span class='ocr_line' id='line_1_155' title="bbox 1218 2470 2285 2510; baseline -0.006 -6"><span class='ocrx_word' id='word_1_1166' title='bbox 1218 2473 1405 2504; x_wconf 86' lang='lat' dir='ltr'>Documenta</span> <span class='ocrx_word' id='word_1_1167' title='bbox 1420 2472 1660 2510; x_wconf 81' lang='lat' dir='ltr'>contempserint,</span> <span class='ocrx_word' id='word_1_1168' title='bbox 1673 2474 1798 2509; x_wconf 87' lang='lat' dir='ltr'>ruperint</span> <span class='ocrx_word' id='word_1_1169' title='bbox 1815 2474 1847 2502; x_wconf 60' lang='grc' dir='ltr'>ἃ</span> <span class='ocrx_word' id='word_1_1170' title='bbox 1865 2470 2076 2509; x_wconf 86' lang='lat' dir='ltr'>conclaverint,</span> <span class='ocrx_word' id='word_1_1171' title='bbox 2099 2482 2167 2509; x_wconf 84' lang='lat' dir='ltr'>quas</span> <span class='ocrx_word' id='word_1_1172' title='bbox 2184 2472 2285 2504; x_wconf 79' lang='lat' dir='ltr'>Com.</span> 
     </span>
     <span class='ocr_line' id='line_1_156' title="bbox 1217 2510 2284 2552; baseline -0.001 -9"><span class='ocrx_word' id='word_1_1173' title='bbox 1217 2512 1402 2543; x_wconf 82' lang='lat' dir='ltr'>minationes!</span> <span class='ocrx_word' id='word_1_1174' title='bbox 1423 2521 1491 2550; x_wconf 81' lang='lat' dir='ltr'>quas</span> <span class='ocrx_word' id='word_1_1175' title='bbox 1512 2511 1676 2552; x_wconf 63' lang='lat' dir='ltr'>Verborum</span> <span class='ocrx_word' id='word_1_1176' title='bbox 1700 2510 1817 2549; x_wconf 73' lang='lat' dir='ltr'>Injurias</span> <span class='ocrx_word' id='word_1_1177' title='bbox 1839 2518 1922 2546; x_wconf 89' lang='lat' dir='ltr'>atque</span> <span class='ocrx_word' id='word_1_1178' title='bbox 1943 2510 2153 2540; x_wconf 81' lang='lat' dir='ltr'>contumelias!</span> <span class='ocrx_word' id='word_1_1179' title='bbox 2179 2512 2209 2541; x_wconf 90' lang='lat' dir='ltr'>in</span> <span class='ocrx_word' id='word_1_1180' title='bbox 2235 2522 2284 2544; x_wconf 87' lang='lat' dir='ltr'>me</span> 
     </span>
     <span class='ocr_line' id='line_1_157' title="bbox 1215 2547 2285 2589; baseline -0.007 -7"><span class='ocrx_word' id='word_1_1181' title='bbox 1215 2552 1349 2588; x_wconf 86' lang='lat' dir='ltr'>meosque</span> <span class='ocrx_word' id='word_1_1182' title='bbox 1366 2548 1556 2580; x_wconf 79' lang='lat' dir='ltr'>Administros</span> <span class='ocrx_word' id='word_1_1183' title='bbox 1570 2549 1718 2579; x_wconf 70' lang='lat' dir='ltr'>effuderint</span> <span class='ocrx_word' id='word_1_1184' title='bbox 1726 2572 1735 2588; x_wconf 85' lang='lat'>‚</span> <span class='ocrx_word' id='word_1_1185' title='bbox 1745 2547 1992 2586; x_wconf 76' lang='lat' dir='ltr'>quemadmodum</span> <span class='ocrx_word' id='word_1_1186' title='bbox 2008 2557 2088 2578; x_wconf 88' lang='lat' dir='ltr'>meos</span> <span class='ocrx_word' id='word_1_1187' title='bbox 2102 2548 2226 2589; x_wconf 85' lang='lat' dir='ltr'>Legatos</span> <span class='ocrx_word' id='word_1_1188' title='bbox 2240 2559 2285 2583; x_wconf 84' lang='lat' dir='ltr'>at-</span> 
     </span>
     <span class='ocr_line' id='line_1_158' title="bbox 1215 2587 2281 2628; baseline -0.003 -8"><span class='ocrx_word' id='word_1_1189' title='bbox 1215 2600 1270 2628; x_wconf 91' lang='lat' dir='ltr'>que</span> <span class='ocrx_word' id='word_1_1190' title='bbox 1288 2589 1481 2620; x_wconf 86' lang='lat' dir='ltr'>Internuncios</span> <span class='ocrx_word' id='word_1_1191' title='bbox 1494 2587 1739 2618; x_wconf 77' lang='lat' dir='ltr'>innocentissimos</span> <span class='ocrx_word' id='word_1_1192' title='bbox 1759 2587 1856 2623; x_wconf 67' lang='lat' dir='ltr'>Viros,</span> <span class='ocrx_word' id='word_1_1193' title='bbox 1877 2587 2052 2624; x_wconf 84' lang='lat' dir='ltr'>contemptis</span> <span class='ocrx_word' id='word_1_1194' title='bbox 2067 2593 2202 2618; x_wconf 83' lang='lat' dir='ltr'>omnibus</span> <span class='ocrx_word' id='word_1_1195' title='bbox 2221 2589 2281 2621; x_wconf 80' lang='lat' dir='ltr'>Le·-</span> 
     </span>
     <span class='ocr_line' id='line_1_159' title="bbox 1215 2624 2265 2669; baseline -0.001 -10"><span class='ocrx_word' id='word_1_1196' title='bbox 1215 2630 1316 2669; x_wconf 82' lang='lat' dir='ltr'>gibus,</span> <span class='ocrx_word' id='word_1_1197' title='bbox 1332 2629 1496 2665; x_wconf 81' lang='lat' dir='ltr'>exceperint</span> <span class='ocrx_word' id='word_1_1198' title='bbox 1512 2649 1521 2664; x_wconf 88' lang='lat'>,</span> <span class='ocrx_word' id='word_1_1199' title='bbox 1548 2628 1730 2657; x_wconf 82' lang='lat' dir='ltr'>immerentes</span> <span class='ocrx_word' id='word_1_1200' title='bbox 1750 2625 1880 2656; x_wconf 88' lang='lat' dir='ltr'>Vinculis</span> <span class='ocrx_word' id='word_1_1201' title='bbox 1906 2624 2074 2656; x_wconf 65' lang='lat' dir='ltr'>constrictos</span> <span class='ocrx_word' id='word_1_1202' title='bbox 2090 2625 2265 2659; x_wconf 86' lang='lat' dir='ltr'>detinuerint</span> 
     </span>
     <span class='ocr_line' id='line_1_160' title="bbox 1217 2651 2283 2705; baseline -0.001 -7"><span class='ocrx_word' id='word_1_1203' title='bbox 1217 2669 1340 2705; x_wconf 89' lang='lat' dir='ltr'>denique</span> <span class='ocrx_word' id='word_1_1204' title='bbox 1355 2667 1454 2698; x_wconf 88' lang='lat' dir='ltr'>omnia</span> <span class='ocrx_word' id='word_1_1205' title='bbox 1474 2666 1570 2696; x_wconf 86' lang='lat' dir='ltr'>divina</span> <span class='ocrx_word' id='word_1_1206' title='bbox 1591 2667 1624 2696; x_wconf 89' lang='lat'>&amp;</span> <span class='ocrx_word' id='word_1_1207' title='bbox 1644 2666 1770 2695; x_wconf 87' lang='lat' dir='ltr'>humana</span> <span class='ocrx_word' id='word_1_1208' title='bbox 1793 2664 1962 2694; x_wconf 88' lang='lat' dir='ltr'>violaverint</span> <span class='ocrx_word' id='word_1_1209' title='bbox 1979 2686 1989 2700; x_wconf 89' lang='lat'>,</span> <span class='ocrx_word' id='word_1_1210' title='bbox 2012 2674 2105 2701; x_wconf 90' lang='lat' dir='ltr'>neque</span> <span class='ocrx_word' id='word_1_1211' title='bbox 2129 2668 2199 2695; x_wconf 84' lang='lat' dir='ltr'>vero</span> <span class='ocrx_word' id='word_1_1212' title='bbox 2218 2651 2283 2697; x_wconf 63' lang='lat' dir='ltr'>hae}</span> 
     </span>
     <span class='ocr_line' id='line_1_161' title="bbox 1216 2702 2284 2744; baseline -0.004 -7"><span class='ocrx_word' id='word_1_1213' title='bbox 1216 2716 1281 2744; x_wconf 81' lang='lat' dir='ltr'>quae</span> <span class='ocrx_word' id='word_1_1214' title='bbox 1299 2706 1369 2736; x_wconf 90' lang='lat' dir='ltr'>dico</span> <span class='ocrx_word' id='word_1_1215' title='bbox 1385 2705 1559 2736; x_wconf 79' lang='lat' dir='ltr'>accusatorie</span> <span class='ocrx_word' id='word_1_1216' title='bbox 1575 2704 1620 2734; x_wconf 81' lang='lat' dir='ltr'>vel</span> <span class='ocrx_word' id='word_1_1217' title='bbox 1636 2703 1777 2733; x_wconf 77' lang='lat' dir='ltr'>malevole</span> <span class='ocrx_word' id='word_1_1218' title='bbox 1791 2703 1877 2737; x_wconf 85' lang='lat' dir='ltr'>dico,</span> <span class='ocrx_word' id='word_1_1219' title='bbox 1894 2702 2036 2732; x_wconf 83' lang='lat' dir='ltr'>verisfima</span> <span class='ocrx_word' id='word_1_1220' title='bbox 2054 2703 2114 2732; x_wconf 76' lang='lat' dir='ltr'>lunt</span> <span class='ocrx_word' id='word_1_1221' title='bbox 2135 2713 2198 2742; x_wconf 90' lang='lat' dir='ltr'>quae</span> <span class='ocrx_word' id='word_1_1222' title='bbox 2213 2705 2284 2735; x_wconf 86' lang='lat' dir='ltr'>dico</span> 
     </span>
     <span class='ocr_line' id='line_1_162' title="bbox 1214 2739 2283 2781; baseline -0.004 -5"><span class='ocrx_word' id='word_1_1223' title='bbox 1214 2747 1246 2776; x_wconf 85' lang='lat'>&amp;</span> <span class='ocrx_word' id='word_1_1224' title='bbox 1266 2755 1337 2775; x_wconf 89' lang='lat' dir='ltr'>cum</span> <span class='ocrx_word' id='word_1_1225' title='bbox 1354 2744 1453 2774; x_wconf 89' lang='lat' dir='ltr'>dolore</span> <span class='ocrx_word' id='word_1_1226' title='bbox 1467 2744 1556 2781; x_wconf 82' lang='lat' dir='ltr'>dico,</span> <span class='ocrx_word' id='word_1_1227' title='bbox 1574 2752 1637 2780; x_wconf 82' lang='lat' dir='ltr'>quae</span> <span class='ocrx_word' id='word_1_1228' title='bbox 1652 2744 1681 2772; x_wconf 90' lang='lat' dir='ltr'>in</span> <span class='ocrx_word' id='word_1_1229' title='bbox 1706 2741 1840 2772; x_wconf 78' lang='lat' dir='ltr'>Aichivis</span> <span class='ocrx_word' id='word_1_1230' title='bbox 1859 2739 2039 2777; x_wconf 84' lang='lat' dir='ltr'>Reipublicae</span> <span class='ocrx_word' id='word_1_1231' title='bbox 2059 2750 2132 2771; x_wconf 89' lang='lat' dir='ltr'>meae</span> <span class='ocrx_word' id='word_1_1232' title='bbox 2148 2744 2283 2772; x_wconf 84' lang='lat' dir='ltr'>AEmeda-</span> 
     </span>
     <span class='ocr_line' id='line_1_163' title="bbox 1213 2778 2283 2821; baseline -0.001 -8"><span class='ocrx_word' id='word_1_1233' title='bbox 1213 2795 1257 2814; x_wconf 81' lang='lat' dir='ltr'>nae</span> <span class='ocrx_word' id='word_1_1234' title='bbox 1275 2785 1291 2813; x_wconf 75' lang='lat' dir='ltr'>a</span> <span class='ocrx_word' id='word_1_1235' title='bbox 1308 2783 1429 2821; x_wconf 79' lang='lat' dir='ltr'>publicis</span> <span class='ocrx_word' id='word_1_1236' title='bbox 1448 2782 1555 2812; x_wconf 88' lang='lat' dir='ltr'>Scribis</span> <span class='ocrx_word' id='word_1_1237' title='bbox 1573 2782 1610 2811; x_wconf 91' lang='lat' dir='ltr'>ita</span> <span class='ocrx_word' id='word_1_1238' title='bbox 1626 2781 1763 2820; x_wconf 79' lang='lat' dir='ltr'>graphice</span> <span class='ocrx_word' id='word_1_1239' title='bbox 1781 2779 1943 2817; x_wconf 82' lang='lat' dir='ltr'>consignata</span> <span class='ocrx_word' id='word_1_1240' title='bbox 1956 2778 2018 2809; x_wconf 88' lang='lat' dir='ltr'>sunt</span> <span class='ocrx_word' id='word_1_1241' title='bbox 2034 2801 2043 2816; x_wconf 86' lang='lat'>,</span> <span class='ocrx_word' id='word_1_1242' title='bbox 2065 2780 2165 2810; x_wconf 87' lang='lat' dir='ltr'>additis</span> <span class='ocrx_word' id='word_1_1243' title='bbox 2187 2781 2283 2812; x_wconf 91' lang='lat' dir='ltr'>Tem-</span> 
     </span>
     <span class='ocr_line' id='line_1_164' title="bbox 1212 2817 2281 2891; baseline 0.001 -40"><span class='ocrx_word' id='word_1_1244' title='bbox 1212 2823 1306 2891; x_wconf 57' lang='grc' dir='ltr'>Ξοὲὶε,</span> <span class='ocrx_word' id='word_1_1245' title='bbox 1320 2822 1414 2860; x_wconf 81' lang='lat' dir='ltr'>Loci,</span> <span class='ocrx_word' id='word_1_1246' title='bbox 1429 2820 1656 2860; x_wconf 87' lang='lat' dir='ltr'>Hominumque</span> <span class='ocrx_word' id='word_1_1247' title='bbox 1672 2818 1922 2854; x_wconf 70' lang='lat' dir='ltr'>circumstantiis,</span> <span class='ocrx_word' id='word_1_1248' title='bbox 1940 2825 1970 2848; x_wconf 91' lang='lat' dir='ltr'>ut</span> <span class='ocrx_word' id='word_1_1249' title='bbox 1982 2817 2019 2848; x_wconf 90' lang='lat' dir='ltr'>de</span> <span class='ocrx_word' id='word_1_1250' title='bbox 2035 2818 2068 2848; x_wconf 88' lang='lat' dir='ltr'>iis</span> <span class='ocrx_word' id='word_1_1251' title='bbox 2082 2818 2203 2851; x_wconf 85' lang='lat' dir='ltr'>dubitari</span> <span class='ocrx_word' id='word_1_1252' title='bbox 2218 2830 2281 2852; x_wconf 87' lang='lat' dir='ltr'>non</span> 
     </span>
    </p>

    <p class='ocr_par' dir='ltr' id='par_1_40' title="bbox 1233 2869 1325 2892">
     <span class='ocr_line' id='line_1_165' title="bbox 1233 2869 1325 2892; baseline -0.022 0"><span class='ocrx_word' id='word_1_1253' title='bbox 1233 2872 1248 2892; x_wconf 88' lang='lat' dir='ltr'>e</span> <span class='ocrx_word' id='word_1_1254' title='bbox 1272 2869 1325 2891; x_wconf 79' lang='lat' dir='ltr'>eat.</span> 
     </span>
    </p>

    <p class='ocr_par' dir='ltr' id='par_1_41' title="bbox 1214 2893 2282 3900">
     <span class='ocr_line' id='line_1_166' title="bbox 1252 2893 2281 2935; baseline -0.002 -6"><span class='ocrx_word' id='word_1_1255' title='bbox 1252 2899 1329 2930; x_wconf 91' lang='lat' dir='ltr'>Non</span> <span class='ocrx_word' id='word_1_1256' title='bbox 1344 2907 1439 2929; x_wconf 78' lang='lat' dir='ltr'>autern</span> <span class='ocrx_word' id='word_1_1257' title='bbox 1456 2907 1504 2928; x_wconf 88' lang='lat' dir='ltr'>me</span> <span class='ocrx_word' id='word_1_1258' title='bbox 1527 2897 1596 2928; x_wconf 87' lang='lat' dir='ltr'>latet</span> <span class='ocrx_word' id='word_1_1259' title='bbox 1616 2895 1686 2935; x_wconf 89' lang='lat' dir='ltr'>quid</span> <span class='ocrx_word' id='word_1_1260' title='bbox 1708 2895 1831 2926; x_wconf 87' lang='lat' dir='ltr'>antehac</span> <span class='ocrx_word' id='word_1_1261' title='bbox 1852 2894 1985 2926; x_wconf 82' lang='lat' dir='ltr'>leviffimi</span> <span class='ocrx_word' id='word_1_1262' title='bbox 2005 2893 2153 2926; x_wconf 85' lang='lat' dir='ltr'>Homines</span> <span class='ocrx_word' id='word_1_1263' title='bbox 2172 2896 2209 2927; x_wconf 90' lang='lat' dir='ltr'>de</span> <span class='ocrx_word' id='word_1_1264' title='bbox 2232 2906 2281 2927; x_wconf 85' lang='lat' dir='ltr'>me</span> 
     </span>
     <span class='ocr_line' id='line_1_167' title="bbox 1214 2932 2278 2977; baseline -0.003 -9"><span class='ocrx_word' id='word_1_1265' title='bbox 1214 2938 1339 2977; x_wconf 86' lang='lat' dir='ltr'>meisque</span> <span class='ocrx_word' id='word_1_1266' title='bbox 1354 2937 1524 2975; x_wconf 83' lang='lat' dir='ltr'>sparserunt,</span> <span class='ocrx_word' id='word_1_1267' title='bbox 1544 2935 1650 2967; x_wconf 87' lang='lat' dir='ltr'>Hostes</span> <span class='ocrx_word' id='word_1_1268' title='bbox 1664 2936 1725 2966; x_wconf 85' lang='lat' dir='ltr'>su&#39;os</span> <span class='ocrx_word' id='word_1_1269' title='bbox 1740 2934 1895 2972; x_wconf 77' lang='lat' dir='ltr'>Hispanica</span> <span class='ocrx_word' id='word_1_1270' title='bbox 1918 2932 2047 2963; x_wconf 84' lang='lat' dir='ltr'>Praesidia</span> <span class='ocrx_word' id='word_1_1271' title='bbox 2062 2943 2145 2972; x_wconf 89' lang='lat' dir='ltr'>atque</span> <span class='ocrx_word' id='word_1_1272' title='bbox 2161 2934 2278 2975; x_wconf 83' lang='lat' dir='ltr'>Oppida</span> 
     </span>
     <span class='ocr_line' id='line_1_168' title="bbox 1214 2972 2274 3013; baseline -0.002 -6"><span class='ocrx_word' id='word_1_1273' title='bbox 1214 2978 1228 3008; x_wconf 80' lang='lat' dir='ltr'>a</span> <span class='ocrx_word' id='word_1_1274' title='bbox 1249 2987 1318 3007; x_wconf 81' lang='lat' dir='ltr'>meis</span> <span class='ocrx_word' id='word_1_1275' title='bbox 1339 2976 1516 3006; x_wconf 83' lang='lat' dir='ltr'>Commeatu</span> <span class='ocrx_word' id='word_1_1276' title='bbox 1529 2976 1637 3013; x_wconf 78' lang='lat' dir='ltr'>juvari,</span> <span class='ocrx_word' id='word_1_1277' title='bbox 1652 2984 1699 3004; x_wconf 88' lang='lat' dir='ltr'>me</span> <span class='ocrx_word' id='word_1_1278' title='bbox 1721 2984 1755 3003; x_wconf 84' lang='lat' dir='ltr'>ue</span> <span class='ocrx_word' id='word_1_1279' title='bbox 1767 2982 1869 3003; x_wconf 86' lang='lat' dir='ltr'>eorum</span> <span class='ocrx_word' id='word_1_1280' title='bbox 1885 2973 1974 3012; x_wconf 88' lang='lat' dir='ltr'>magis</span> <span class='ocrx_word' id='word_1_1281' title='bbox 1988 2973 2113 3010; x_wconf 85' lang='lat' dir='ltr'>partibus</span> <span class='ocrx_word' id='word_1_1282' title='bbox 2126 2972 2274 3005; x_wconf 55' lang='lat' dir='ltr'>addietum</span> 
     </span>
     <span class='ocr_line' id='line_1_169' title="bbox 1214 3009 2256 3052; baseline -0.002 -7"><span class='ocrx_word' id='word_1_1283' title='bbox 1214 3016 1320 3052; x_wconf 88' lang='lat' dir='ltr'>videri,</span> <span class='ocrx_word' id='word_1_1284' title='bbox 1334 3025 1391 3051; x_wconf 79' lang='lat' dir='ltr'>ego</span> <span class='ocrx_word' id='word_1_1285' title='bbox 1406 3017 1478 3045; x_wconf 82' lang='lat' dir='ltr'>vero</span> <span class='ocrx_word' id='word_1_1286' title='bbox 1491 3013 1623 3044; x_wconf 84' lang='lat' dir='ltr'>existimo</span> <span class='ocrx_word' id='word_1_1287' title='bbox 1639 3022 1686 3043; x_wconf 84' lang='lat' dir='ltr'>me</span> <span class='ocrx_word' id='word_1_1288' title='bbox 1727 3022 1742 3042; x_wconf 89' lang='lat' dir='ltr'>e</span> <span class='ocrx_word' id='word_1_1289' title='bbox 1762 3011 1804 3041; x_wconf 81' lang='lat' dir='ltr'>his</span> <span class='ocrx_word' id='word_1_1290' title='bbox 1825 3010 2015 3049; x_wconf 77' lang='lat' dir='ltr'>similibusque</span> <span class='ocrx_word' id='word_1_1291' title='bbox 2039 3009 2201 3042; x_wconf 87' lang='lat' dir='ltr'>Calumniis</span> <span class='ocrx_word' id='word_1_1292' title='bbox 2217 3013 2256 3043; x_wconf 86' lang='lat' dir='ltr'>ita</span> 
     </span>
     <span class='ocr_line' id='line_1_170' title="bbox 1214 3036 2278 3092; baseline -0.003 -8"><span class='ocrx_word' id='word_1_1293' title='bbox 1214 3065 1263 3092; x_wconf 82' lang='lat' dir='ltr'>per</span> <span class='ocrx_word' id='word_1_1294' title='bbox 1277 3055 1405 3084; x_wconf 79' lang='lat' dir='ltr'>Herleum</span> <span class='ocrx_word' id='word_1_1295' title='bbox 1428 3053 1587 3092; x_wconf 73' lang='lat' dir='ltr'>Legatum,</span> <span class='ocrx_word' id='word_1_1296' title='bbox 1602 3051 1675 3089; x_wconf 90' lang='lat' dir='ltr'>apud</span> <span class='ocrx_word' id='word_1_1297' title='bbox 1699 3053 1809 3088; x_wconf 85' lang='lat' dir='ltr'>Regiam</span> <span class='ocrx_word' id='word_1_1298' title='bbox 1827 3049 1947 3088; x_wconf 73' lang='lat' dir='ltr'>vestram</span> <span class='ocrx_word' id='word_1_1299' title='bbox 1967 3048 2144 3088; x_wconf 74' lang='lat' dir='ltr'>Majestatem</span> <span class='ocrx_word' id='word_1_1300' title='bbox 2162 3036 2278 3081; x_wconf 60' lang='lat' dir='ltr'>Princii</span> 
     </span>
     <span class='ocr_line' id='line_1_171' title="bbox 1214 3087 2274 3132; baseline -0.003 -9"><span class='ocrx_word' id='word_1_1301' title='bbox 1214 3103 1336 3132; x_wconf 89' lang='lat' dir='ltr'>pemque</span> <span class='ocrx_word' id='word_1_1302' title='bbox 1352 3091 1533 3131; x_wconf 76' lang='lat' dir='ltr'>Lyceslrium,</span> <span class='ocrx_word' id='word_1_1303' title='bbox 1549 3090 1682 3128; x_wconf 86' lang='lat' dir='ltr'>superiori</span> <span class='ocrx_word' id='word_1_1304' title='bbox 1697 3099 1772 3120; x_wconf 90' lang='lat' dir='ltr'>anno</span> <span class='ocrx_word' id='word_1_1305' title='bbox 1789 3087 1846 3119; x_wconf 82' lang='lat' dir='ltr'>effe</span> <span class='ocrx_word' id='word_1_1306' title='bbox 1859 3087 2036 3126; x_wconf 80' lang='lat' dir='ltr'>excusatum,</span> <span class='ocrx_word' id='word_1_1307' title='bbox 2057 3096 2087 3118; x_wconf 90' lang='lat' dir='ltr'>ut</span> <span class='ocrx_word' id='word_1_1308' title='bbox 2100 3098 2161 3118; x_wconf 93' lang='lat' dir='ltr'>non</span> <span class='ocrx_word' id='word_1_1309' title='bbox 2179 3088 2274 3120; x_wconf 82' lang='lat' dir='ltr'>solum</span> 
     </span>
     <span class='ocr_line' id='line_1_172' title="bbox 1215 3125 2278 3169; baseline -0.002 -8"><span class='ocrx_word' id='word_1_1310' title='bbox 1215 3132 1289 3162; x_wconf 84' lang='lat' dir='ltr'>nulla</span> <span class='ocrx_word' id='word_1_1311' title='bbox 1304 3131 1414 3169; x_wconf 69' lang='lat' dir='ltr'>Culpa,</span> <span class='ocrx_word' id='word_1_1312' title='bbox 1436 3130 1480 3160; x_wconf 85' lang='lat' dir='ltr'>sed</span> <span class='ocrx_word' id='word_1_1313' title='bbox 1504 3139 1540 3159; x_wconf 86' lang='lat' dir='ltr'>ne</span> <span class='ocrx_word' id='word_1_1314' title='bbox 1563 3129 1682 3167; x_wconf 89' lang='lat' dir='ltr'>suspicio</span> <span class='ocrx_word' id='word_1_1315' title='bbox 1703 3126 1818 3158; x_wconf 88' lang='lat' dir='ltr'>alicu&#39;us</span> <span class='ocrx_word' id='word_1_1316' title='bbox 1839 3125 1944 3163; x_wconf 78' lang='lat' dir='ltr'>Culpae</span> <span class='ocrx_word' id='word_1_1317' title='bbox 1964 3126 1995 3156; x_wconf 91' lang='lat' dir='ltr'>in</span> <span class='ocrx_word' id='word_1_1318' title='bbox 2011 3134 2059 3155; x_wconf 88' lang='lat' dir='ltr'>me</span> <span class='ocrx_word' id='word_1_1319' title='bbox 2076 3126 2182 3158; x_wconf 75' lang='lat' dir='ltr'>haerere</span> <span class='ocrx_word' id='word_1_1320' title='bbox 2196 3126 2278 3165; x_wconf 84' lang='lat' dir='ltr'>posse</span> 
     </span>
     <span class='ocr_line' id='line_1_173' title="bbox 1216 3164 2279 3208; baseline -0.004 -8"><span class='ocrx_word' id='word_1_1321' title='bbox 1216 3171 1359 3208; x_wconf 81' lang='lat' dir='ltr'>videatur,</span> <span class='ocrx_word' id='word_1_1322' title='bbox 1371 3168 1542 3206; x_wconf 82' lang='lat' dir='ltr'>jampridem</span> <span class='ocrx_word' id='word_1_1323' title='bbox 1554 3169 1632 3198; x_wconf 88' lang='lat' dir='ltr'>enirn</span> <span class='ocrx_word' id='word_1_1324' title='bbox 1653 3166 1749 3197; x_wconf 85' lang='lat' dir='ltr'>Poena</span> <span class='ocrx_word' id='word_1_1325' title='bbox 1791 3164 1872 3202; x_wconf 84' lang='lat' dir='ltr'>apitis</span> <span class='ocrx_word' id='word_1_1326' title='bbox 1895 3164 2011 3202; x_wconf 81' lang='lat' dir='ltr'>publice</span> <span class='ocrx_word' id='word_1_1327' title='bbox 2032 3165 2164 3194; x_wconf 74' lang='lat' dir='ltr'>interd‘nii</span> <span class='ocrx_word' id='word_1_1328' title='bbox 2189 3168 2279 3204; x_wconf 86' lang='lat' dir='ltr'>meis,</span> 
     </span>
     <span class='ocr_line' id='line_1_174' title="bbox 1217 3202 2280 3241; baseline -0.005 -2"><span class='ocrx_word' id='word_1_1329' title='bbox 1217 3211 1247 3239; x_wconf 91' lang='lat' dir='ltr'>in</span> <span class='ocrx_word' id='word_1_1330' title='bbox 1270 3208 1555 3238; x_wconf 76' lang='lat' dir='ltr'>Malecontenrorum</span> <span class='ocrx_word' id='word_1_1331' title='bbox 1571 3206 1674 3236; x_wconf 70' lang='lat' dir='ltr'>Terras</span> <span class='ocrx_word' id='word_1_1332' title='bbox 1687 3202 1874 3241; x_wconf 84' lang='lat' dir='ltr'>Praesidiaque</span> <span class='ocrx_word' id='word_1_1333' title='bbox 1890 3212 2010 3233; x_wconf 90' lang='lat' dir='ltr'>ornnem</span> <span class='ocrx_word' id='word_1_1334' title='bbox 2034 3203 2172 3233; x_wconf 86' lang='lat' dir='ltr'>Annonae</span> <span class='ocrx_word' id='word_1_1335' title='bbox 2191 3205 2280 3234; x_wconf 79' lang='lat' dir='ltr'>trans-</span> 
     </span>
     <span class='ocr_line' id='line_1_175' title="bbox 1218 3239 2276 3287; baseline -0.005 -10"><span class='ocrx_word' id='word_1_1336' title='bbox 1218 3244 1624 3287; x_wconf 77' lang='lat' dir='ltr'>portationem,pollicitusque</span> <span class='ocrx_word' id='word_1_1337' title='bbox 1638 3243 1700 3274; x_wconf 90' lang='lat' dir='ltr'>sum</span> <span class='ocrx_word' id='word_1_1338' title='bbox 1718 3250 1823 3281; x_wconf 84' lang='lat' dir='ltr'>me,ut</span> <span class='ocrx_word' id='word_1_1339' title='bbox 1839 3240 1917 3272; x_wconf 85' lang='lat' dir='ltr'>Sacri</span> <span class='ocrx_word' id='word_1_1340' title='bbox 1930 3241 2058 3271; x_wconf 88' lang='lat' dir='ltr'>Romani</span> <span class='ocrx_word' id='word_1_1341' title='bbox 2073 3239 2193 3278; x_wconf 87' lang='lat' dir='ltr'>Imperii·</span> <span class='ocrx_word' id='word_1_1342' title='bbox 2206 3242 2231 3272; x_wconf 91' lang='lat' dir='ltr'>V</span> <span class='ocrx_word' id='word_1_1343' title='bbox 2235 3244 2276 3272; x_wconf 80' lang='lat' dir='ltr'>ai-</span> 
     </span>
     <span class='ocr_line' id='line_1_176' title="bbox 1218 3280 2278 3322; baseline -0.005 -6"><span class='ocrx_word' id='word_1_1344' title='bbox 1218 3286 1314 3316; x_wconf 78' lang='lat' dir='ltr'>sallum</span> <span class='ocrx_word' id='word_1_1345' title='bbox 1329 3286 1362 3316; x_wconf 91' lang='lat'>&amp;</span> <span class='ocrx_word' id='word_1_1346' title='bbox 1377 3283 1529 3314; x_wconf 89' lang='lat' dir='ltr'>Comitem</span> <span class='ocrx_word' id='word_1_1347' title='bbox 1543 3305 1553 3320; x_wconf 89' lang='lat'>,</span> <span class='ocrx_word' id='word_1_1348' title='bbox 1579 3293 1632 3322; x_wconf 90' lang='lat' dir='ltr'>pro</span> <span class='ocrx_word' id='word_1_1349' title='bbox 1653 3282 1780 3318; x_wconf 87' lang='lat' dir='ltr'>obligata</span> <span class='ocrx_word' id='word_1_1350' title='bbox 1801 3280 1872 3311; x_wconf 90' lang='lat' dir='ltr'>Fide</span> <span class='ocrx_word' id='word_1_1351' title='bbox 1892 3287 2021 3310; x_wconf 87' lang='lat' dir='ltr'>neutram</span> <span class='ocrx_word' id='word_1_1352' title='bbox 2045 3280 2077 3308; x_wconf 88' lang='lat' dir='ltr'>in</span> <span class='ocrx_word' id='word_1_1353' title='bbox 2095 3288 2203 3316; x_wconf 85' lang='lat' dir='ltr'>partem</span> <span class='ocrx_word' id='word_1_1354' title='bbox 2219 3281 2278 3311; x_wconf 90' lang='lat' dir='ltr'>hoc</span> 
     </span>
     <span class='ocr_line' id='line_1_177' title="bbox 1221 3318 2279 3361; baseline -0.005 -7"><span class='ocrx_word' id='word_1_1355' title='bbox 1221 3324 1322 3354; x_wconf 87' lang='lat' dir='ltr'>misero</span> <span class='ocrx_word' id='word_1_1356' title='bbox 1343 3323 1472 3361; x_wconf 88' lang='lat' dir='ltr'>fatalique</span> <span class='ocrx_word' id='word_1_1357' title='bbox 1486 3322 1585 3351; x_wconf 83' lang='lat' dir='ltr'>vicino</span> <span class='ocrx_word' id='word_1_1358' title='bbox 1598 3320 1676 3351; x_wconf 90' lang='lat' dir='ltr'>Bello</span> <span class='ocrx_word' id='word_1_1359' title='bbox 1699 3320 1916 3356; x_wconf 86' lang='lat' dir='ltr'>inclinaturum,</span> <span class='ocrx_word' id='word_1_1360' title='bbox 1933 3326 2084 3354; x_wconf 87' lang='lat' dir='ltr'>meamque</span> <span class='ocrx_word' id='word_1_1361' title='bbox 2105 3318 2138 3348; x_wconf 91' lang='lat'>&amp;</span> <span class='ocrx_word' id='word_1_1362' title='bbox 2160 3318 2279 3358; x_wconf 87' lang='lat' dir='ltr'>Imperii</span> 
     </span>
     <span class='ocr_line' id='line_1_178' title="bbox 1221 3354 2280 3399; baseline -0.005 -6"><span class='ocrx_word' id='word_1_1363' title='bbox 1221 3363 1405 3394; x_wconf 83' lang='lat' dir='ltr'>Provinciam</span> <span class='ocrx_word' id='word_1_1364' title='bbox 1432 3361 1557 3399; x_wconf 81' lang='lat' dir='ltr'>legitime</span> <span class='ocrx_word' id='word_1_1365' title='bbox 1574 3369 1626 3397; x_wconf 89' lang='lat' dir='ltr'>pro</span> <span class='ocrx_word' id='word_1_1366' title='bbox 1639 3359 1712 3389; x_wconf 87' lang='lat' dir='ltr'>virili</span> <span class='ocrx_word' id='word_1_1367' title='bbox 1727 3357 1925 3393; x_wconf 78' lang='lat' dir='ltr'>defensurum,</span> <span class='ocrx_word' id='word_1_1368' title='bbox 1940 3354 2016 3393; x_wconf 89' lang='lat' dir='ltr'>quod</span> <span class='ocrx_word' id='word_1_1369' title='bbox 2037 3354 2153 3394; x_wconf 88' lang='lat' dir='ltr'>quidem</span> <span class='ocrx_word' id='word_1_1370' title='bbox 2170 3366 2225 3396; x_wconf 85' lang='lat' dir='ltr'>ego</span> <span class='ocrx_word' id='word_1_1371' title='bbox 2243 3359 2280 3388; x_wconf 90' lang='lat' dir='ltr'>ab</span> 
     </span>
     <span class='ocr_line' id='line_1_179' title="bbox 1220 3393 2282 3439; baseline -0.005 -9"><span class='ocrx_word' id='word_1_1372' title='bbox 1220 3403 1303 3431; x_wconf 86' lang='lat' dir='ltr'>initio</span> <span class='ocrx_word' id='word_1_1373' title='bbox 1317 3400 1424 3438; x_wconf 85' lang='lat' dir='ltr'>semper</span> <span class='ocrx_word' id='word_1_1374' title='bbox 1437 3398 1553 3439; x_wconf 80' lang='lat' dir='ltr'>praestiti</span> <span class='ocrx_word' id='word_1_1375' title='bbox 1563 3399 1612 3435; x_wconf 90' lang='lat'>,&amp;</span> <span class='ocrx_word' id='word_1_1376' title='bbox 1623 3397 1706 3435; x_wconf 86' lang='lat' dir='ltr'>,Deo</span> <span class='ocrx_word' id='word_1_1377' title='bbox 1717 3395 1995 3434; x_wconf 85' lang='lat' dir='ltr'>juvante,deinceps</span> <span class='ocrx_word' id='word_1_1378' title='bbox 2010 3393 2119 3431; x_wconf 88' lang='lat' dir='ltr'>semper</span> <span class='ocrx_word' id='word_1_1379' title='bbox 2131 3395 2190 3424; x_wconf 89' lang='lat' dir='ltr'>sum</span> <span class='ocrx_word' id='word_1_1380' title='bbox 2206 3406 2282 3433; x_wconf 77' lang='lat' dir='ltr'>prae-</span> 
     </span>
     <span class='ocr_line' id='line_1_180' title="bbox 1221 3431 2282 3478; baseline -0.007 -9"><span class='ocrx_word' id='word_1_1381' title='bbox 1221 3440 1354 3478; x_wconf 77' lang='lat' dir='ltr'>staturus3</span> <span class='ocrx_word' id='word_1_1382' title='bbox 1370 3447 1539 3476; x_wconf 86' lang='lat' dir='ltr'>quamquam</span> <span class='ocrx_word' id='word_1_1383' title='bbox 1554 3438 1585 3466; x_wconf 90' lang='lat' dir='ltr'>in</span> <span class='ocrx_word' id='word_1_1384' title='bbox 1598 3436 1657 3466; x_wconf 91' lang='lat' dir='ltr'>hoc</span> <span class='ocrx_word' id='word_1_1385' title='bbox 1670 3443 1800 3473; x_wconf 88' lang='lat' dir='ltr'>tempore</span> <span class='ocrx_word' id='word_1_1386' title='bbox 1813 3443 1903 3464; x_wconf 87' lang='lat' dir='ltr'>nemo</span> <span class='ocrx_word' id='word_1_1387' title='bbox 1917 3431 2086 3468; x_wconf 83' lang='lat' dir='ltr'>Principum</span> <span class='ocrx_word' id='word_1_1388' title='bbox 2101 3433 2135 3461; x_wconf 87' lang='lat' dir='ltr'>ita</span> <span class='ocrx_word' id='word_1_1389' title='bbox 2149 3432 2174 3462; x_wconf 86' lang='lat' dir='ltr'>se</span> <span class='ocrx_word' id='word_1_1390' title='bbox 2187 3442 2282 3471; x_wconf 75' lang='lat' dir='ltr'>gerere</span> 
     </span>
     <span class='ocr_line' id='line_1_181' title="bbox 1221 3470 2282 3515; baseline -0.006 -8"><span class='ocrx_word' id='word_1_1391' title='bbox 1221 3479 1343 3515; x_wconf 80' lang='lat' dir='ltr'>poterit²</span> <span class='ocrx_word' id='word_1_1392' title='bbox 1356 3486 1460 3507; x_wconf 89' lang='lat' dir='ltr'>utnon</span> <span class='ocrx_word' id='word_1_1393' title='bbox 1478 3477 1507 3505; x_wconf 90' lang='lat' dir='ltr'>in</span> <span class='ocrx_word' id='word_1_1394' title='bbox 1525 3475 1681 3513; x_wconf 90' lang='lat' dir='ltr'>aliquorum</span> <span class='ocrx_word' id='word_1_1395' title='bbox 1698 3497 1707 3508; x_wconf 74' lang='lat'>,</span> <span class='ocrx_word' id='word_1_1396' title='bbox 1733 3473 1883 3512; x_wconf 81' lang='lat' dir='ltr'>praesertim</span> <span class='ocrx_word' id='word_1_1397' title='bbox 1903 3470 2119 3500; x_wconf 89' lang='lat' dir='ltr'>Malevolorum</span> <span class='ocrx_word' id='word_1_1398' title='bbox 2130 3493 2139 3508; x_wconf 80' lang='grc'>,</span> <span class='ocrx_word' id='word_1_1399' title='bbox 2156 3472 2282 3504; x_wconf 71' lang='lat' dir='ltr'>incurret</span> 
     </span>
     <span class='ocr_line' id='line_1_182' title="bbox 1222 3507 2281 3553; baseline -0.008 -7"><span class='ocrx_word' id='word_1_1400' title='bbox 1222 3517 1404 3553; x_wconf 82' lang='lat' dir='ltr'>Calumnias,</span> <span class='ocrx_word' id='word_1_1401' title='bbox 1420 3516 1526 3544; x_wconf 90' lang='lat' dir='ltr'>utinam</span> <span class='ocrx_word' id='word_1_1402' title='bbox 1539 3523 1631 3543; x_wconf 88' lang='lat' dir='ltr'>autern</span> <span class='ocrx_word' id='word_1_1403' title='bbox 1653 3514 1722 3542; x_wconf 88' lang='lat' dir='ltr'>boni</span> <span class='ocrx_word' id='word_1_1404' title='bbox 1740 3512 1784 3542; x_wconf 89' lang='lat' dir='ltr'>isti</span> <span class='ocrx_word' id='word_1_1405' title='bbox 1803 3510 1948 3541; x_wconf 85' lang='lat' dir='ltr'>Homines</span> <span class='ocrx_word' id='word_1_1406' title='bbox 1964 3518 2036 3538; x_wconf 88' lang='lat' dir='ltr'>cum</span> <span class='ocrx_word' id='word_1_1407' title='bbox 2053 3507 2116 3538; x_wconf 84' lang='lat' dir='ltr'>falsa</span> <span class='ocrx_word' id='word_1_1408' title='bbox 2135 3509 2281 3546; x_wconf 82' lang='lat' dir='ltr'>proferunt</span> 
     </span>
     <span class='ocr_line' id='line_1_183' title="bbox 1223 3546 2281 3589; baseline -0.003 -6"><span class='ocrx_word' id='word_1_1409' title='bbox 1223 3556 1242 3574; x_wconf 47' lang='grc' dir='ltr'>*Ρ</span> <span class='ocrx_word' id='word_1_1410' title='bbox 1261 3556 1347 3584; x_wconf 87' lang='lat' dir='ltr'>etiarn</span> <span class='ocrx_word' id='word_1_1411' title='bbox 1368 3563 1434 3583; x_wconf 88' lang='lat' dir='ltr'>vera</span> <span class='ocrx_word' id='word_1_1412' title='bbox 1454 3563 1514 3582; x_wconf 94' lang='lat' dir='ltr'>non</span> <span class='ocrx_word' id='word_1_1413' title='bbox 1529 3560 1670 3589; x_wconf 83' lang='lat' dir='ltr'>tacerent,</span> <span class='ocrx_word' id='word_1_1414' title='bbox 1683 3561 1749 3582; x_wconf 78' lang='lat' dir='ltr'>nam</span> <span class='ocrx_word' id='word_1_1415' title='bbox 1767 3547 1945 3587; x_wconf 86' lang='lat' dir='ltr'>quantumvis</span> <span class='ocrx_word' id='word_1_1416' title='bbox 1959 3556 2006 3576; x_wconf 89' lang='lat' dir='ltr'>me</span> <span class='ocrx_word' id='word_1_1417' title='bbox 2021 3546 2147 3576; x_wconf 88' lang='lat' dir='ltr'>medium</span> <span class='ocrx_word' id='word_1_1418' title='bbox 2170 3558 2281 3580; x_wconf 87' lang='lat' dir='ltr'>neutra-</span> 
     </span>
     <span class='ocr_line' id='line_1_184' title="bbox 1221 3585 2281 3630; baseline -0.006 -7"><span class='ocrx_word' id='word_1_1419' title='bbox 1221 3594 1355 3630; x_wconf 84' lang='lat' dir='ltr'>lemque,</span> <span class='ocrx_word' id='word_1_1420' title='bbox 1371 3592 1441 3621; x_wconf 88' lang='lat' dir='ltr'>serus</span> <span class='ocrx_word' id='word_1_1421' title='bbox 1464 3600 1556 3620; x_wconf 87' lang='lat' dir='ltr'>tamen</span> <span class='ocrx_word' id='word_1_1422' title='bbox 1577 3590 1697 3620; x_wconf 66' lang='lat' dir='ltr'>adversae</span> <span class='ocrx_word' id='word_1_1423' title='bbox 1718 3588 2018 3622; x_wconf 76' lang='lat' dir='ltr'>Malecontentorum,</span> <span class='ocrx_word' id='word_1_1424' title='bbox 2034 3593 2065 3614; x_wconf 90' lang='lat' dir='ltr'>ut</span> <span class='ocrx_word' id='word_1_1425' title='bbox 2080 3585 2281 3626; x_wconf 72' lang='lat' dir='ltr'>nominantur,</span> 
     </span>
     <span class='ocr_line' id='line_1_185' title="bbox 1221 3622 2275 3669; baseline -0.006 -8"><span class='ocrx_word' id='word_1_1426' title='bbox 1221 3631 1408 3669; x_wconf 77' lang='lat' dir='ltr'>parti,vide0r</span> <span class='ocrx_word' id='word_1_1427' title='bbox 1422 3628 1564 3658; x_wconf 85' lang='lat' dir='ltr'>Hostibus</span> <span class='ocrx_word' id='word_1_1428' title='bbox 1578 3629 1739 3667; x_wconf 80' lang='lat' dir='ltr'>suis,magis</span> <span class='ocrx_word' id='word_1_1429' title='bbox 1753 3624 1978 3662; x_wconf 68' lang='lat' dir='ltr'>addietus‚cum</span> <span class='ocrx_word' id='word_1_1430' title='bbox 1993 3622 2121 3662; x_wconf 79' lang='lat' dir='ltr'>quotidie</span> <span class='ocrx_word' id='word_1_1431' title='bbox 2134 3625 2164 3654; x_wconf 89' lang='lat' dir='ltr'>in</span> <span class='ocrx_word' id='word_1_1432' title='bbox 2180 3635 2275 3656; x_wconf 89' lang='lat' dir='ltr'>meam</span> 
     </span>
     <span class='ocr_line' id='line_1_186' title="bbox 1224 3660 2281 3704; baseline -0.006 -4"><span class='ocrx_word' id='word_1_1433' title='bbox 1224 3670 1340 3700; x_wconf 87' lang='lat' dir='ltr'>Urbem</span> <span class='ocrx_word' id='word_1_1434' title='bbox 1358 3668 1494 3698; x_wconf 87' lang='lat' dir='ltr'>Hollandi</span> <span class='ocrx_word' id='word_1_1435' title='bbox 1513 3669 1547 3698; x_wconf 68' lang='grc' dir='ltr'>ὅ(</span> <span class='ocrx_word' id='word_1_1436' title='bbox 1566 3667 1646 3698; x_wconf 88' lang='lat' dir='ltr'>Socii</span> <span class='ocrx_word' id='word_1_1437' title='bbox 1664 3672 1832 3697; x_wconf 86' lang='lat' dir='ltr'>commeant</span> <span class='ocrx_word' id='word_1_1438' title='bbox 1839 3663 2011 3702; x_wconf 81' lang='lat' dir='ltr'>‚Annonam</span> <span class='ocrx_word' id='word_1_1439' title='bbox 2030 3660 2281 3704; x_wconf 86' lang='lat' dir='ltr'>Mercimoniaque</span> 
     </span>
     <span class='ocr_line' id='line_1_187' title="bbox 1220 3698 2279 3748; baseline -0.008 -10"><span class='ocrx_word' id='word_1_1440' title='bbox 1220 3710 1317 3739; x_wconf 84' lang='lat' dir='ltr'>omnis</span> <span class='ocrx_word' id='word_1_1441' title='bbox 1328 3707 1436 3748; x_wconf 86' lang='lat' dir='ltr'>generis</span> <span class='ocrx_word' id='word_1_1442' title='bbox 1450 3714 1602 3744; x_wconf 87' lang='lat' dir='ltr'>coemant,</span> <span class='ocrx_word' id='word_1_1443' title='bbox 1625 3706 1727 3743; x_wconf 84' lang='lat' dir='ltr'>quibus</span> <span class='ocrx_word' id='word_1_1444' title='bbox 1743 3704 1776 3734; x_wconf 91' lang='lat'>&amp;</span> <span class='ocrx_word' id='word_1_1445' title='bbox 1795 3702 1822 3732; x_wconf 89' lang='lat' dir='ltr'>se</span> <span class='ocrx_word' id='word_1_1446' title='bbox 1837 3724 1846 3738; x_wconf 90' lang='lat'>,</span> <span class='ocrx_word' id='word_1_1447' title='bbox 1867 3701 1900 3730; x_wconf 91' lang='lat'>&amp;</span> <span class='ocrx_word' id='word_1_1448' title='bbox 1921 3698 2048 3729; x_wconf 77' lang='lat' dir='ltr'>Classem</span> <span class='ocrx_word' id='word_1_1449' title='bbox 2070 3700 2099 3729; x_wconf 90' lang='lat' dir='ltr'>in</span> <span class='ocrx_word' id='word_1_1450' title='bbox 2116 3701 2231 3741; x_wconf 75' lang='lat' dir='ltr'>Amafi2</span> <span class='ocrx_word' id='word_1_1451' title='bbox 2245 3704 2279 3733; x_wconf 70' lang='grc' dir='ltr'>δε</span> 
     </span>
     <span class='ocr_line' id='line_1_188' title="bbox 1221 3737 2280 3778; baseline -0.007 -1"><span class='ocrx_word' id='word_1_1452' title='bbox 1221 3747 1389 3778; x_wconf 74' lang='lat' dir='ltr'>Praeiidium</span> <span class='ocrx_word' id='word_1_1453' title='bbox 1413 3743 1542 3774; x_wconf 82' lang='lat' dir='ltr'>Militum</span> <span class='ocrx_word' id='word_1_1454' title='bbox 1563 3746 1593 3774; x_wconf 92' lang='lat' dir='ltr'>in</span> <span class='ocrx_word' id='word_1_1455' title='bbox 1612 3743 1716 3774; x_wconf 85' lang='lat' dir='ltr'>Castro</span> <span class='ocrx_word' id='word_1_1456' title='bbox 1738 3740 1886 3775; x_wconf 71' lang='lat' dir='ltr'>oterdum,</span> <span class='ocrx_word' id='word_1_1457' title='bbox 1903 3737 2031 3767; x_wconf 82' lang='lat' dir='ltr'>adversus</span> <span class='ocrx_word' id='word_1_1458' title='bbox 2044 3737 2170 3768; x_wconf 84' lang='lat' dir='ltr'>Hostem</span> <span class='ocrx_word' id='word_1_1459' title='bbox 2184 3742 2220 3770; x_wconf 89' lang='lat' dir='ltr'>ita</span> <span class='ocrx_word' id='word_1_1460' title='bbox 2236 3742 2280 3770; x_wconf 87' lang='lat' dir='ltr'>in-</span> 
     </span>
     <span class='ocr_line' id='line_1_189' title="bbox 1221 3775 2279 3822; baseline -0.006 -7"><span class='ocrx_word' id='word_1_1461' title='bbox 1221 3786 1346 3822; x_wconf 79' lang='lat' dir='ltr'>struant,</span> <span class='ocrx_word' id='word_1_1462' title='bbox 1359 3793 1389 3814; x_wconf 89' lang='lat' dir='ltr'>ut</span> <span class='ocrx_word' id='word_1_1463' title='bbox 1405 3783 1537 3821; x_wconf 84' lang='lat' dir='ltr'>superiori</span> <span class='ocrx_word' id='word_1_1464' title='bbox 1553 3783 1643 3814; x_wconf 90' lang='lat' dir='ltr'>Anno</span> <span class='ocrx_word' id='word_1_1465' title='bbox 1664 3780 1832 3820; x_wconf 85' lang='lat' dir='ltr'>Hispanicus</span> <span class='ocrx_word' id='word_1_1466' title='bbox 1855 3775 2009 3806; x_wconf 64' lang='lat' dir='ltr'>Praefectus</span> <span class='ocrx_word' id='word_1_1467' title='bbox 2021 3776 2165 3813; x_wconf 72' lang='lat' dir='ltr'>Verdugius</span> <span class='ocrx_word' id='word_1_1468' title='bbox 2180 3778 2211 3808; x_wconf 83' lang='lat' dir='ltr'>lit</span> <span class='ocrx_word' id='word_1_1469' title='bbox 2226 3789 2279 3809; x_wconf 87' lang='lat' dir='ltr'>co-</span> 
     </span>
     <span class='ocr_line' id='line_1_190' title="bbox 1219 3813 2278 3862; baseline -0.008 -7"><span class='ocrx_word' id='word_1_1470' title='bbox 1219 3834 1316 3862; x_wconf 79' lang='lat' dir='ltr'>natus,</span> <span class='ocrx_word' id='word_1_1471' title='bbox 1331 3822 1455 3852; x_wconf 74' lang='lat' dir='ltr'>collec&#39;to</span> <span class='ocrx_word' id='word_1_1472' title='bbox 1472 3820 1567 3851; x_wconf 82' lang='lat' dir='ltr'>Milite</span> <span class='ocrx_word' id='word_1_1473' title='bbox 1589 3829 1681 3851; x_wconf 85' lang='lat' dir='ltr'>meam</span> <span class='ocrx_word' id='word_1_1474' title='bbox 1697 3817 1885 3848; x_wconf 78' lang='lat' dir='ltr'>Provinciam</span> <span class='ocrx_word' id='word_1_1475' title='bbox 1905 3813 2040 3844; x_wconf 84' lang='lat' dir='ltr'>invadere</span> <span class='ocrx_word' id='word_1_1476' title='bbox 2055 3815 2087 3844; x_wconf 70' lang='grc' dir='ltr'>δε</span> <span class='ocrx_word' id='word_1_1477' title='bbox 2105 3816 2278 3856; x_wconf 68' lang='lat' dir='ltr'>depraedari,</span> 
     </span>
     <span class='ocr_line' id='line_1_191' title="bbox 1219 3851 2083 3900; baseline -0.014 -7"><span class='ocrx_word' id='word_1_1478' title='bbox 1219 3861 1432 3900; x_wconf 79' lang='lat' dir='ltr'>nili,aspirante</span> <span class='ocrx_word' id='word_1_1479' title='bbox 1447 3859 1533 3898; x_wconf 77' lang='lat' dir='ltr'>Deo,</span> <span class='ocrx_word' id='word_1_1480' title='bbox 1549 3859 1680 3899; x_wconf 84' lang='lat' dir='ltr'>legitimis</span> <span class='ocrx_word' id='word_1_1481' title='bbox 1694 3855 1802 3886; x_wconf 89' lang='lat' dir='ltr'>Mediis</span> <span class='ocrx_word' id='word_1_1482' title='bbox 1816 3854 1960 3890; x_wconf 84' lang='lat' dir='ltr'>mitigatus</span> <span class='ocrx_word' id='word_1_1483' title='bbox 1971 3851 2083 3890; x_wconf 73' lang='lat' dir='ltr'>fuisset,</span> 
     </span>
    </p>

    <p class='ocr_par' dir='ltr' id='par_1_42' title="bbox 1218 3889 2278 4055">
     <span class='ocr_line' id='line_1_192' title="bbox 1255 3889 2276 3938; baseline -0.014 -8"><span class='ocrx_word' id='word_1_1484' title='bbox 1255 3902 1446 3938; x_wconf 79' lang='lat' dir='ltr'>Tace0‚quae</span> <span class='ocrx_word' id='word_1_1485' title='bbox 1461 3907 1591 3936; x_wconf 87' lang='lat' dir='ltr'>tempore</span> <span class='ocrx_word' id='word_1_1486' title='bbox 1599 3895 1733 3926; x_wconf 69' lang='lat' dir='ltr'>Albaniai</span> <span class='ocrx_word' id='word_1_1487' title='bbox 1746 3889 2033 3931; x_wconf 76' lang='lat' dir='ltr'>Imperii,Hollandis</span> <span class='ocrx_word' id='word_1_1488' title='bbox 2048 3889 2188 3925; x_wconf 72' lang='lat' dir='ltr'>Beneficia</span> <span class='ocrx_word' id='word_1_1489' title='bbox 2203 3903 2276 3931; x_wconf 74' lang='lat' dir='ltr'>prae-</span> 
     </span>
     <span class='ocr_line' id='line_1_193' title="bbox 1219 3927 2276 3977; baseline -0.009 -8"><span class='ocrx_word' id='word_1_1490' title='bbox 1219 3940 1275 3970; x_wconf 88' lang='lat' dir='ltr'>stiti</span> <span class='ocrx_word' id='word_1_1491' title='bbox 1284 3963 1293 3977; x_wconf 82' lang='lat'>,</span> <span class='ocrx_word' id='word_1_1492' title='bbox 1305 3936 1553 3977; x_wconf 84' lang='lat' dir='ltr'>quemadmodum</span> <span class='ocrx_word' id='word_1_1493' title='bbox 1569 3935 1642 3973; x_wconf 90' lang='lat' dir='ltr'>ipsos</span> <span class='ocrx_word' id='word_1_1494' title='bbox 1656 3933 1786 3963; x_wconf 83' lang='lat' dir='ltr'>Extorres</span> <span class='ocrx_word' id='word_1_1495' title='bbox 1801 3929 1895 3973; x_wconf 72' lang='lat' dir='ltr'>Patria</span> <span class='ocrx_word' id='word_1_1496' title='bbox 1907 3937 1990 3966; x_wconf 86' lang='lat' dir='ltr'>atque</span> <span class='ocrx_word' id='word_1_1497' title='bbox 2006 3927 2128 3960; x_wconf 86' lang='lat' dir='ltr'>Miseros</span> <span class='ocrx_word' id='word_1_1498' title='bbox 2141 3930 2276 3968; x_wconf 87' lang='lat' dir='ltr'>Hospitio</span> 
     </span>
     <span class='ocr_line' id='line_1_194' title="bbox 1218 3967 2276 4016; baseline -0.01 -7"><span class='ocrx_word' id='word_1_1499' title='bbox 1218 3979 1328 4016; x_wconf 78' lang='lat' dir='ltr'>recepi,</span> <span class='ocrx_word' id='word_1_1500' title='bbox 1345 3977 1377 4005; x_wconf 84' lang='lat' dir='ltr'>iis</span> <span class='ocrx_word' id='word_1_1501' title='bbox 1387 3975 1438 4012; x_wconf 83' lang='lat' dir='ltr'>Jus</span> <span class='ocrx_word' id='word_1_1502' title='bbox 1458 3975 1491 4005; x_wconf 63' lang='grc' dir='ltr'>ὃ(</span> <span class='ocrx_word' id='word_1_1503' title='bbox 1509 3974 1652 4013; x_wconf 86' lang='lat' dir='ltr'>Justitiam</span> <span class='ocrx_word' id='word_1_1504' title='bbox 1667 3969 1860 4006; x_wconf 70' lang='lat' dir='ltr'>administram</span> <span class='ocrx_word' id='word_1_1505' title='bbox 1873 3990 1882 4005; x_wconf 93' lang='lat'>,</span> <span class='ocrx_word' id='word_1_1506' title='bbox 1903 3967 1988 4010; x_wconf 79' lang='lat' dir='ltr'>omni</span> <span class='ocrx_word' id='word_1_1507' title='bbox 2008 3968 2094 4006; x_wconf 62' lang='lat' dir='ltr'>quim</span> <span class='ocrx_word' id='word_1_1508' title='bbox 2118 3978 2198 3998; x_wconf 90' lang='lat' dir='ltr'>meos</span> <span class='ocrx_word' id='word_1_1509' title='bbox 2209 3980 2276 4006; x_wconf 84' lang='lat' dir='ltr'>pro-</span> 
     </span>
     <span class='ocr_line' id='line_1_195' title="bbox 1218 4005 2278 4055; baseline -0.009 -8"><span class='ocrx_word' id='word_1_1510' title='bbox 1218 4019 1295 4055; x_wconf 87' lang='lat' dir='ltr'>prios</span> <span class='ocrx_word' id='word_1_1511' title='bbox 1314 4015 1452 4047; x_wconf 74' lang='lat' dir='ltr'>Sabaitos</span> <span class='ocrx_word' id='word_1_1512' title='bbox 1465 4014 1573 4051; x_wconf 80' lang='lat' dir='ltr'>adjuvi,</span> <span class='ocrx_word' id='word_1_1513' title='bbox 1596 4010 1689 4049; x_wconf 88' lang='lat' dir='ltr'>quoad</span> <span class='ocrx_word' id='word_1_1514' title='bbox 1706 4009 1820 4040; x_wconf 86' lang='lat' dir='ltr'>tandem</span> <span class='ocrx_word' id='word_1_1515' title='bbox 1834 4007 1864 4036; x_wconf 89' lang='lat' dir='ltr'>in</span> <span class='ocrx_word' id='word_1_1516' title='bbox 1884 4005 2008 4036; x_wconf 74' lang='lat' dir='ltr'>Patriam</span> <span class='ocrx_word' id='word_1_1517' title='bbox 2029 4005 2097 4035; x_wconf 82' lang='lat' dir='ltr'>salvi</span> <span class='ocrx_word' id='word_1_1518' title='bbox 2114 4006 2278 4044; x_wconf 68' lang='lat' dir='ltr'>sospitesque</span> 
     </span>
    </p>

    <p class='ocr_par' dir='ltr' id='par_1_43' title="bbox 2217 4046 2283 4077">
     <span class='ocr_line' id='line_1_196' title="bbox 2217 4046 2283 4077; baseline -0.045 0"><span class='ocrx_word' id='word_1_1519' title='bbox 2217 4046 2283 4077; x_wconf 63' lang='lat' dir='ltr'>lunt</span> 
     </span>
    </p>
   </div>
   <div class='ocr_carea' id='block_1_24' title="bbox 2327 214 2414 253">
    <p class='ocr_par' dir='ltr' id='par_1_44' title="bbox 2327 214 2414 253">
     <span class='ocr_line' id='line_1_197' title="bbox 2327 214 2414 253; baseline 0.023 -8"><span class='ocrx_word' id='word_1_1520' title='bbox 2327 214 2414 253; x_wconf 88' lang='lat'>1587.</span> 
     </span>
    </p>
   </div>
   <div class='ocr_carea' id='block_1_25' title="bbox 2310 255 2439 331">
    <p class='ocr_par' dir='ltr' id='par_1_45' title="bbox 2310 255 2439 331">
     <span class='ocr_line' id='line_1_198' title="bbox 2310 255 2439 292; baseline 0.008 -10"><span class='ocrx_word' id='word_1_1521' title='bbox 2310 263 2357 292; x_wconf 64' lang='lat'>30:</span> <span class='ocrx_word' id='word_1_1522' title='bbox 2371 255 2439 284; x_wconf 77' lang='lat' dir='ltr'>Eliz.</span> 
     </span>
     <span class='ocr_line' id='line_1_199' title="bbox 2345 297 2405 331; baseline 0.033 -11"><span class='ocrx_word' id='word_1_1523' title='bbox 2345 297 2405 331; x_wconf 77' lang='lat' dir='ltr'>Reg.</span> 
     </span>
    </p>
   </div>
   <div class='ocr_carea' id='block_1_26' title="bbox 2310 649 2438 726">
    <p class='ocr_par' dir='ltr' id='par_1_46' title="bbox 2310 649 2438 726">
     <span class='ocr_line' id='line_1_200' title="bbox 2310 649 2438 681; baseline 0.008 -1"><span class='ocrx_word' id='word_1_1524' title='bbox 2310 649 2331 671; x_wconf 54' lang='grc' dir='ltr'>θ</span> <span class='ocrx_word' id='word_1_1525' title='bbox 2353 649 2438 681; x_wconf 80' lang='lat' dir='ltr'>xvt.</span> 
     </span>
     <span class='ocr_line' id='line_1_201' title="bbox 2347 699 2376 726; baseline 0 -6"><span class='ocrx_word' id='word_1_1526' title='bbox 2347 699 2376 726; x_wconf 87' lang='lat'>7.</span> 
     </span>
    </p>
   </div>
   <div class='ocr_carea' id='block_1_27' title="bbox 2317 3567 2428 3598">
    <p class='ocr_par' dir='ltr' id='par_1_47' title="bbox 2317 3567 2428 3598">
     <span class='ocr_line' id='line_1_202' title="bbox 2317 3567 2428 3598; baseline 0 0"><span class='ocrx_word' id='word_1_1527' title='bbox 2317 3567 2335 3586; x_wconf 64' lang='lat'><em>*</em></span> <span class='ocrx_word' id='word_1_1528' title='bbox 2346 3571 2428 3598; x_wconf 82' lang='lat' dir='ltr'>XVI.</span> 
     </span>
    </p>
   </div>
  </div>
 </body>
</html>
