2557 4279
0 232 57 263 inn·
71 223 112 255 D-

662 134 774 176 ET
855 134 1119 176 ACTA
1199 128 1678 176 PUBLICA.

132 219 297 259 Godfihalck
316 221 378 251 alias
397 219 538 259 Godfh'all,
557 219 692 250 Theodoro
710 219 807 258 Hoste,
825 219 930 258 Jacobo
948 219 1010 249 cole
1028 220 1061 251 &
1079 222 1190 249 Samue-

79 287 85 293 .
132 260 153 290 Ii
171 259 331 298 Deviffcher
349 269 448 290 omnes
466 261 499 290 ὃς
517 259 698 290 omnimodas
717 258 848 288 Offensas
861 259 1056 289 Forisfaecuras
1071 258 1104 288 ὃς
1120 257 1190 287 Poe-

79 326 84 331 ,
105 323 112 331 .
132 299 256 328 nalitates
275 308 323 335 per
340 308 388 328 cos
407 307 453 328 aut
471 307 572 327 eorum
599 297 720 334 aliquem
740 297 785 327 vel
804 297 912 334 aliquos
927 320 936 335 ,
953 304 1051 326 contra
1067 296 1191 325 formam

131 334 270 366 effectum
295 338 328 367 ὃς
355 335 550 373 provifionem
569 335 729 373 aliquorum
748 335 925 366 Statutorum
943 335 979 365 de
998 336 1139 371 Apparatu
1157 333 1191 363 &

129 374 317 413 Sagittarione
339 375 367 403 in
394 373 500 403 Balistis
524 374 556 405 δε
577 374 744 404 Tormentis
763 373 978 411 quibuscunque
994 396 1004 410 ,
1027 372 1071 403 seu
1090 380 1191 402 eorum

129 414 285 450 aliquibus,
303 420 366 442 ante
382 412 493 442 dietum
512 414 638 449 primum
658 412 748 442 Diem
765 412 833 450 julii
852 411 1030 442 commiffas:

167 451 298 481 Necnon
317 450 515 487 praedonamus
535 452 705 481 remittimus
723 451 756 481 &
775 450 930 479 relaxamus
947 448 1086 486 praediffito
1104 447 1194 486 Joa'oss

131 500 158 520 co
177 488 346 528 Godfihalck
366 489 429 519 alias
447 488 587 526 Goassall‚
604 488 736 518 Theodiro
754 487 836 526 Hoste
852 509 863 524 ‚
884 487 992 525 Jacobo
1012 486 1074 516 Cole
1092 487 1125 517 &
1143 489 1195 515 Sa-

130 527 208 557 mueli
227 525 388 565 Deviffiher
403 551 413 566 ,
437 528 469 557 δε
488 536 588 558 eorum
608 527 727 557 cuilibet
743 549 752 564 ‚
776 534 877 556 omnes
892 526 926 556 &
944 525 1059 563 singulas
1079 524 1195 554 Subtra-

130 566 241 595 &iones
261 566 295 595 &
314 565 539 596 Concclamenta
565 566 679 602 alicujus
706 563 856 594 Custumae
875 562 997 593 Subsidii
1018 564 1116 601 magni
1138 562 1195 593 five

129 604 232 641 parvi,
246 614 280 633 ac
299 613 400 633 omnes
420 605 452 635 ὃς
475 603 658 633 omnimodas
685 602 881 638 Deceptiones
907 602 941 632 δε
969 601 1105 631 Falfitates
1120 609 1195 630 con-

131 650 281 672 cernentes
309 642 424 680 aliquod
447 641 609 672 Subsidium
633 642 690 672 five
713 640 883 670 Custumam
909 647 1040 678 magnam
1058 639 1115 669 five
1132 648 1194 677 par-

129 690 209 711 vam·

169 704 302 749 N'ecnon
319 728 419 749 omnes
436 720 469 749 δε
487 716 668 748 omnimodas
688 715 817 747 offensas
844 716 900 746 five
920 715 1034 746 Delicta
1054 714 1194 753 quaecun-

131 767 188 795 quc
214 759 353 795 tangentia
381 756 439 786 five
467 756 671 786 concernentia
697 754 812 792 aliquod
830 752 993 785 Subsidium
1021 753 1193 784 Custumam

129 795 277 833 Tonnagii
304 795 360 825 five
378 793 539 832 Pondagii,
564 802 611 824 aut
634 793 670 824 de
697 802 744 824 aut
769 802 822 829 pro
848 792 940 829 aliquit
968 791 1015 822 Re
1033 791 1126 822 Causa
1145 792 1191 823 vel

129 834 256 865 Materia
271 832 434 863 Subsidium
454 831 626 862 Custumam
653 830 832 868 Pondagium
860 833 905 861 vel
924 830 1112 869 Tonnagium
1127 852 1137 867 ‚
1162 829 1205 859 in'

128 873 224 910 aliquo
239 871 417 909 tangentibus
427 870 484 900 five
491 869 747 907 concernentibus,
757 879 805 905 per
812 877 861 898 eos
877 876 924 898 aut
934 877 1035 898 eorum
1052 869 1193 905 aliquem5

130 911 176 941 vel
192 910 298 947 aliquos
315 918 434 945 eorum,
447 916 495 937 aut
507 908 612 946 aliquas
626 908 690 938 alias
699 908 832 937 Personas
846 906 890 936 vel
906 905 1058 936 Personam
1068 928 1077 943 2
1090 915 1191 935 eorum

130 948 269 980 Nomine
294 946 341 977 vel
366 946 547 976 Nominibus
573 954 638 977 ante
662 945 832 984 praediitum
851 946 976 982 primurn
998 944 1086 974 Diem
1104 943 1186 981 Julii,

131 987 234 1017 habitis
256 984 415 1015 commiffis
439 984 496 1015 five
515 985 697 1022 perpetratis,
721 994 754 1014 ac
771 992 870 1013 omnes
898 983 931 1014 &
953 982 1068 1019 singulas
1086 981 1194 1012 Poenas

131 1024 316 1055 Poenalitates
333 1024 366 1053 &
385 1022 585 1054 ForisfaCturas
604 1024 756 1053 occarione
769 1020 928 1061 hujusmodi
943 1020 1192 1051 Substraffionum

130 1062 429 1092 Concelamentorum
449 1061 668 1099 Deceptionum
687 1060 848 1092 Fallitatum
868 1058 1049 1090 Offenfiirum
1067 1066 1113 1089 aut
1131 1058 1193 1089 De-

130 1101 269 1131 lictorum
289 1100 389 1130 Nobis
407 1099 548 1130 forisfaeta
566 1100 710 1136 deperdita
730 1099 787 1130 five
806 1098 909 1128 debita.

167 1138 206 1169 Et
229 1137 343 1169 ulterius
358 1162 367 1175 ‚
389 1138 425 1168 de
452 1139 575 1169 uberiori
603 1138 704 1168 Gratia
730 1136 825 1167 nostra
850 1136 958 1174 speciali
977 1159 987 1174 ,
1012 1146 1045 1167 ac
1064 1145 1098 1165 ex
1116 1133 1193 1165 certt'i

128 1177 255 1207 Scientici
273 1177 307 1207 <St
326 1186 408 1206 mero
428 1176 518 1207 Motu
537 1176 638 1207 nostris
653 1200 663 1214 ,
686 1175 905 1214 pardonavimus
926 1174 1083 1205 remisimus
1099 1175 1132 1205 &
1151 1183 1194 1203 re-

129 1216 282 1246 laxavimus
297 1237 307 1252 ,
332 1225 366 1246 ac
386 1225 434 1252 per
453 1215 622 1253 praesentes,
642 1225 694 1253 pro
715 1214 813 1244 Nobis
832 1213 1002 1243 Haeredibus
1021 1213 1054 1243 ὃς
1074 1212 1195 1242 Succes-

129 1254 238 1285 foribus
256 1253 372 1290 nostris,
393 1254 582 1290 pardommus
600 1253 767 1284 remittimus
786 1253 818 1283 ὃς
838 1253 990 1282 relaxamus
1007 1251 1124 1288 praefato
1137 1250 1196 1289 Jo-

130 1293 193 1322 doco
214 1291 368 1330 Godfihalk
386 1292 448 1322 alias
464 1291 606 1330 Godfcall,
624 1290 757 1321 Theodoro
775 1289 857 1329 Hoste
868 1313 878 1328 ‚
895 1289 1001 1328 Jacobo
1015 1288 1077 1319 Cale
1092 1290 1124 1320 &
1140 1292 1194 1319 Sa-

130 1330 210 1361 mueli
228 1329 388 1369 Deviffcher
403 1352 412 1367 ‚
439 1332 471 1362 ὃς
491 1340 595 1361 eorum
615 1330 731 1360 cuilibet
748 1352 758 1368 ‚
782 1338 884 1359 omnes
902 1331 935 1360 &
953 1328 1068 1366 singulas
1088 1328 1195 1357 illicitas

130 1369 305 1406 Emptiones
325 1367 512 1399 Venditiones
532 1368 747 1408 Exportationes
760 1369 793 1398 ὃς
808 1367 1071 1404 Transportationes
1088 1364 1196 1396 Mone-

131 1416 170 1437 tae
195 1405 299 1436 nostrae
326 1406 473 1437 Currentis
501 1407 572 1437 Auri
599 1408 632 1438 &
651 1406 771 1445 Argenti
791 1406 824 1436 &
844 1406 962 1436 aliorum
983 1404 1193 1443 Argenteorum

130 1445 275 1476 Vasorum
291 1444 441 1483 Buffionis,
461 1447 494 1477 δε
511 1446 626 1475 aliarum
645 1445 834 1475 Parcellarum
857 1444 925 1474 Auri
943 1444 976 1474 δε
995 1443 1127 1482 Argenti,
1144 1452 1192 1477 per

131 1483 285 1522 praefatum
307 1483 442 1521 Jodocum
468 1482 634 1522 Godschalck
658 1484 722 1513 alias
750 1481 892 1522 Godfiall‚
911 1481 1074 1510 Theodorum
1092 1480 1192 1518 Hoste,

131 1521 269 1560 Jacobum
287 1520 349 1551 cole
367 1523 401 1553 ὃ(
418 1523 567 1552 Samuelem
584 1521 762 1561 Devzffiher‚
783 1528 830 1550 aut
848 1529 947 1550 eorum
964 1520 1084 1556 aliquem
1105 1519 1148 1548 vel
1164 1529 1194 1548 a-

132 1562 226 1598 liquos
241 1583 251 1596 ,
276 1568 326 1596 per
343 1561 370 1590 se
389 1560 480 1590 solum
496 1583 506 1597 ,
531 1560 577 1590 vel
595 1559 776 1596 conjunctim
802 1568 870 1589 cum
889 1556 982 1594 aliqua
999 1556 1051 1587 alia
1071 1555 1195 1587 Persona

134 1599 193 1630 five
211 1597 348 1635 aliquibus
365 1597 422 1628 aliis
441 1598 588 1637 Personis‚
604 1599 689 1628 facitas
708 1605 875 1635 perpetratas
893 1596 948 1626 five
965 1594 1128 1625 commiffiis
1144 1604 1195 1624 an-

133 1645 164 1667 te
183 1635 354 1673 praedfflum
372 1637 499 1674 primum
519 1637 608 1667 Diem
625 1636 709 1675 Julii,
728 1644 761 1665 ac
779 1643 881 1665 omnes
901 1634 982 1663 Fines
1000 1632 1198 1663 Forisfaclturas

136 1674 317 1707 Poenalitates
334 1675 367 1705 &
384 1675 551 1705 Punitiones
568 1685 621 1713 pro
642 1673 806 1712 hujusmodi
824 1671 1027 1710 Emptionibus
1046 1671 1197 1701 Venditio-

136 1713 220 1744 nibus
237 1711 493 1750 Exportationibus
515 1713 564 1744 vel
582 1712 880 1750 Transportationibus
909 1709 1041 1740 Monetae
1061 1710 1201 1739 currentis

137 1752 211 1782 Auri
239 1751 284 1782 vel
310 1751 430 1789 Argenti
453 1753 487 1784 &
505 1752 627 1782 aliorum
651 1752 864 1788 Argenteorutn
884 1748 1021 1779 Vasorum
1043 1747 1202 1785 Ballionis,

138 1799 186 1821 aut
203 1790 319 1820 aliarum
338 1789 527 1821 Parcellarurn
546 1789 617 1820 Auri
635 1790 668 1820 &
688 1789 826 1827 Argenti3

174 1828 221 1858 Ac
245 1836 346 1858 omnes
371 1828 468 1858 Secta-s
495 1829 635 1858 Actiones
658 1826 878 1857 Informariones
900 1823 980 1855 Billas
1005 1826 1038 1856 &t
1064 1823 1203 1863 Querelas

139 1867 320 1905 quascunque
345 1875 397 1901 pto
422 1865 549 1896 Offensis
577 1867 712 1896 omnibus
735 1864 876 1902 praedietis
898 1862 941 1893 seu
969 1871 1066 1893 earum
1094 1863 1202 1900 aiiqua,

138 1905 232 1936 versus
258 1904 406 1942 praefatum
431 1904 564 1943 Jodocum
589 1904 650 1941 God
661 1902 755 1933 chalck
781 1902 846 1933 alias
865 1900 994 1939 Godsiall
1006 1924 1015 1937 ,
1039 1899 1203 1930 Theodsrum

139 1944 243 1983 Hqsle,
259 1942 394 1981 Jacobum
413 1943 476 1973 cole
493 1945 525 1974 &
542 1947 637 1973 Samue
651 1952 692 1971 em
708 1940 884 1980 Dewfflher,
902 1939 948 1969 seu
965 1949 1067 1970 eorum
1080 1940 1204 1977 aliquem

2218 151 2299 191 245

1228 216 1338 260 redibus
1353 216 1559 249 Executoribus
1576 220 1610 250 &
1626 218 1905 253 Administratoribus
1921 232 2020 254 eorum
2037 223 2228 261 quorumlibet
2242 224 2277 254 δε
2297 220 2375 252 Ann.
2386 221 2431 255 Dg

1228 255 1392 298 cujussibet,
1409 265 1462 298 pro
1477 257 1558 292 plena
1573 257 1644 300 clara
1659 259 1692 287 δε
1707 259 1829 289 absoluta
1845 260 2053 292 Pardonatione
2068 263 2101 292 ὃς
2116 261 2277 292 Relaxatio-
2309 259 2395 290 1622'.
2424 287 2428 291 i

1230 301 1265 321 ne
1292 293 1473 322 Liberatione
1501 294 1533 323 ὃ(
1559 294 1735 326 Remiffione
1754 296 1897 328 dictorum
1916 299 2014 337 Jodoci
2032 298 2196 338 Godschalck
2218 301 2281 330 alias
2297 309 2329 327 20
2338 298 2431 336 ‘fam‘

1232 330 1374 368 Godfiall,
1391 330 1522 373 Theodqi'i
1534 331 1615 369 Hoste
1631 333 1758 376 ‚tJa-cobi
1778 335 1839 364 Cole
1856 337 1888 367 δε
1903 338 2033 367 Samuelis
2048 337 2207 376 Devfflher
2217 361 2227 375 ,
2246 340 2280 369 ὃς

1232 377 1332 412 eorum
1351 368 1543 406 quorumlibet
1558 370 1591 399 δε
1606 370 1753 407 cujussibet
1767 394 1776 409 ‚
1793 383 1825 403 ac
1842 374 1999 406 Haeredum
2013 376 2208 407 Executorum
2223 377 2284 407 Ad·-

1232 407 1452 442 niinistratorum
1473 407 1625 437 Terrarum
1642 408 1888 442 Tenementorum
1904 415 2016 444 suorum
2039 415 2071 445 &
2091 425 2191 445 eorum
2208 425 2284 453 quo-

1233 445 1365 488 rumlibet
1390 447 1423 477 &
1447 444 1596 482 cujussibet
1611 468 1620 483 ,
1644 447 1677 477 &
1690 448 1746 483 ejus
1761 449 1793 478 δε
1808 459 1909 480 eorum
1930 451 2064 481 Maneriis
2077 453 2172 483 Terris
2185 454 2281 483 Tene-

1235 493 1336 514 mentis
1355 485 1387 515 ὃς
1412 482 1656 514 Haereditameiitis
1676 483 1759 515 Bonis
1781 485 1896 517 Catallis
1908 488 2021 524 Juribus
2038 490 2148 520 Debitis
2161 492 2193 522 δε
2209 492 2282 522 Cre-

1233 522 1298 552 ditis
1311 521 1348 552 de
1360 524 1396 552 ab
1420 522 1452 552 &
1466 525 1658 553 concernente
1671 522 1816 553 Praemiffi
1829 524 1949 561 superius
1965 529 2132 559 mentionata
2145 530 2204 559 fore
2220 540 2282 567 pir-

1233 560 1334 603 donata
1350 572 1359 597 3
1384 560 1417 590 &
1438 560 1591 598 quamlibet
1612 559 1678 594 inde
1698 560 1809 590 Partem
1834 562 1891 592 five
1906 563 2058 595 Par-cellam
2074 589 2083 603 ‚
2101 577 2133 597 ac
2149 568 2184 597 de
2199 570 2231 599 &
2246 569 2282 598 ab

1233 598 1369 629 omnibus
1383 599 1415 629 δι’
1430 599 1540 637 fingulis
1553 598 1686 629 Brevibus
1703 598 1878 630 Proceffibus
1898 600 2064 633 Ertentibus
2084 604 2194 635 Seisuris
2207 606 2282 636 Exe=

1234 637 1397 666 cutionibus
1413 637 1537 667 Clameis
1557 636 1702 667 Beneficiis
1721 637 1754 667 &
1779 636 1935 669 Demandis
1957 641 2168 681 quibuscunque
2183 667 2194 681 ,
2219 654 2283 681 quat

1233 675 1302 705 Nos
1317 685 1394 707 nunc
1409 675 1566 713 habemus,
1590 675 1634 706 vel
1650 685 1712 714 quae
1729 674 1864 712 Haeredes
1884 677 1940 707 five
1953 678 2134 710 Succellores
2149 682 2237 712 nostri
2254 685 2285 713 in

1234 713 1361 744 futurum
1384 714 1484 744 habere
1505 714 1659 751 poterimus
1678 713 1722 744 vel
1736 715 1874 752 poterium
1891 724 1943 751 pro
1959 716 2015 746 five
2029 726 2218 750 concernente
2233 722 2284 750 eis-

1235 751 1301 781 dem
1318 751 1468 782 Praemissis
1480 760 1527 782 aut
1541 752 1630 790 aliqua
1641 752 1706 783 inde
1722 750 1869 789 Parcella;
1894 753 1988 791 aliquo
2004 754 2112 785 Statuto
2133 758 2208 788 Actu
2223 758 2283 788 Or-

1234 790 1377 820 dinatione
1398 790 1624 821 Proclamatione
1640 790 1805 822 Provifione
1828 791 1968 823 Mandato
1983 791 2093 822 Ordine
2107 794 2161 825 five
2178 795 2286 826 Restri-

1235 828 1330 859 <stione
1346 829 1465 858 antehac
1479 829 1561 859 editis
1575 829 1706 859 ordinatis
1719 829 1765 859 seu
1778 830 1967 869 proviiis‚aut
1980 830 2072 868 aliqua
2089 831 2285 868 imperfectio-

1234 875 1270 896 ne
1287 866 1412 897 Defeetu
1427 867 1471 898 seu
1490 866 1670 904 Misprisione
1689 869 1718 897 in
1734 867 1922 900 Praesentibus
1937 870 2079 900 contentis
2096 892 2106 906 ,
2130 871 2158 899 in
2172 880 2285 902 contra·

1235 906 1309 934 rium
1326 906 1390 934 inde
1411 905 1439 934 in
1452 905 1486 935 ali
1509 915 1547 934 uo
1561 914 1619 934 non
1635 904 1821 936 obstantibus.

1272 942 1311 973 Et
1326 943 1438 973 ulterius
1451 967 1460 980 ,
1506 952 1521 972 e
1535 943 1658 973 uberiori
1673 943 1771 973 Gratia
1788 943 1882 975 nostra
1898 944 2006 982 speciali
2021 943 2141 976 firmiter
2158 942 2288 984 praecipi-

1235 989 1299 1024 mus
1319 982 1451 1011 omnibus
1472 982 1505 1012 δε
1528 980 1635 1019 singulis
1653 981 1799 1019 Judicibus
1817 982 1981 1019 Justiciariis
2005 983 2157 1015 Officiariis
2179 987 2211 1016 δε
2232 986 2289 1016 aliis

1235 1020 1450 1056 quibuscunque
1468 1041 1477 1055 ,
1505 1021 1585 1057 quod
1605 1019 1670 1050 haec
1687 1020 1804 1057 praesens
1820 1022 1905 1051 libera
1922 1022 1954 1052 δε
1969 1023 2104 1061 generalis
2117 1023 2288 1054 Pardonatio

1235 1066 1283 1094 per
1299 1058 1433 1100 generalia
1449 1057 1544 1088 Verba
1561 1058 1594 1088 &
1616 1058 1770 1089 Sententias
1788 1058 1808 1078 ²*
1827 1059 1993 1098 supradietas
2011 1062 2290 1093 construeturinter-

1234 1105 1357 1133 pretetur
1379 1095 1587 1133 adjudicabitur
1602 1096 1635 1126 ὃ(
1648 1105 1801 1134 exponetur
1827 1099 1855 1127 in
1878 1099 2013 1130 omnibus
2033 1098 2127 1130 Curiis
2142 1099 2242 1130 nostris
2257 1101 2290 1131 &

1237 1134 1303 1164 alibi
1327 1136 1354 1163 in
1378 1133 1634 1165 beneficentissimo
1655 1135 1689 1165 δε
1713 1136 1914 1174 benigniffimo
1935 1137 2020 1168 Sensu
2045 1138 2077 1168 &
2097 1148 2150 1175 pro
2166 1140 2292 1169 maximo

1237 1171 1410 1216 Commodo
1425 1174 1457 1202 &
1472 1172 1589 1202 firmiori
1598 1171 1806 1204 Exoneratione
1820 1175 2003 1212 praefatorum
2015 1175 2114 1212 Jodoci
2128 1175 2296 1216 Godfihalck

1237 1211 1300 1241 alliis
1319 1209 1450 1249 Godfiall
1461 1233 1470 1248 ,
1495 1210 1624 1240 Theodori
1638 1210 1734 1249 Hoste,
1751 1212 1854 1249 Jacobi
1866 1213 1928 1243 Cole
1943 1214 1974 1244 ὃς
1991 1215 2120 1244 Samuelis
2133 1215 2295 1254 Deviffiber

1237 1250 1270 1280 δε
1291 1259 1392 1279 eorum
1410 1249 1604 1287 quorumlibet
1625 1249 1658 1279 &
1680 1249 1828 1287 cujussibet
1842 1274 1852 1289 ,
1874 1251 2030 1282 secundum
2044 1263 2141 1282 veram
2156 1255 2293 1284 intentio-

1237 1297 1304 1317 nem
1318 1287 1443 1318 nostram
1459 1311 1469 1325 ,
1494 1287 1597 1331 absque
1614 1286 1705 1325 aliqua
1719 1290 1901 1332 ambiguitate
1918 1289 2073 1327 quaestione
2090 1292 2145 1323 five
2160 1293 2294 1324 dilatione

1238 1335 1407 1369 quacunque
1421 1349 1430 1363 ,
1455 1327 1489 1356 &
1512 1335 1540 1355 in
1563 1333 1623 1356 tam
1640 1325 1739 1363 amplis
1754 1327 1787 1356 δί
1801 1328 1954 1359 beneficiali
1973 1329 2064 1359 modo
2079 1330 2112 1360 &
2128 1330 2240 1368 forma,
2258 1331 2295 1362 ad

1237 1373 1334 1394 omnia
1350 1365 1521 1395 intentiones
1534 1365 1567 1394 &
1581 1364 1737 1401 proposita,
1754 1374 1836 1401 prout
1850 1364 1871 1395 fi
1886 1366 2028 1403 praedictae
2040 1365 2166 1399 Offenfae
2183 1368 2296 1401 Delic‘ta

1239 1401 1433 1446 Contemptus
1451 1401 1650 1432 Forisfac'turae
1665 1401 1843 1433 Poenalitates
1860 1403 1918 1435 Res
1951 1405 2043 1435 udicia
2056 1406 2088 1436 &
2103 1416 2203 1437 caetera
2220 1407 2298 1438 Prae—

1240 1441 1320 1471 missa
1337 1441 1473 1477 (exceptis
1487 1441 1679 1479 praeexceptis)
1691 1449 1740 1478 per
1754 1450 1817 1479 apta
1828 1451 1911 1481 expre
1936 1453 1951 1473 a
1965 1443 1998 1474 &
2010 1444 2135 1482 specialia
2143 1446 2227 1477 verba
2235 1448 2297 1484 par*

1240 1481 1342 1509 donata
1356 1479 1466 1509 remissa
1483 1481 1516 1510 ὃ(
1531 1480 1646 1509 relaxata
1661 1478 1793 1510 fuiffent:
2289 1480 2297 1483 “

1276 1516 1322 1547 Eo
1341 1517 1421 1555 quod
1436 1517 1558 1555 expressa
1573 1517 1700 1555 mentio,
1717 1518 1780 1548 &c.

1284 1593 1319 1623 In
1334 1593 1414 1631 cujus
1431 1594 1485 1631 rei,
1504 1595 1565 1625 διε.

1278 1669 1368 1701 Teste
1383 1668 1465 1709 Rege
1477 1669 1553 1708 apud
1573 1669 1831 1711 Wslmonasterium
1841 1697 1850 1711 ‚
1866 1672 2003 1704 vicefimo
2023 1673 2129 1705 octavo
2146 1668 2205 1708 D'ie
2215 1676 2304 1716 Juniis

1738 1749 1792 1777 Pe‘r
1807 1750 1900 1779 Breve
1917 1750 1949 1779 de
1964 1752 2082 1780 Privato
2097 1753 2199 1790 Sigillo.

1248 1875 1296 1905 De
1312 1871 1482 1916 Comeffione
1503 1867 1729 1907 Pardonationir
1736 1873 1873 1921 specialis
1881 1885 1936 1921 pro
1954 1878 2108 1923 Frmzcifto
2126 1876 2306 1917 Van'Acker

1707 1926 1743 1961 &⁰
1762 1925 1841 1956 aliis.

2305 1055 2433 1085 mvn.

2310 1095 2371 1132 383·

140 1984 186 2013 vel
201 1983 326 2020 aliquos,
344 1983 371 2011 in
392 1980 486 2019 aliqua
503 1980 593 2011 Curia
609 1979 706 2010 nostra
731 1988 909 2017 quocunque
930 1977 1021 2008 modo
1037 1978 1203 2015 dependen—

140 2029 182 2051 tes
206 2029 253 2051 aut
280 2019 469 2056 imposterum
496 2018 635 2050 habendas
653 2018 700 2049 seu
727 2016 929 2056 prosequendas
943 2039 952 2052 ,
975 2016 1008 2046 ali
1033 2026 1070 2046 uo
1089 2016 1202 2046 Statuto

143 2059 219 2089 Actu
246 2058 438 2088 Ordinatione
465 2058 632 2089 Provisione
650 2057 669 2077 *¹
690 2055 918 2086 Proclamatione
941 2054 991 2084 seu-
1042 2055 1206 2085 estrit‘tione

143 2105 313 2136 quacunque
329 2099 358 2126 in
378 2098 554 2127 contrarium
572 2096 639 2126 inde
652 2096 681 2125 in
699 2095 794 2132 aliquo
812 2102 871 2123 non
889 2092 1077 2123 obstantibus.

181 2135 316 2172 Exceptis
341 2144 435 2165 tamen
453 2136 561 2172 semper
582 2136 614 2165 &
641 2141 716 2164 extra
742 2134 792 2164 has
811 2130 962 2162 Praesentes
980 2133 1103 2162 omnino
1124 2130 1205 2161 foris-

139 2174 242 2212 prisatis
256 2195 266 2211 ‚
293 2174 428 2203 omnibus
445 2175 479 2205 &
498 2173 609 2212 singulis
626 2171 841 2202 Proditionibus
863 2170 972 2200 directe
995 2178 1093 2201 contra
1109 2169 1208 2200 Perso-

142 2223 211 2243 nam
228 2210 351 2242 nostram
367 2211 489 2250 regalem
505 2234 515 2250 ‚
538 2219 584 2242 aut
610 2210 765 2241 Personam
789 2208 1004 2239 Praechariffimi
1029 2209 1090 2239 Filii
1117 2208 1205 2238 nostri

1255 2007 1311 2061 R
1322 2006 1556 2052 EX'omnibus,
1574 2006 1608 2038 ad
1621 2017 1708 2046 quos,
1726 2009 1787 2039 &c
1805 2008 1937 2040 Salutem.
2321 2013 2399 2047 Ann.
2416 2015 2458 2046 DI

1293 2084 1297 2088 .
1351 2046 1451 2089 Sciatis
1471 2046 1552 2084 quod
1575 2046 1644 2077 Nos
1657 2069 1666 2084 ‚
1692 2047 1728 2076 de
1749 2046 1847 2078 Gratia
1867 2049 1962 2079 nostra
1983 2049 2112 2089 speciali,
2138 2060 2171 2082 ac
2185 2059 2219 2082 ex
2232 2058 2308 2082 certa
2344 2054 2432 2086 1622.

1251 2081 1373 2126 Scientia
1386 2085 1418 2115 δε
1432 2094 1514 2115 mero
1530 2083 1620 2115 Motu
1633 2084 1979 2123 nostris,pardonavimus
1989 2089 2146 2120 remisimus
2161 2091 2192 2121 ὃς
2209 2091 2309 2120 relaxa·
2326 2094 2457 2132 zoJari

1250 2130 1361 2159 vimus,
1379 2133 1428 2160 ac,
1446 2128 1494 2159 per
1510 2122 1660 2153 Praesentes
1675 2147 1684 2160 ,
1710 2132 1764 2160 pro
1783 2124 1880 2155 Nobis
1902 2125 2069 2156 Haeredibus
2082 2128 2115 2158 &
2133 2128 2308 2158 Successori·
2327 2138 2437 2160 Pat.2o.

1250 2158 1302 2190 bus
1321 2160 1422 2191 nostris
1435 2182 1445 2198 ‚
1471 2161 1660 2199 pardonamus
1681 2163 1849 2193 remittimus
1868 2165 1901 2194 ὃς
1922 2164 2073 2195 relaxamus
2091 2166 2231 2205 Franiifio
2246 2170 2306 2196 Van
2325 2171 2457 2208 J.1.p.8;

1252 2199 1363 2236 Acker,
1379 2199 1485 2238 Jacobo
1505 2202 1626 2230 Her-win
1642 2224 1651 2238 ‚
1676 2201 1801 2230 Andreae
1818 2205 1912 2231 Boeve
1932 2204 1964 2233 &
1979 2203 2117 2234 Lodoviso
2131 2208 2242 2243 Boeve,
2262 2206 2308 2235 seu
2325 2219 2350 2236 a.
2369 2212 2396 2236 6.

0 2054 13 2074 Β
29 2055 126 2083 XVII.

0 2094 55 2130 382·

141 2250 235 2280 Caroli
254 2252 386 2288 Principis
406 2250 515 2280 Walliae
535 2250 634 2280 habitis
650 2249 729 2279 factis
748 2248 792 2278 seu
812 2248 991 2285 perpetratis,
1019 2256 1052 2277 ac
1071 2248 1206 2276 omnibus

142 2291 176 2320 ὃς
198 2288 308 2327 singulis
327 2288 544 2318 Proditionibus
566 2288 667 2318 habitis
690 2286 770 2316 factis
787 2284 831 2316 seu
850 2287 1012 2325 perpetraris
1029 2285 1101 2316 ultra
1122 2284 1207 2316 Mare

143 2330 173 2358 in
192 2327 329 2365 aliquibus
355 2327 484 2358 Partibus
510 2326 617 2357 Exteris
633 2327 666 2357 &
685 2325 891 2355 Transmarinis
905 2346 914 2361 ‚
940 2333 1055 2354 necnon
1071 2324 1207 2354 omnibus

143 2367 177 2397 δε
196 2365 310 2402 singulis
329 2364 456 2395 Offenfis
470 2364 506 2395 de
524 2373 578 2402 pro
596 2366 631 2396 δε
649 2363 890 2394 concernentibus
904 2362 980 2393 falsas
996 2362 1206 2393 Fabricationes

142 2405 191 2436 seu
209 2403 437 2435 contrafactum
454 2404 570 2442 alicujus
587 2402 724 2434 Monetae
742 2402 879 2432 currentis
904 2401 974 2431 infra
996 2401 1133 2440 Regnum
1154 2411 1208 2431 no-

145 2443 237 2473 strum
256 2441 370 2480 Angliae
384 2464 397 2481 ‚V
418 2452 453 2472 ac
472 2443 609 2473 omnibus
626 2440 753 2471 Offensis
771 2449 823 2478 pro
840 2438 938 2470 illicita
956 2439 1142 2470 diminutione
1160 2439 1210 2469 ali-

145 2481 228 2520 cujus
253 2481 399 2520 praedietae
419 2479 552 2511 Monetae
574 2480 714 2517 aliquibus
738 2479 791 2510 viis
815 2478 849 2509 &
877 2476 968 2508 modis
994 2477 1207 2516 quibuscunque

143 2528 243 2550 contra
263 2520 355 2557 Leges
373 2519 407 2549 &
426 2518 534 2550 Statuta
551 2518 672 2556 eiusdem
690 2517 791 2556 Regni
803 2515 892 2547 nostri
909 2516 997 2554 Angl.
1012 2524 1128 2547 necnon
1141 2525 1207 2545 om-

142 2559 227 2589 nibus
253 2557 489 2588 Auxiliationibus
521 2556 791 2588 confortationibus
815 2555 861 2586 seu
889 2554 1138 2586 procurationibus
1162 2564 1207 2584 ea-

143 2597 280 2628 rumdem
305 2595 490 2626 Offensarum
514 2603 561 2625 aut
585 2603 684 2627 earum
705 2593 820 2633 alicujus
839 2616 850 2631 ,
875 2591 955 2624 facitis
980 2594 1014 2624 &
1032 2592 1208 2632 commistis,

144 2634 282 2666 faciendis
298 2642 345 2664 aut
364 2634 596 2672 committendis,
615 2641 734 2664 necnon
752 2632 888 2664 omnibus
911 2632 945 2662 &
962 2631 1075 2671 singulis
1092 2630 1207 2662 Convi-

143 2675 288 2705 &ionibus
306 2671 461 2711 Utlagariis
478 2673 512 2704 δε
527 2672 645 2710 judiciis
663 2671 879 2709 quibuscunque
896 2669 933 2700 de
950 2679 1003 2707 pro
1021 2678 1069 2701 aut
1087 2679 1207 2701 concer-

142 2713 275 2743 nentibus
293 2711 385 2748 aliqua
403 2709 522 2741 Offensa
541 2711 577 2741 de
595 2710 772 2741 Praemunire
786 2732 797 2747 ‚
813 2712 929 2739 necnon
948 2710 1083 2739 omnibus
1098 2709 1132 2739 δε
1152 2709 1207 2738 sin-

141 2749 214 2793 gulis
238 2749 367 2780 Murdris
393 2749 539 2788 Burglariis
563 2750 598 2780 &
616 2749 753 2779 Roberiis
771 2749 801 2778 in
819 2755 867 2778 aut
882 2749 962 2786 juxta
978 2746 1064 2778 altam
1083 2747 1205 2786 Regiam

142 2791 220 2820 viam
237 2803 247 2826 ‚>
277 2787 391 2818 Carnali
417 2786 596 2825 Cognitione
619 2786 736 2824 alicujus
756 2785 886 2817 Mulieris
906 2793 1006 2816 contra
1025 2785 1206 2817 voluntatem

143 2828 221 2858 suam
240 2825 376 2866 (Anglice
401 2833 503 2856 vocata
521 2825 620 2863 Rapes)
639 2824 766 2855 lncestiis
779 2848 789 2861 ‚
810 2824 951 2863 Buggeriis
964 2846 975 2862 ,
999 2823 1207 2863 invocatione,

141 2866 365 2904 Coniuratione,
384 2863 602 2895 Veneficatione
617 2862 752 2901 (Anglice
765 2870 870 2893 vocata
887 2860 1074 2901 Witchcraft)
1089 2873 1123 2893 ac
1139 2872 1207 2893 om-

141 2905 224 2934 nibus
241 2904 276 2935 δε
292 2902 330 2933 fin
352 2903 403 2933 ulis
421 2902 588 2942 Acceffariis
607 2901 772 2937 earumdem
789 2922 799 2939 ,
816 2908 862 2930 aut
878 2909 973 2930 earum
991 2901 1123 2939 alicujus,
1142 2909 1207 2931 ante

140 2942 256 2973 eosdem
273 2912 412 2984 Offgnfus
431 2936 479 2983 seu
495 2949 596 2970 eorum
607 2940 738 2983 ‚aliqoem
756 2938 943 2982 commissos,
961 2949 995 2970 ac
1014 2940 1151 2970 omnibus
1171 2940 1204 2970 &

140 2980 256 3017 singulis
277 2979 395 3017 Judicns
421 2978 667 3009 Convictionibus
693 2978 727 3008 &
752 2976 904 3015 Utlagarus
921 2977 956 3007 de
974 2985 1022 3008 aut
1041 2987 1096 3014 pro
1110 2978 1208 3015 aliquo

141 3017 265 3049 Offensa
283 3026 330 3048 aut
350 3016 483 3047 Crimine
500 3025 550 3055 per
561 3016 720 3047 Praesente-s
733 3017 875 3052 exceptis,
890 3024 1005 3045 necnon
1021 3016 1155 3046 omnibus
1170 3017 1204 3047 ὃς

142 3057 255 3096 singulis
275 3055 510 3087 Concelamentis
529 3054 718 3092 Captionibus
737 3053 784 3085 vel
802 3053 1026 3084 Detentionibus
1044 3054 1204 3091 aliquorum

140 3095 292 3126 Bonorum
309 3102 358 3129 aut
375 3093 553 3132 Catallorum
570 3092 752 3131 nostrorum,
770 3100 815 3122 aut
832 3091 955 3129 praefatae
969 3101 1058 3130 nuper
1072 3093 1202 3131 Reginae,

140 3143 188 3165 aut
203 3133 323 3164 aliorum
341 3131 564 3163 Antecefforum
579 3130 762 3166 nostrorum,
777 3138 892 3161 necnon
909 3131 1045 3161 omnibus
1059 3131 1093 3161 ὃς
1107 3131 1203 3168 fingu-

140 3173 175 3203 lis
189 3171 302 3202 Debitis
316 3170 471 3208 Computis
491 3171 525 3201 &
548 3170 700 3209 Arreragiis
716 3191 727 3207 ,
745 3168 858 3200 Debitis
873 3170 907 3200 &
923 3167 1077 3207 Computis
1096 3171 1203 3201 ratione

140 3211 258 3249 alicujus
273 3209 394 3240 Subfidii
410 3207 563 3239 Custumae
577 3208 725 3248 Tonriagii
738 3206 796 3238 five
808 3206 962 3246 Pondagii‚
978 3216 1091 3238 necnon
1107 3209 1203 3238 omni-

141 3250 196 3280 bus
209 3250 243 3280 ὃ(
258 3247 369 3287 singulis
383 3246 507 3277 Offenfis
522 3245 701 3278 Criminibus
711 3247 744 3277 &
761 3245 885 3276 Delictis
895 3246 1053 3284 quibuscun
1077 3256 1111 3276 ue
1121 3270 1130 3283 ‚
1146 3257 1200 3277 un-

141 3288 179 3318 de
201 3288 293 3324 aliqua
317 3286 406 3316 Aetio
424 3285 492 3316 Billa
516 3285 642 3324 Qrerela
663 3291 712 3315 aut
735 3283 904 3315 informatio
925 3292 1023 3315 coram
1081 3286 1143 3315 obis
1165 3286 1200 3316 ὃς

141 3325 273 3357 Consilio
294 3324 396 3356 nostro
419 3324 449 3355 in
470 3324 558 3355 Curia
579 3322 676 3353 nostra
699 3321 831 3354 Camerae
854 3322 975 3354 Stellatae
993 3322 1038 3353 seu
1063 3323 1202 3362 aliquibus

144 3364 241 3395 Curiis
263 3362 366 3394 nostris
385 3362 459 3400 apud
482 3360 774 3394 Westmonasterium
795 3369 873 3392 nunc
890 3361 1031 3398 dependet
1051 3363 1084 3393 &
1108 3371 1200 3392 rema-

143 3411 195 3434 net
233 3402 425 3441 prosequenda
448 3423 458 3439 ‚
498 3409 599 3438 praeter
626 3399 866 3431 Informationem
903 3399 949 3431 vel
986 3399 1203 3431 Informationes

144 3450 352 3473 concernentes
374 3438 563 3477 Emptionem
585 3437 788 3470 Vendition'em
809 3438 1050 3476 Deportationem
1073 3438 1129 3469 five
1145 3439 1203 3470 Ex-

144 3482 338 3520 portationem
374 3477 506 3508 Monetae
531 3477 604 3508 Auri
625 3477 671 3507 vel
685 3476 803 3516 Argenti
818 3499 828 3514 ‚
849 3477 882 3508 δε
902 3475 1020 3507 aliorum
1044 3476 1206 3516 Argenteo*

141 3529 211 3550 rum
236 3518 372 3550 vasorum
395 3516 532 3548 Bullionis
547 3538 558 3555 ,
575 3523 624 3548 aut
644 3514 760 3545 aliarum
777 3514 964 3546 Parcenarum
989 3515 1062 3546 Auri
1081 3516 1128 3547 vel
1148 3517 1206 3547 Arss·

145 3580 146 3583 η
167 3566 235 3588 enti.
377 3567 380 3570 ·

144 3566 166 3596 g
183 3595 220 3626 Et
238 3596 350 3626 ulterius
371 3603 425 3633 pro
446 3592 544 3624 Nobis
564 3590 787 3634 Haeredibus&
800 3590 1015 3622 Successorib'us
1030 3591 1150 3630 nostris,
1167 3591 1204 3623 de

147 3632 250 3665 Gratia
265 3633 357 3664 nostra
370 3632 497 3670 speciali,
513 3640 547 3663 ac
562 3640 596 3662 ex
612 3639 687 3662 certa
701 3629 823 3661 Scientia
836 3631 872 3662 δε
888 3638 969 3661 mero
983 3629 1073 3661 Motu
1092 3631 1203 3669 nostris,

146 3672 281 3703 volumus
294 3673 326 3703 &
342 3671 528 3703 concedimus
542 3680 584 3709 pei
606 3668 773 3706 PraesenteS‚
789 3668 909 3706 praefato
921 3666 1025 3706 Jodoeo
1040 3667 1206 3708 Godfthalck

148 3710 227 3745 aliis:
234 3710 377 3750 German,
394 3710 526 3740 Theodoro
542 3707 644 3748 Hoste,
661 3706 768 3746 Jacobo
783 3705 844 3736 Cole
861 3706 896 3737 δε
912 3707 1030 3737 samueli
1048 3706 1208 3746 Deviffiher

149 3749 233 3785 quod
247 3750 291 3779 hae
307 3749 410 3779 Literae
424 3747 530 3779 nostrae
544 3748 673 3778 patentes
694 3745 739 3776 vel
754 3744 968 3776 Irrotulamenta
982 3745 1135 3775 earundem
1144 3769 1153 3783 ,
1172 3748 1206 3778 &

150 3795 254 3816 omnes
276 3786 414 3817 Clausulae
430 3785 636 3817 eoncessiones
661 3783 781 3815 Articuli
804 3783 937 3814 Materiae
958 3782 1015 3814 five
1041 3783 1100 3814 Res
1119 3784 1149 3813 in
1168 3785 1209 3815 eis

151 3832 297 3854 contentae
322 3834 404 3856 erunt
423 3825 515 3855 firmae
544 3826 629 3855 bonoe
650 3822 819 3864 sufficientes
840 3822 873 3852 δε
890 3819 1050 3853 effeetuaies
1071 3823 1099 3851 in
1115 3822 1206 3861 Lege,

152 3863 187 3892 &
202 3863 376 3899 accipientur
398 3863 616 3900 construentur,
643 3862 675 3892 δε
694 3860 925 3898 adjudicabuntur
948 3858 1099 3890 sortiffime
1114 3861 1207 3890 versus

151 3900 225 3930 Nos
240 3900 375 3930 Haeredes
387 3902 419 3931 δε
431 3901 610 3932 Succeffores
623 3899 737 3930 nostros
755 3921 764 3937 ‚
783 3899 816 3928 δε
833 3897 1022 3929 favorabiliter
1036 3899 1157 3937 benigne
1174 3901 1207 3931 ὅτ.

154 3937 354 3968 beneficialiter
371 3938 451 3969 dietis
469 3940 572 3977 Jodoco
584 3936 748 3977 Godfihalck
766 3937 828 3967 alias
845 3934 987 3976 Godfia‘ll,
1005 3936 1137 3966 Theodoro
1150 3940 1212 3967 Ha-

149 3976 189 4014 ste
201 3999 208 4013 ‚
230 3976 334 4015 Jacobo
349 3975 426 4013 Cole,
449 3978 605 4007 &Samueli
618 3974 777 4014 Devtffcher
791 3977 823 4007 &
835 3982 936 4005 eorum
951 3975 1085 4012 cuilibet,
1098 3976 1131 4006 &
1140 3975 1213 4005 Hae-

151 4017 263 4046 redibus
277 4014 484 4047 Executoribus
501 4014 783 4048 Administrator'ibus
797 4015 831 4047 ὃς
846 4011 998 4052 Affignaris
1011 4013 1065 4046 suis
1070 4032 1080 4052 ,
1098 4023 1131 4045 ac
1144 4013 1214 4045 Hae-

1253 2245 1427 2281 quocunque
1439 2239 1495 2268 alio
1507 2238 1642 2269 Nomine
1657 2238 1702 2268 vel
1721 2238 1908 2278 Cognomine
1923 2240 2102 2272 Nominibus
2119 2244 2165 2272 vel
2186 2244 2310 2282 Cogno-

1253 2277 1378 2307 minibus
1397 2277 1459 2320 *slve
1479 2277 1621 2308 additione
1646 2276 1786 2308 Nominis
1807 2279 1852 2309 vel
1867 2278 2062 2316 Cognominis
2078 2281 2247 2312 Nominum
2267 2281 2313 2312 vel

1253 2313 1474 2353 Cognominum
1493 2315 1643 2354 Dignitatis
1659 2314 1760 2355 Officii
1775 2315 1851 2347 Loci
1864 2317 1911 2348 vel
1929 2318 2094 2355 Locorum,
2122 2320 2206 2350 iidem
2223 2322 2314 2350 Fran-

1252 2351 1330 2391 cifius
1347 2355 1405 2382 Van
1423 2354 1516 2384 Acker
1532 2375 1542 2392 ‚
1566 2354 1690 2393 Jacobus
1708 2356 1830 2385 Herwin
1845 2379 1855 2392 ‚
1873 2356 2006 2385 Andreas
2029 2359 2122 2387 Boeve
2143 2360 2173 2387 ἅ
2190 2358 2313 2389 Lodovi-

1254 2402 1297 2421 cus
1319 2394 1413 2436 Boreae
1439 2393 1557 2422 sciantur
1582 2395 1615 2424 ὃς
1632 2393 1793 2423 censeantur
1814 2403 1952 2424 vocentur
1965 2395 2010 2425 seu
2027 2405 2244 2434 nuncupentur,
2263 2406 2312 2429 aut

1252 2439 1340 2468 nuper
1355 2430 1511 2461 sciebantur
1528 2432 1710 2462 censebantur
1725 2432 1900 2463 vocabantur
1915 2432 1972 2464 five
1989 2437 2240 2472 nuncupabantur,
2267 2444 2314 2467 aut

1252 2478 1352 2498 eorum
1367 2471 1463 2507 aliquis
1482 2469 1582 2499 sciatur
1605 2470 1748 2499 censeatur
1770 2477 1890 2500 vocetur
1908 2471 1964 2501 five
1984 2480 2181 2511 nuncupetur,
2198 2482 2245 2504 aut
2261 2483 2316 2504 nu-

1251 2514 1302 2550 per
1322 2507 1468 2550 sciebatur¹
1481 2508 1643 2538 censebatur
1661 2508 1817 2538 vocabatur
1838 2508 1896 2540 five
1916 2512 2145 2549 nuncupabatur,
2163 2521 2264 2542 omnes
2279 2513 2314 2544 &

1251 2545 1369 2588 lingulas
1383 2546 1562 2575 Proditiones
1575 2553 1634 2576 tam
1651 2547 1772 2584 majores
1786 2547 1873 2583 quam
1891 2548 2014 2578 minores
2028 2556 2062 2579 ac
2077 2548 2210 2580 Crimina
2227 2550 2314 2581 Laesae

1253 2582 1427 2626 majestatis,⁴
1447 2593 1562 2614 necnon
1583 2585 1764 2615 Rebelliones
1789 2584 2009 2616 Insurrefflones
2028 2588 2062 2618 &
2083 2587 2316 2625 Conspirationes

1252 2632 1285 2652 ac
1309 2622 1500 2660 Misprifiones
1521 2624 1655 2653 omnium
1679 2625 1712 2654 &
1737 2623 1906 2662 singulorum
1928 2625 2096 2655 eorumdem
2113 2625 2316 2658 Proditionum

1252 2661 1285 2691 δε
1303 2659 1468 2691 Criniinum
1486 2661 1573 2690 Laesae
1592 2660 1745 2698 Maiestatis
1758 2671 1823 2691 ante
1837 2663 1962 2698 primurn
1976 2662 2051 2693 diem
2063 2663 2130 2701 Julii
2142 2664 2229 2694 Anno
2241 2664 2316 2704 Reg-

1252 2700 1281 2728 ni
1296 2698 1384 2729 nostri
1398 2699 1510 2736 Angliae
1527 2699 1644 2729 decimo
1658 2699 1765 2729 octavo
1782 2699 1874 2730 habita
1891 2700 1965 2731 faeta
1986 2710 2036 2740 per
2059 2710 2141 2733 etrata
2157 2703 2214 2733 five
2230 2713 2315 2734 com-

1251 2737 1333 2767 missa
1355 2748 1404 2776 per
1424 2738 1575 2776 praedicios
1601 2737 1769 2775 Francisbum
1793 2741 1853 2768 Van
1875 2738 1991 2776 Acker,
2015 2711 2153 2778 ιἳξιεινὲιιιηι
2173 2744 2313 2781 Herium,

1249 2776 1398 2806 Andream
1412 2779 1504 2806 Boeve
1519 2777 1552 2807 ὃς
1570 2776 1736 2806 Lodovicum
1751 2779 1861 2814 Boew,
1880 2786 1926 2807 aut
1941 2784 2042 2808 eorum
2059 2778 2181 2816 aliquem
2198 2780 2242 2811 vel
2265 2781 2315 2811 ali-'-

1250 2824 1341 2852 quos,
1359 2825 1393 2846 ac
1407 2817 1489 2845 etiam
1503 2815 1601 2845 omnia
1623 2816 1656 2846 ὃ(
1676 2814 1843 2845 omnimoda
1856 2815 2024 2847 Homicidia
2041 2816 2169 2848 Felonias
2184 2818 2313 2850 Roberia

1249 2853 1284 2883 ὃς
1302 2853 1462 2884 Acceffaria
1478 2853 1660 2891 earumdeni3

1285 2891 1331 2922 Ac
1344 2893 1438 2936 ‘etiarn
1461 2893 1557 2922 omnia
1574 2892 1607 2922 &
1621 2891 1793 2922 omnimoda
1817 2891 1949 2930 Escapia,
1965 2894 1999 2925 &
2016 2892 2166 2925 Evafiones
2181 2890 2238 2926 tam
2256 2906 2310 2926 vo-

1249 2930 1378 2961 luntarias
1397 2932 1484 2967 quam
1508 2939 1569 2959 non
1593 2930 1783 2967 voluntarias,
1810 2940 1843 2961 ac
1860 2930 2059 2970 Negligentias
2072 2941 2312 2972 quorumcunque

1250 2968 1434 2999 Proditorum
1451 2967 1671 2999 Murdratorum
1686 2969 1909 3000 Homicidarum
1926 2971 1959 3000 &
1974 2970 1998 3001 F
2000 2968 2119 3001 elon'um
2141 2979 2188 3002 aut
2203 2972 2310 3004 Acces-

1249 3008 1385 3038 sariorum
1398 3015 1445 3037 aut
1459 3006 1664 3044 Suspectorum
1677 3007 1864 3045 eorumdem3
2270 3018 2273 3021 ¹

1288 3044 1420 3075 Necnon
1436 3045 1599 3084 generaliter
1613 3046 1715 3076 omnes
1733 3046 1767 3076 ὃς
1788 3045 1971 3076 omnimodas
1984 3047 2112 3078 Felonias
2127 3048 2307 3087 quascunque

1248 3085 1306 3114 iam
1323 3094 1420 3114 contra
1435 3092 1625 3114 communem
1639 3083 1750 3121 Legem
1765 3083 1863 3122 Regni
1880 3084 1968 3115 nostri
1984 3086 2093 3124 Angliae
2106 3109 2114 3122 ,
2134 3087 2220 3124 quam
2236 3098 2309 3118 con—

1248 3130 1289 3153 tra
1305 3132 1485 3160 quascunque
1493 3122 1602 3154 Statuta
1618 3121 1707 3152 Adtus
1723 3121 1914 3153 ordinationes
1927 3123 1983 3153 five
1997 3124 2173 3157 Provisiones
2185 3126 2308 3162 ejusdem

1247 3159 1344 3199 Regni
1366 3161 1455 3191 nostri
1470 3161 1589 3191 antehac
1608 3160 1681 3190 edita
1703 3160 1829 3191 ordinata
1847 3161 1903 3192 five
1918 3163 2026 3198 provisa
2041 3186 2051 3199 ‚
2077 3163 2122 3193 seu
2139 3172 2239 3193 eorum
2257 3164 2307 3194 ali-

1247 3209 1334 3236 quem
1350 3221 1360 3236 ,
1384 3210 1418 3230 ac
1434 3201 1533 3230 omnia
1547 3200 1581 3229 &
1598 3198 1770 3230 omnimoda
1788 3198 1945 3229 Accessarra
1960 3200 2072 3230 Murdri
2091 3200 2252 3230 Homicidii
2269 3203 2305 3232 δε

1246 3246 1482 3276 quarumcunque
1505 3237 1685 3268 Feloniarum
1718 3237 1906 3268 Roberiarum
1930 3238 1963 3268 &
1987 3238 2102 3269 aliarum
2122 3238 2306 3271 Feloniarum·

1243 3286 1477 3315 quarumcunque
1486 3288 1496 3315 3

1282 3315 1415 3346 Necnon
1438 3315 1537 3346 omnia
1557 3315 1591 3346 δε
1613 3314 1717 3353 fingula
1738 3313 1857 3344 Offensa
1877 3313 2044 3345 Punitiones
2060 3314 2092 3345 ὃ(
2107 3313 2304 3347 Forissac'turas

1245 3361 1422 3393 quaecunque
1443 3353 1479 3384 de
1499 3354 1675 3383 Praemunire
1691 3375 1700 3389 ‚
1721 3352 1768 3393 seu
1783 3353 1977 3383 communiter
1991 3354 2140 3391 cognitum
2155 3363 2205 3391 per
2222 3354 2301 3385 idem

1244 3393 1372 3424 Nomen
1388 3415 1398 3430 ,
1425 3402 1475 3430 per
1490 3392 1583 3422 didios
1604 3388 1769 3430 Francifium
1793 3392 1854 3421 Van
1875 3391 1970 3420 Acker
1983 3414 1992 3428 ‚
2011 3390 2146 3430 Jacobum
2161 3393 2303 3432 Herwin„

1244 3431 1393 3462 Andream
1406 3435 1500 3461 Boeve
1515 3432 1548 3461 ὃς
1562 3429 1729 3459 Lodovicum
1740 3429 1835 3458 Boeve
1844 3451 1853 3466 ,
1877 3437 1923 3459 aut
1936 3439 2035 3459 eorum
2049 3430 2172 3466 aliquem
2189 3431 2235 3460 vel
2250 3432 2301 3462 ali-

1245 3478 1319 3508 quos
1338 3479 1402 3500 ante
1424 3469 1593 3509 praedictum
1618 3468 1741 3504 primum
1766 3467 1854 3497 Diem
1872 3466 1943 3505 Julii
1959 3468 2052 3497 habita
2067 3467 2139 3498 facta
2153 3468 2197 3497 seu
2214 3479 2302 3500 corn-

1245 3509 1326 3540 miffa
1338 3531 1348 3547 ‚
1373 3509 1438 3539 licet
1462 3507 1547 3537 iidem
1568 3504 1720 3545 Franctfius
1734 3507 1793 3534 Van
1808 3504 1902 3534 Acker
1914 3527 1923 3541 ‚
1936 3505 2061 3543 Jacobm
2074 3506 2194 3536 Herwin
2203 3530 2213 3545 ,
2232 3510 2299 3538 An-

1244 3547 1323 3577 dreas
1342 3550 1433 3577 Boeve
1448 3546 1481 3576 &
1496 3544 1651 3574 Lodovicus
1664 3547 1775 3580 Boeve,
1792 3553 1839 3573 aut
1854 3553 1954 3573 eorum
1969 3544 2067 3582 aliquis
2083 3544 2127 3576 vel
2142 3545 2243 3585 aliqui,
2260 3547 2298 3577 de

1243 3584 1396 3616 Praemiffis
1410 3584 1456 3616 vel
1468 3583 1561 3620 aliquo
1572 3581 1785 3612 Praemiii'orum
1798 3580 1946 3611 indictatus
1957 3582 2106 3619 appellatus
2122 3584 2235 3614 sectatus
2247 3585 2298 3616 ad-

1239 3624 1380 3663 judicatus
1395 3623 1527 3661 utlagatus
1544 3620 1767 3658 condempnatus
1788 3619 1937 3649 convietus
1958 3622 2004 3651 vel
2020 3620 2154 3652 attinc‘AEus'
2176 3623 2297 3654 existunt

1245 3663 1290 3693 vel
1312 3672 1372 3692 non
1391 3661 1526 3696 existunt,
1540 3657 1631 3689 existit
1645 3659 1690 3689 vel
1710 3668 1770 3688 non
1791 3657 1883 3688 existit
1896 3679 1906 3694 ,
1925 3667 1958 3688 ac
1970 3660 2068 3690 omnia
2082 3662 2115 3691 &
2130 3660 2232 3699 singula
2244 3662 2298 3699 Jue

1244 3701 1317 3731 dicia
1333 3700 1482 3736 Utlagaria
1496 3699 1529 3730 δε
1544 3695 1749 3727 Οοηνίᾶἰίσηεε
1762 3705 1815 3733 pro
1833 3696 1934 3726 eisdem
1948 3696 1992 3728 seu
2007 3707 2107 3729 eorum
2121 3699 2233 3737 aliqu03

1281 3740 1326 3770 Ac
1343 3740 1426 3768 etiam
1446 3734 1625 3776 lngreffiones
1642 3745 1725 3766 manu
1742 3734 1807 3764 forti
1826 3732 1928 3772 factas,
1947 3734 2047 3766 Riotas
2064 3736 2173 3768 Routas
2189 3738 2297 3770 illicitas

1246 3777 1480 3808 Affernblationes
1514 3773 1726 3804 Conventicula
1763 3772 2034 3805 confoederationes
2071 3775 2301 3813 Conspirationes

1245 3814 1503 3855 Transgreifiones‚
1519 3814 1626 3842 illicitas
1641 3813 1793 3843 verborum
1812 3811 2002 3851 prolationes,
2021 3812 2218 3853 Extortiones,
2233 3815 2298 3854 Op-

1247 3853 1397 3891 preffiones
1412 3876 1421 3889 ‚
1444 3853 1517 3882 falsas
1537 3851 1743 3881 Fabricationes
1763 3849 1915 3879 Cartarum
1932 3850 2108 3890 Scriptorum
2125 3851 2298 3885 Monimen-

1246 3897 1347 3923 torum
1361 3892 1406 3921 seu
1421 3891 1577 3928 aliquorum
1591 3890 1709 3919 aliorum
1723 3889 1901 3926 Scriptorum
1916 3899 2170 3930 quorumcunque,
2189 3902 2223 3923 ac
2241 3893 2299 3923 Pu-

1247 3931 1411 3961 blicationes
1425 3929 1603 3966 earumdem·,

1288 3970 1307 3989 ²*
1328 3969 1457 3999 Necnon
1480 3967 1602 4004 perjuria
1624 3967 1657 3997 &
1677 3964 1895 3996 Subornationes
1915 3964 2104 4004 Perjuriorum
2120 3992 2130 4007 ,
2147 3979 2180 4003 ac
2198 3977 2299 3998 omnes
2316 3982 2336 4002 ηε
2354 3983 2455 4010 xvst-

2320 4022 2383 4057 384.

1252 4007 1445 4040 Derim-iorum
1461 4006 1592 4038 Summas
1608 4004 1666 4037 sive
1680 4003 1868 4079 aliasHRffs3&
1885 4003 2008 4038 Munera
2019 4015 2130 4045 recepta
2143 4018 2196 4045 pro
2211 4006 2299 4075 &2313-

1748 4070 1752 4072 ,
2248 4054 2276 4075 lc
2287 4057 2306 4077 Ο
