<?xml version="1.0" encoding="UTF-8"?>
<!DOCTYPE html PUBLIC "-//W3C//DTD XHTML 1.0 Transitional//EN"
    "http://www.w3.org/TR/xhtml1/DTD/xhtml1-transitional.dtd">
<html xmlns="http://www.w3.org/1999/xhtml" xml:lang="en" lang="en">
 <head>
  <title>
</title>
<meta http-equiv="Content-Type" content="text/html;charset=utf-8" />
  <meta name='ocr-system' content='tesseract 3.04.00' />
  <meta name='ocr-capabilities' content='ocr_page ocr_carea ocr_par ocr_line ocrx_word'/>
</head>
<body>
  <div class='ocr_page' id='page_1' title='image "./fderaconventione07ryme/fderaconventione07ryme_0294.png"; bbox 0 0 2557 4279; ppageno 0'>
   <div class='ocr_carea' id='block_1_1' title="bbox 219 117 1940 192">
    <p class='ocr_par' dir='ltr' id='par_1_1' title="bbox 219 117 1940 192">
     <span class='ocr_line' id='line_1_1' title="bbox 219 117 1940 192; baseline -0.011 -16"><span class='ocrx_word' id='word_1_1' title='bbox 219 153 277 192; x_wconf 86' lang='lat'>44</span> <span class='ocrx_word' id='word_1_2' title='bbox 700 117 1940 170; x_wconf 86' lang='lat' dir='ltr'>CONVENTIONES‚L1TERAE,</span> 
     </span>
    </p>
   </div>
   <div class='ocr_carea' id='block_1_2' title="bbox 75 201 2556 384">
    <p class='ocr_par' dir='ltr' id='par_1_2' title="bbox 75 201 2556 266">
     <span class='ocr_line' id='line_1_2' title="bbox 75 201 2556 266; baseline -0.011 -6"><span class='ocrx_word' id='word_1_3' title='bbox 75 232 155 264; x_wconf 76' lang='lat' dir='ltr'>Ann.</span> <span class='ocrx_word' id='word_1_4' title='bbox 169 227 211 259; x_wconf 91' lang='lat' dir='ltr'>D.</span> <span class='ocrx_word' id='word_1_5' title='bbox 223 226 267 266; x_wconf 65' lang='lat' dir='ltr'>se,</span> <span class='ocrx_word' id='word_1_6' title='bbox 284 224 339 256; x_wconf 88' lang='lat' dir='ltr'>and</span> <span class='ocrx_word' id='word_1_7' title='bbox 353 223 404 255; x_wconf 84' lang='lat' dir='ltr'>the</span> <span class='ocrx_word' id='word_1_8' title='bbox 412 218 601 260; x_wconf 75' lang='lat' dir='ltr'>Neighbours</span> <span class='ocrx_word' id='word_1_9' title='bbox 617 212 715 255; x_wconf 61' lang='lat' dir='ltr'>Hans}</span> <span class='ocrx_word' id='word_1_10' title='bbox 728 218 845 246; x_wconf 79' lang='lat' dir='ltr'>Townes</span> <span class='ocrx_word' id='word_1_11' title='bbox 858 212 1097 252; x_wconf 84' lang='lat' dir='ltr'>also,according</span> <span class='ocrx_word' id='word_1_12' title='bbox 1110 218 1142 241; x_wconf 87' lang='lat' dir='ltr'>to</span> <span class='ocrx_word' id='word_1_13' title='bbox 1154 219 1208 254; x_wconf 84' lang='lat' dir='ltr'>our</span> <span class='ocrx_word' id='word_1_14' title='bbox 1217 206 1294 239; x_wconf 88' lang='lat' dir='ltr'>most</span> <span class='ocrx_word' id='word_1_15' title='bbox 1334 207 1373 237; x_wconf 89' lang='lat' dir='ltr'>les</span> <span class='ocrx_word' id='word_1_16' title='bbox 1391 203 1572 251; x_wconf 67' lang='lat' dir='ltr'>Anseatiques</span> <span class='ocrx_word' id='word_1_17' title='bbox 1586 204 1623 234; x_wconf 82' lang='lat' dir='ltr'>du</span> <span class='ocrx_word' id='word_1_18' title='bbox 1639 204 1779 244; x_wconf 84' lang='lat' dir='ltr'>voisinage</span> <span class='ocrx_word' id='word_1_19' title='bbox 1801 213 1836 233; x_wconf 84' lang='lat' dir='ltr'>ne</span> <span class='ocrx_word' id='word_1_20' title='bbox 1846 201 1878 242; x_wconf 69' lang='lat' dir='ltr'>s}</span> <span class='ocrx_word' id='word_1_21' title='bbox 1890 209 2034 234; x_wconf 82' lang='lat' dir='ltr'>montrent</span> <span class='ocrx_word' id='word_1_22' title='bbox 2054 203 2126 244; x_wconf 60' lang='lat' dir='ltr'>aursi</span> <span class='ocrx_word' id='word_1_23' title='bbox 2133 226 2142 241; x_wconf 90' lang='lat'>,</span> <span class='ocrx_word' id='word_1_24' title='bbox 2159 202 2371 252; x_wconf 57' lang='lat' dir='ltr'>cofformdment</span> <span class='ocrx_word' id='word_1_25' title='bbox 2383 206 2402 237; x_wconf 67' lang='grc' dir='ltr'>ἃ</span> <span class='ocrx_word' id='word_1_26' title='bbox 2421 202 2499 234; x_wconf 89' lang='lat' dir='ltr'>Ann.</span> <span class='ocrx_word' id='word_1_27' title='bbox 2512 203 2556 241; x_wconf 67' lang='lat' dir='ltr'>D:</span> 
     </span>
    </p>

    <p class='ocr_par' dir='ltr' id='par_1_3' title="bbox 78 240 2552 384">
     <span class='ocr_line' id='line_1_3' title="bbox 100 240 2541 304; baseline -0.004 -24"><span class='ocrx_word' id='word_1_28' title='bbox 100 269 188 300; x_wconf 47' lang='lat'>1602·</span> <span class='ocrx_word' id='word_1_29' title='bbox 225 266 349 304; x_wconf 64' lang='lat' dir='ltr'>gratious</span> <span class='ocrx_word' id='word_1_30' title='bbox 363 261 478 296; x_wconf 71' lang='lat' dir='ltr'>Dente,</span> <span class='ocrx_word' id='word_1_31' title='bbox 495 266 528 288; x_wconf 68' lang='grc' dir='ltr'>[ο</span> <span class='ocrx_word' id='word_1_32' title='bbox 542 256 598 286; x_wconf 77' lang='lat' dir='ltr'>this</span> <span class='ocrx_word' id='word_1_33' title='bbox 616 254 684 295; x_wconf 76' lang='lat' dir='ltr'>they</span> <span class='ocrx_word' id='word_1_34' title='bbox 700 253 761 286; x_wconf 77' lang='lat' dir='ltr'>ffial</span> <span class='ocrx_word' id='word_1_35' title='bbox 784 253 881 288; x_wconf 53' lang='lat' dir='ltr'>{heure</span> <span class='ocrx_word' id='word_1_36' title='bbox 901 251 1070 284; x_wconf 82' lang='lat' dir='ltr'>themselves</span> <span class='ocrx_word' id='word_1_37' title='bbox 1091 249 1221 287; x_wconf 84' lang='lat' dir='ltr'>willinge</span> <span class='ocrx_word' id='word_1_38' title='bbox 1239 245 1296 291; x_wconf 81' lang='lat' dir='ltr'>and</span> <span class='ocrx_word' id='word_1_39' title='bbox 1334 252 1414 290; x_wconf 79' lang='lat' dir='ltr'>notre</span> <span class='ocrx_word' id='word_1_40' title='bbox 1427 251 1486 273; x_wconf 84' lang='lat' dir='ltr'>tres</span> <span class='ocrx_word' id='word_1_41' title='bbox 1497 253 1624 280; x_wconf 81' lang='lat' dir='ltr'>gracmex</span> <span class='ocrx_word' id='word_1_42' title='bbox 1646 243 1733 282; x_wconf 72' lang='lat' dir='ltr'>defir,</span> <span class='ocrx_word' id='word_1_43' title='bbox 1747 249 1884 282; x_wconf 83' lang='lat' dir='ltr'>promptes</span> <span class='ocrx_word' id='word_1_44' title='bbox 1905 240 1943 277; x_wconf 60' lang='grc' dir='ltr'>ό</span> <span class='ocrx_word' id='word_1_45' title='bbox 1959 243 2068 273; x_wconf 84' lang='lat' dir='ltr'>bien&#39;di</span> <span class='ocrx_word' id='word_1_46' title='bbox 2076 253 2112 284; x_wconf 85' lang='lat' dir='ltr'>po</span> <span class='ocrx_word' id='word_1_47' title='bbox 2127 244 2166 273; x_wconf 81' lang='lat' dir='ltr'>e&#39;es</span> <span class='ocrx_word' id='word_1_48' title='bbox 2188 256 2206 272; x_wconf 83' lang='lat' dir='ltr'><em>a</em></span> <span class='ocrx_word' id='word_1_49' title='bbox 2228 254 2256 273; x_wconf 84' lang='lat' dir='ltr'>ce</span> <span class='ocrx_word' id='word_1_50' title='bbox 2278 243 2345 279; x_wconf 85' lang='lat' dir='ltr'>but‚·</span> <span class='ocrx_word' id='word_1_51' title='bbox 2365 243 2402 279; x_wconf 82' lang='lat'><em>&amp;</em></span> <span class='ocrx_word' id='word_1_52' title='bbox 2443 243 2541 274; x_wconf 78' lang='lat'>1602..</span> 
     </span>
     <span class='ocr_line' id='line_1_4' title="bbox 78 280 2552 344; baseline -0.003 -24"><span class='ocrx_word' id='word_1_53' title='bbox 78 320 116 344; x_wconf 76' lang='lat'>44</span> <span class='ocrx_word' id='word_1_54' title='bbox 144 308 214 336; x_wconf 40' lang='lat' dir='ltr'><em>fliz.</em></span> <span class='ocrx_word' id='word_1_55' title='bbox 225 304 291 335; x_wconf 72' lang='lat' dir='ltr'>Wen</span> <span class='ocrx_word' id='word_1_56' title='bbox 304 300 445 337; x_wconf 75' lang='lat' dir='ltr'>inclined3</span> <span class='ocrx_word' id='word_1_57' title='bbox 468 296 534 327; x_wconf 72' lang='lat' dir='ltr'>And</span> <span class='ocrx_word' id='word_1_58' title='bbox 547 294 584 325; x_wconf 82' lang='lat' dir='ltr'>of</span> <span class='ocrx_word' id='word_1_59' title='bbox 600 293 651 325; x_wconf 76' lang='lat' dir='ltr'>the</span> <span class='ocrx_word' id='word_1_60' title='bbox 665 294 747 324; x_wconf 79' lang='lat' dir='ltr'>other</span> <span class='ocrx_word' id='word_1_61' title='bbox 767 291 823 322; x_wconf 85' lang='lat' dir='ltr'>fide</span> <span class='ocrx_word' id='word_1_62' title='bbox 841 291 903 323; x_wconf 84' lang='lat' dir='ltr'>We</span> <span class='ocrx_word' id='word_1_63' title='bbox 922 301 970 322; x_wconf 87' lang='lat' dir='ltr'>are</span> <span class='ocrx_word' id='word_1_64' title='bbox 984 290 1059 322; x_wconf 85' lang='lat' dir='ltr'>with</span> <span class='ocrx_word' id='word_1_65' title='bbox 1076 298 1131 321; x_wconf 78' lang='lat' dir='ltr'>our</span> <span class='ocrx_word' id='word_1_66' title='bbox 1156 285 1297 326; x_wconf 81' lang='lat' dir='ltr'>Imperiall</span> <span class='ocrx_word' id='word_1_67' title='bbox 1332 282 1474 313; x_wconf 82' lang='lat' dir='ltr'>d&#39;adleurs</span> <span class='ocrx_word' id='word_1_68' title='bbox 1488 280 1675 321; x_wconf 73' lang='lat' dir='ltr'>naussbmmes</span> <span class='ocrx_word' id='word_1_69' title='bbox 1689 281 1722 311; x_wconf 83' lang='lat' dir='ltr'>de</span> <span class='ocrx_word' id='word_1_70' title='bbox 1738 289 1817 312; x_wconf 86' lang='lat' dir='ltr'>notre</span> <span class='ocrx_word' id='word_1_71' title='bbox 1830 283 1919 311; x_wconf 68' lang='lat' dir='ltr'>Gracc</span> <span class='ocrx_word' id='word_1_72' title='bbox 1935 281 2053 323; x_wconf 60' lang='lat' dir='ltr'>Imptfria</span> <span class='ocrx_word' id='word_1_73' title='bbox 2066 294 2079 312; x_wconf 88' lang='lat' dir='ltr'>e</span> <span class='ocrx_word' id='word_1_74' title='bbox 2114 286 2158 314; x_wconf 75' lang='lat' dir='ltr'>ien</span> <span class='ocrx_word' id='word_1_75' title='bbox 2167 281 2347 322; x_wconf 54' lang='lat' dir='ltr'>affebffionneffr</span> <span class='ocrx_word' id='word_1_76' title='bbox 2354 294 2405 315; x_wconf 84' lang='lat' dir='ltr'>en·</span> <span class='ocrx_word' id='word_1_77' title='bbox 2423 290 2462 318; x_wconf 87' lang='lat'>44</span> <span class='ocrx_word' id='word_1_78' title='bbox 2487 283 2552 315; x_wconf 73' lang='lat' dir='ltr'>Elir..</span> 
     </span>
     <span class='ocr_line' id='line_1_5' title="bbox 78 318 2482 384; baseline -0.007 -8"><span class='ocrx_word' id='word_1_79' title='bbox 78 351 135 384; x_wconf 76' lang='lat' dir='ltr'>Reg.</span> <span class='ocrx_word' id='word_1_80' title='bbox 229 342 327 374; x_wconf 83' lang='lat' dir='ltr'>Grace</span> <span class='ocrx_word' id='word_1_81' title='bbox 341 339 405 371; x_wconf 82' lang='lat' dir='ltr'>well</span> <span class='ocrx_word' id='word_1_82' title='bbox 416 334 537 368; x_wconf 68' lang='lat' dir='ltr'>affected</span> <span class='ocrx_word' id='word_1_83' title='bbox 551 331 694 365; x_wconf 83' lang='lat' dir='ltr'>towardes</span> <span class='ocrx_word' id='word_1_84' title='bbox 709 332 759 373; x_wconf 91' lang='lat' dir='ltr'>thy</span> <span class='ocrx_word' id='word_1_85' title='bbox 775 333 873 362; x_wconf 77' lang='lat' dir='ltr'>Gracc.</span> <span class='ocrx_word' id='word_1_86' title='bbox 1334 331 1399 353; x_wconf 68' lang='lat' dir='ltr'>‘vm</span> <span class='ocrx_word' id='word_1_87' title='bbox 1413 328 1446 350; x_wconf 63' lang='lat' dir='ltr'>&#39;a</span> <span class='ocrx_word' id='word_1_88' title='bbox 1463 318 1571 351; x_wconf 66' lang='lat' dir='ltr'>Gracc·</span> <span class='ocrx_word' id='word_1_89' title='bbox 2424 324 2482 358; x_wconf 77' lang='lat' dir='ltr'>Reg.</span> 
     </span>
    </p>
   </div>
   <div class='ocr_carea' id='block_1_3' title="bbox 248 405 1313 509">
    <p class='ocr_par' dir='ltr' id='par_1_4' title="bbox 248 405 1313 509">
     <span class='ocr_line' id='line_1_6' title="bbox 262 405 1006 451; baseline -0.015 -2"><span class='ocrx_word' id='word_1_90' title='bbox 262 419 362 450; x_wconf 88' lang='lat' dir='ltr'>Given</span> <span class='ocrx_word' id='word_1_91' title='bbox 376 422 404 447; x_wconf 84' lang='lat' dir='ltr'>at</span> <span class='ocrx_word' id='word_1_92' title='bbox 416 415 543 451; x_wconf 76' lang='lat' dir='ltr'>Prague,</span> <span class='ocrx_word' id='word_1_93' title='bbox 561 410 610 442; x_wconf 88' lang='lat' dir='ltr'>the</span> <span class='ocrx_word' id='word_1_94' title='bbox 626 408 704 440; x_wconf 80' lang='lat' dir='ltr'>third</span> <span class='ocrx_word' id='word_1_95' title='bbox 719 406 756 439; x_wconf 81' lang='lat' dir='ltr'>of</span> <span class='ocrx_word' id='word_1_96' title='bbox 767 406 896 448; x_wconf 87' lang='lat' dir='ltr'>Auguste</span> <span class='ocrx_word' id='word_1_97' title='bbox 917 405 1006 438; x_wconf 86' lang='lat'>1602.</span> 
     </span>
     <span class='ocr_line' id='line_1_7' title="bbox 248 478 1313 509; baseline -0.016 -6"><span class='ocrx_word' id='word_1_98' title='bbox 248 478 1313 509; x_wconf 45' lang='grc' dir='ltr'>’,Μ</span> 
     </span>
    </p>
   </div>
   <div class='ocr_carea' id='block_1_4' title="bbox 1372 393 1955 436">
    <p class='ocr_par' dir='ltr' id='par_1_5' title="bbox 1372 393 1955 436">
     <span class='ocr_line' id='line_1_8' title="bbox 1372 393 1955 436; baseline -0.002 -9"><span class='ocrx_word' id='word_1_99' title='bbox 1372 397 1482 428; x_wconf 73' lang='lat' dir='ltr'>Donne‘</span> <span class='ocrx_word' id='word_1_100' title='bbox 1491 395 1510 427; x_wconf 73' lang='grc' dir='ltr'><em>ὸ</em></span> <span class='ocrx_word' id='word_1_101' title='bbox 1526 394 1638 435; x_wconf 85' lang='lat' dir='ltr'>Prague</span> <span class='ocrx_word' id='word_1_102' title='bbox 1653 394 1679 425; x_wconf 84' lang='lat' dir='ltr'>le</span> <span class='ocrx_word' id='word_1_103' title='bbox 1697 404 1724 436; x_wconf 82' lang='lat'>3.</span> <span class='ocrx_word' id='word_1_104' title='bbox 1736 393 1851 425; x_wconf 63' lang='lat' dir='ltr'>d‘Aoat</span> <span class='ocrx_word' id='word_1_105' title='bbox 1867 395 1955 427; x_wconf 87' lang='lat'>1602.</span> 
     </span>
    </p>
   </div>
   <div class='ocr_carea' id='block_1_5' title="bbox 1335 520 2425 2227">
    <p class='ocr_par' dir='ltr' id='par_1_6' title="bbox 1335 520 2058 561">
     <span class='ocr_line' id='line_1_9' title="bbox 1335 520 2058 561; baseline -0.004 -6"><span class='ocrx_word' id='word_1_106' title='bbox 1335 531 1438 556; x_wconf 89' lang='lat' dir='ltr'>ventus</span> <span class='ocrx_word' id='word_1_107' title='bbox 1448 522 1539 560; x_wconf 71' lang='lat' dir='ltr'>prona</span> <span class='ocrx_word' id='word_1_108' title='bbox 1549 522 1660 561; x_wconf 86' lang='lat' dir='ltr'>semper</span> <span class='ocrx_word' id='word_1_109' title='bbox 1673 521 1820 553; x_wconf 86' lang='lat' dir='ltr'>voluntate</span> <span class='ocrx_word' id='word_1_110' title='bbox 1837 520 2058 560; x_wconf 82' lang='lat' dir='ltr'>propendemus.</span> 
     </span>
    </p>

    <p class='ocr_par' dir='ltr' id='par_1_7' title="bbox 1338 559 2418 951">
     <span class='ocr_line' id='line_1_10' title="bbox 1375 559 2409 606; baseline 0.002 -14"><span class='ocrx_word' id='word_1_111' title='bbox 1375 561 1489 606; x_wconf 64' lang='lat' dir='ltr'>Verum</span> <span class='ocrx_word' id='word_1_112' title='bbox 1503 561 1567 593; x_wconf 82' lang='lat' dir='ltr'>haec</span> <span class='ocrx_word' id='word_1_113' title='bbox 1583 561 1654 592; x_wconf 89' lang='lat' dir='ltr'>dum</span> <span class='ocrx_word' id='word_1_114' title='bbox 1667 561 1808 600; x_wconf 87' lang='lat' dir='ltr'>speramus</span> <span class='ocrx_word' id='word_1_115' title='bbox 1824 559 1880 591; x_wconf 77' lang='lat' dir='ltr'>en!</span> <span class='ocrx_word' id='word_1_116' title='bbox 1900 559 2041 600; x_wconf 85' lang='lat' dir='ltr'>ipsiusmet</span> <span class='ocrx_word' id='word_1_117' title='bbox 2056 562 2205 593; x_wconf 76' lang='lat' dir='ltr'><em>Serenitati</em></span> <span class='ocrx_word' id='word_1_118' title='bbox 2218 562 2317 603; x_wconf 71' lang='lat' dir='ltr'>vestra</span> <span class='ocrx_word' id='word_1_119' title='bbox 2326 563 2409 600; x_wconf 84' lang='lat' dir='ltr'>Clas-</span> 
     </span>
     <span class='ocr_line' id='line_1_11' title="bbox 1338 597 2400 641; baseline 0.004 -10"><span class='ocrx_word' id='word_1_120' title='bbox 1338 600 1408 631; x_wconf 83' lang='lat' dir='ltr'>siarii</span> <span class='ocrx_word' id='word_1_121' title='bbox 1424 600 1517 631; x_wconf 91' lang='lat' dir='ltr'>Navis</span> <span class='ocrx_word' id='word_1_122' title='bbox 1532 600 1670 638; x_wconf 77' lang='lat' dir='ltr'>(Tridtnet</span> <span class='ocrx_word' id='word_1_123' title='bbox 1686 603 1861 637; x_wconf 81' lang='lat' dir='ltr'>nuncupata)</span> <span class='ocrx_word' id='word_1_124' title='bbox 1881 600 1929 630; x_wconf 87' lang='lat' dir='ltr'>cui</span> <span class='ocrx_word' id='word_1_125' title='bbox 1945 597 2117 638; x_wconf 76' lang='lat' dir='ltr'>capitaneus</span> <span class='ocrx_word' id='word_1_126' title='bbox 2133 601 2284 633; x_wconf 83' lang='lat' dir='ltr'>Manderet</span> <span class='ocrx_word' id='word_1_127' title='bbox 2297 604 2400 641; x_wconf 83' lang='lat' dir='ltr'>praeest</span> 
     </span>
     <span class='ocr_line' id='line_1_12' title="bbox 1339 627 2414 678; baseline 0.006 -9"><span class='ocrx_word' id='word_1_128' title='bbox 1339 647 1390 678; x_wconf 87' lang='lat'>24.</span> <span class='ocrx_word' id='word_1_129' title='bbox 1405 637 1480 670; x_wconf 84' lang='lat' dir='ltr'>Maii</span> <span class='ocrx_word' id='word_1_130' title='bbox 1493 639 1556 670; x_wconf 88' lang='lat' dir='ltr'>Stili</span> <span class='ocrx_word' id='word_1_131' title='bbox 1578 638 1702 670; x_wconf 74' lang='lat' dir='ltr'>correffl</span> <span class='ocrx_word' id='word_1_132' title='bbox 1723 638 1802 669; x_wconf 88' lang='lat' dir='ltr'>Anni</span> <span class='ocrx_word' id='word_1_133' title='bbox 1818 637 1953 676; x_wconf 83' lang='lat' dir='ltr'>labentis,</span> <span class='ocrx_word' id='word_1_134' title='bbox 1972 639 2050 669; x_wconf 88' lang='lat' dir='ltr'>circa</span> <span class='ocrx_word' id='word_1_135' title='bbox 2071 640 2205 670; x_wconf 75' lang='lat' dir='ltr'>Roxmtis</span> <span class='ocrx_word' id='word_1_136' title='bbox 2231 627 2414 675; x_wconf 63' lang='lat' dir='ltr'>Promonto1</span> 
     </span>
     <span class='ocr_line' id='line_1_13' title="bbox 1341 676 2413 717; baseline 0.004 -9"><span class='ocrx_word' id='word_1_137' title='bbox 1341 679 1434 717; x_wconf 88' lang='lat' dir='ltr'>rium,</span> <span class='ocrx_word' id='word_1_138' title='bbox 1450 677 1604 708; x_wconf 87' lang='lat' dir='ltr'>Subditum</span> <span class='ocrx_word' id='word_1_139' title='bbox 1622 677 1753 708; x_wconf 90' lang='lat' dir='ltr'>nostrum</span> <span class='ocrx_word' id='word_1_140' title='bbox 1777 676 1885 707; x_wconf 86' lang='lat' dir='ltr'><strong>Civem</strong></span> <span class='ocrx_word' id='word_1_141' title='bbox 1901 676 2104 707; x_wconf 82' lang='lat' dir='ltr'>Haffniensem</span> <span class='ocrx_word' id='word_1_142' title='bbox 2127 680 2258 708; x_wconf 84' lang='lat' dir='ltr'><em>Simonem</em></span> <span class='ocrx_word' id='word_1_143' title='bbox 2277 683 2413 712; x_wconf 79' lang='lat' dir='ltr'>Simonia-</span> 
     </span>
     <span class='ocr_line' id='line_1_14' title="bbox 1343 714 2397 761; baseline 0.005 -15"><span class='ocrx_word' id='word_1_144' title='bbox 1343 727 1402 746; x_wconf 84' lang='lat' dir='ltr'>cum</span> <span class='ocrx_word' id='word_1_145' title='bbox 1413 717 1591 761; x_wconf 78' lang='lat' dir='ltr'>aggreditur,</span> <span class='ocrx_word' id='word_1_146' title='bbox 1611 716 1694 747; x_wconf 89' lang='lat' dir='ltr'>Auro</span> <span class='ocrx_word' id='word_1_147' title='bbox 1715 715 1749 746; x_wconf 93' lang='lat'>&amp;</span> <span class='ocrx_word' id='word_1_148' title='bbox 1766 715 1896 752; x_wconf 82' lang='lat' dir='ltr'>Argento</span> <span class='ocrx_word' id='word_1_149' title='bbox 1916 724 2033 753; x_wconf 85' lang='lat' dir='ltr'>parato,</span> <span class='ocrx_word' id='word_1_150' title='bbox 2052 714 2195 752; x_wconf 82' lang='lat' dir='ltr'>Hordeo,</span> <span class='ocrx_word' id='word_1_151' title='bbox 2215 717 2397 751; x_wconf 61' lang='lat' dir='ltr'>victualibus</span> 
     </span>
     <span class='ocr_line' id='line_1_15' title="bbox 1341 746 2414 796; baseline 0.004 -10"><span class='ocrx_word' id='word_1_152' title='bbox 1341 755 1474 786; x_wconf 80' lang='lat' dir='ltr'>Vestibus</span> <span class='ocrx_word' id='word_1_153' title='bbox 1495 756 1594 794; x_wconf 80' lang='lat' dir='ltr'>exuit,</span> <span class='ocrx_word' id='word_1_154' title='bbox 1612 755 1769 792; x_wconf 78' lang='lat' dir='ltr'>praedatur,</span> <span class='ocrx_word' id='word_1_155' title='bbox 1788 754 1893 792; x_wconf 86' lang='lat' dir='ltr'>nudat,</span> <span class='ocrx_word' id='word_1_156' title='bbox 1914 755 1959 794; x_wconf 77' lang='lat' dir='ltr'>Ap</span> <span class='ocrx_word' id='word_1_157' title='bbox 1995 763 2086 784; x_wconf 88' lang='lat' dir='ltr'>ratum</span> <span class='ocrx_word' id='word_1_158' title='bbox 2102 753 2287 796; x_wconf 78' lang='lat' dir='ltr'>Nauticum,</span> <span class='ocrx_word' id='word_1_159' title='bbox 2305 746 2414 790; x_wconf 82' lang='lat' dir='ltr'>Malos&#39;</span> 
     </span>
     <span class='ocr_line' id='line_1_16' title="bbox 1343 782 2417 833; baseline 0.005 -9"><span class='ocrx_word' id='word_1_160' title='bbox 1343 794 1438 825; x_wconf 73' lang='lat' dir='ltr'>Funes</span> <span class='ocrx_word' id='word_1_161' title='bbox 1451 794 1594 833; x_wconf 80' lang='lat' dir='ltr'>diffindit,</span> <span class='ocrx_word' id='word_1_162' title='bbox 1614 793 1746 832; x_wconf 55' lang='lat' dir='ltr'>dissecat,</span> <span class='ocrx_word' id='word_1_163' title='bbox 1766 792 1835 823; x_wconf 71' lang='lat' dir='ltr'>nihii</span> <span class='ocrx_word' id='word_1_164' title='bbox 1851 798 1954 832; x_wconf 67' lang='lat' dir='ltr'>nonpe</span> <span class='ocrx_word' id='word_1_165' title='bbox 1980 793 2082 829; x_wconf 69' lang='lat' dir='ltr'>undat,</span> <span class='ocrx_word' id='word_1_166' title='bbox 2101 793 2134 824; x_wconf 70' lang='lat' dir='ltr'>ec</span> <span class='ocrx_word' id='word_1_167' title='bbox 2150 793 2185 823; x_wconf 79' lang='lat' dir='ltr'>ad</span> <span class='ocrx_word' id='word_1_168' title='bbox 2198 793 2333 826; x_wconf 85' lang='lat' dir='ltr'>valorem</span> <span class='ocrx_word' id='word_1_169' title='bbox 2343 782 2417 829; x_wconf 78' lang='lat' dir='ltr'>Mil-&#39;-</span> 
     </span>
     <span class='ocr_line' id='line_1_17' title="bbox 1343 831 2417 875; baseline 0 -13"><span class='ocrx_word' id='word_1_170' title='bbox 1343 832 1369 862; x_wconf 81' lang='lat' dir='ltr'>le</span> <span class='ocrx_word' id='word_1_171' title='bbox 1383 840 1561 864; x_wconf 81' lang='lat' dir='ltr'>trecentorum</span> <span class='ocrx_word' id='word_1_172' title='bbox 1577 833 1765 875; x_wconf 81' lang='lat' dir='ltr'>quadraginta</span> <span class='ocrx_word' id='word_1_173' title='bbox 1780 834 1864 862; x_wconf 73' lang='lat' dir='ltr'>trium</span> <span class='ocrx_word' id='word_1_174' title='bbox 1878 831 1916 866; x_wconf 60' lang='grc' dir='ltr'><strong><em>ὠ</em></strong></span> <span class='ocrx_word' id='word_1_175' title='bbox 1932 832 2037 862; x_wconf 81' lang='lat' dir='ltr'>dimidii</span> <span class='ocrx_word' id='word_1_176' title='bbox 2050 831 2271 864; x_wconf 71' lang='lat' dir='ltr'>Thalerorumyi</span> <span class='ocrx_word' id='word_1_177' title='bbox 2283 835 2318 866; x_wconf 90' lang='lat'>&amp;</span> <span class='ocrx_word' id='word_1_178' title='bbox 2330 837 2367 868; x_wconf 90' lang='lat' dir='ltr'>de</span> <span class='ocrx_word' id='word_1_179' title='bbox 2373 838 2417 868; x_wconf 85' lang='lat' dir='ltr'>fa..</span> 
     </span>
     <span class='ocr_line' id='line_1_18' title="bbox 1344 870 2418 916; baseline 0.002 -14"><span class='ocrx_word' id='word_1_180' title='bbox 1344 872 1395 916; x_wconf 61' lang='lat' dir='ltr'>§to</span> <span class='ocrx_word' id='word_1_181' title='bbox 1408 873 1505 912; x_wconf 87' lang='lat' dir='ltr'>spoliat</span> <span class='ocrx_word' id='word_1_182' title='bbox 1542 881 1572 903; x_wconf 92' lang='lat' dir='ltr'>ut</span> <span class='ocrx_word' id='word_1_183' title='bbox 1589 881 1667 903; x_wconf 89' lang='lat' dir='ltr'>nunc</span> <span class='ocrx_word' id='word_1_184' title='bbox 1681 881 1745 909; x_wconf 87' lang='lat' dir='ltr'>quae</span> <span class='ocrx_word' id='word_1_185' title='bbox 1760 878 1841 900; x_wconf 85' lang='lat' dir='ltr'>antea</span> <span class='ocrx_word' id='word_1_186' title='bbox 1855 871 1885 900; x_wconf 91' lang='lat' dir='ltr'>in</span> <span class='ocrx_word' id='word_1_187' title='bbox 1901 870 1968 901; x_wconf 83' lang='lat' dir='ltr'>alios</span> <span class='ocrx_word' id='word_1_188' title='bbox 1984 871 2062 909; x_wconf 82' lang='lat' dir='ltr'>rejici</span> <span class='ocrx_word' id='word_1_189' title='bbox 2073 871 2217 902; x_wconf 83' lang='lat' dir='ltr'>videbatur</span> <span class='ocrx_word' id='word_1_190' title='bbox 2228 895 2238 910; x_wconf 89' lang='lat'>,</span> <span class='ocrx_word' id='word_1_191' title='bbox 2257 873 2287 902; x_wconf 91' lang='lat' dir='ltr'>in</span> <span class='ocrx_word' id='word_1_192' title='bbox 2304 873 2418 907; x_wconf 81' lang='lat' dir='ltr'>suismet</span> 
     </span>
     <span class='ocr_line' id='line_1_19' title="bbox 1343 895 1850 951; baseline -0.006 -10"><span class='ocrx_word' id='word_1_193' title='bbox 1343 914 1424 951; x_wconf 84' lang='lat' dir='ltr'>iplius</span> <span class='ocrx_word' id='word_1_194' title='bbox 1439 895 1592 941; x_wconf 71' lang='lat' dir='ltr'>Classiariis</span> <span class='ocrx_word' id='word_1_195' title='bbox 1605 911 1730 942; x_wconf 75' lang='lat' dir='ltr'>reluceat</span> <span class='ocrx_word' id='word_1_196' title='bbox 1745 909 1850 948; x_wconf 85' lang='lat' dir='ltr'>Culpa.</span> 
     </span>
    </p>

    <p class='ocr_par' dir='ltr' id='par_1_8' title="bbox 1343 946 2425 2227">
     <span class='ocr_line' id='line_1_20' title="bbox 1383 946 2418 993; baseline 0.004 -13"><span class='ocrx_word' id='word_1_197' title='bbox 1383 950 1475 988; x_wconf 89' lang='lat' dir='ltr'>Quod</span> <span class='ocrx_word' id='word_1_198' title='bbox 1494 951 1570 993; x_wconf 44' lang='lat' dir='ltr'>cum·</span> <span class='ocrx_word' id='word_1_199' title='bbox 1586 950 1623 980; x_wconf 85' lang='lat' dir='ltr'>ita</span> <span class='ocrx_word' id='word_1_200' title='bbox 1636 949 1685 987; x_wconf 84' lang='lat' dir='ltr'>sit,</span> <span class='ocrx_word' id='word_1_201' title='bbox 1702 950 1737 981; x_wconf 71' lang='grc' dir='ltr'>ὅ(</span> <span class='ocrx_word' id='word_1_202' title='bbox 1755 957 1825 979; x_wconf 88' lang='lat' dir='ltr'>vero</span> <span class='ocrx_word' id='word_1_203' title='bbox 1844 946 1995 978; x_wconf 70' lang='lat' dir='ltr'>Protectio</span> <span class='ocrx_word' id='word_1_204' title='bbox 2017 947 2112 979; x_wconf 88' lang='lat' dir='ltr'>nostra</span> <span class='ocrx_word' id='word_1_205' title='bbox 2136 947 2229 987; x_wconf 87' lang='lat' dir='ltr'>Regia</span> <span class='ocrx_word' id='word_1_206' title='bbox 2251 951 2266 979; x_wconf 77' lang='lat' dir='ltr'>a</span> <span class='ocrx_word' id='word_1_207' title='bbox 2289 949 2418 984; x_wconf 86' lang='lat' dir='ltr'>Subditis</span> 
     </span>
     <span class='ocr_line' id='line_1_21' title="bbox 1343 986 2419 1025; baseline 0.004 -6"><span class='ocrx_word' id='word_1_208' title='bbox 1343 988 1447 1019; x_wconf 82' lang='lat' dir='ltr'>nostris</span> <span class='ocrx_word' id='word_1_209' title='bbox 1461 988 1622 1019; x_wconf 76' lang='lat' dir='ltr'>humillime</span> <span class='ocrx_word' id='word_1_210' title='bbox 1635 989 1669 1019; x_wconf 67' lang='grc' dir='ltr'>ὃς</span> <span class='ocrx_word' id='word_1_211' title='bbox 1685 997 1754 1019; x_wconf 87' lang='lat' dir='ltr'>cum</span> <span class='ocrx_word' id='word_1_212' title='bbox 1787 986 1877 1017; x_wconf 88' lang='lat' dir='ltr'>emitu</span> <span class='ocrx_word' id='word_1_213' title='bbox 1892 987 2077 1025; x_wconf 82' lang='lat' dir='ltr'>imploretur,</span> <span class='ocrx_word' id='word_1_214' title='bbox 2094 987 2200 1025; x_wconf 83' lang='lat' dir='ltr'>nosque</span> <span class='ocrx_word' id='word_1_215' title='bbox 2211 987 2314 1019; x_wconf 87' lang='lat' dir='ltr'>Officii</span> <span class='ocrx_word' id='word_1_216' title='bbox 2327 991 2419 1023; x_wconf 91' lang='lat' dir='ltr'>nostri</span> 
     </span>
     <span class='ocr_line' id='line_1_22' title="bbox 1344 1024 2420 1064; baseline 0.001 -6"><span class='ocrx_word' id='word_1_217' title='bbox 1344 1027 1402 1058; x_wconf 80' lang='lat' dir='ltr'>effe</span> <span class='ocrx_word' id='word_1_218' title='bbox 1417 1028 1545 1058; x_wconf 84' lang='lat' dir='ltr'>omnino</span> <span class='ocrx_word' id='word_1_219' title='bbox 1561 1027 1727 1058; x_wconf 86' lang='lat' dir='ltr'>arbitramur</span> <span class='ocrx_word' id='word_1_220' title='bbox 1744 1026 1768 1056; x_wconf 87' lang='lat' dir='ltr'>la</span> <span class='ocrx_word' id='word_1_221' title='bbox 1790 1024 1936 1056; x_wconf 89' lang='lat' dir='ltr'>orantibus</span> <span class='ocrx_word' id='word_1_222' title='bbox 1948 1025 1983 1056; x_wconf 87' lang='lat'>&amp;</span> <span class='ocrx_word' id='word_1_223' title='bbox 1998 1035 2047 1063; x_wconf 88' lang='lat' dir='ltr'>per</span> <span class='ocrx_word' id='word_1_224' title='bbox 2063 1027 2125 1057; x_wconf 89' lang='lat' dir='ltr'>vim</span> <span class='ocrx_word' id='word_1_225' title='bbox 2140 1026 2276 1064; x_wconf 85' lang='lat' dir='ltr'>oppressis</span> <span class='ocrx_word' id='word_1_226' title='bbox 2291 1028 2420 1062; x_wconf 83' lang='lat' dir='ltr'>Subditis</span> 
     </span>
     <span class='ocr_line' id='line_1_23' title="bbox 1345 1063 2416 1109; baseline 0.002 -13"><span class='ocrx_word' id='word_1_227' title='bbox 1345 1065 1451 1097; x_wconf 86' lang='lat' dir='ltr'>nostris</span> <span class='ocrx_word' id='word_1_228' title='bbox 1465 1066 1612 1109; x_wconf 87' lang='lat' dir='ltr'>subvenire</span> <span class='ocrx_word' id='word_1_229' title='bbox 1622 1088 1631 1104; x_wconf 89' lang='lat'>,</span> <span class='ocrx_word' id='word_1_230' title='bbox 1649 1075 1708 1095; x_wconf 91' lang='lat' dir='ltr'>non</span> <span class='ocrx_word' id='word_1_231' title='bbox 1721 1063 1872 1103; x_wconf 83' lang='lat' dir='ltr'>poffumus</span> <span class='ocrx_word' id='word_1_232' title='bbox 1888 1073 1947 1093; x_wconf 90' lang='lat' dir='ltr'>non</span> <span class='ocrx_word' id='word_1_233' title='bbox 1963 1063 2045 1096; x_wconf 84' lang='lat' dir='ltr'>hasce</span> <span class='ocrx_word' id='word_1_234' title='bbox 2054 1065 2087 1094; x_wconf 87' lang='lat' dir='ltr'>ad</span> <span class='ocrx_word' id='word_1_235' title='bbox 2095 1068 2276 1096; x_wconf 69' lang='lat' dir='ltr'>Serenitatem</span> <span class='ocrx_word' id='word_1_236' title='bbox 2292 1068 2416 1108; x_wconf 82' lang='lat' dir='ltr'>vestram</span> 
     </span>
     <span class='ocr_line' id='line_1_24' title="bbox 1344 1102 2419 1145; baseline 0 -9"><span class='ocrx_word' id='word_1_237' title='bbox 1344 1105 1425 1144; x_wconf 89' lang='lat' dir='ltr'>dare,</span> <span class='ocrx_word' id='word_1_238' title='bbox 1444 1105 1546 1143; x_wconf 82' lang='lat' dir='ltr'>quibus</span> <span class='ocrx_word' id='word_1_239' title='bbox 1558 1105 1682 1135; x_wconf 80' lang='lat' dir='ltr'>fraterne</span> <span class='ocrx_word' id='word_1_240' title='bbox 1698 1105 1732 1136; x_wconf 90' lang='lat'>&amp;</span> <span class='ocrx_word' id='word_1_241' title='bbox 1749 1102 1940 1134; x_wconf 74' lang='lat' dir='ltr'>amantissime</span> <span class='ocrx_word' id='word_1_242' title='bbox 1951 1103 1988 1133; x_wconf 86' lang='lat' dir='ltr'>ab</span> <span class='ocrx_word' id='word_1_243' title='bbox 2002 1103 2102 1134; x_wconf 85' lang='lat' dir='ltr'>eadem</span> <span class='ocrx_word' id='word_1_244' title='bbox 2116 1103 2306 1145; x_wconf 86' lang='lat' dir='ltr'>postulamus,</span> <span class='ocrx_word' id='word_1_245' title='bbox 2325 1109 2419 1140; x_wconf 81' lang='lat' dir='ltr'>utsuis</span> 
     </span>
     <span class='ocr_line' id='line_1_25' title="bbox 1344 1141 2416 1181; baseline 0.003 -6"><span class='ocrx_word' id='word_1_246' title='bbox 1344 1146 1417 1175; x_wconf 79' lang='lat' dir='ltr'>serio</span> <span class='ocrx_word' id='word_1_247' title='bbox 1436 1154 1468 1175; x_wconf 89' lang='lat' dir='ltr'>ac</span> <span class='ocrx_word' id='word_1_248' title='bbox 1485 1143 1577 1174; x_wconf 76' lang='lat' dir='ltr'>severe</span> <span class='ocrx_word' id='word_1_249' title='bbox 1595 1143 1726 1181; x_wconf 87' lang='lat' dir='ltr'>mandet,</span> <span class='ocrx_word' id='word_1_250' title='bbox 1744 1141 1870 1180; x_wconf 76' lang='lat' dir='ltr'>nedum,</span> <span class='ocrx_word' id='word_1_251' title='bbox 1887 1141 1958 1172; x_wconf 88' lang='lat' dir='ltr'>dum</span> <span class='ocrx_word' id='word_1_252' title='bbox 1975 1142 2046 1173; x_wconf 91' lang='lat' dir='ltr'>inter</span> <span class='ocrx_word' id='word_1_253' title='bbox 2064 1141 2133 1173; x_wconf 88' lang='lat' dir='ltr'>Nos</span> <span class='ocrx_word' id='word_1_254' title='bbox 2156 1143 2249 1174; x_wconf 86' lang='lat' dir='ltr'>amica</span> <span class='ocrx_word' id='word_1_255' title='bbox 2263 1144 2416 1178; x_wconf 64' lang='lat' dir='ltr'>Tractatio</span> 
     </span>
     <span class='ocr_line' id='line_1_26' title="bbox 1344 1180 2418 1222; baseline 0.002 -8"><span class='ocrx_word' id='word_1_256' title='bbox 1344 1185 1478 1222; x_wconf 74' lang='lat' dir='ltr'>quaeritur</span> <span class='ocrx_word' id='word_1_257' title='bbox 1492 1183 1525 1213; x_wconf 62' lang='grc' dir='ltr'>ἃ</span> <span class='ocrx_word' id='word_1_258' title='bbox 1542 1181 1713 1219; x_wconf 85' lang='lat' dir='ltr'>instituitur,</span> <span class='ocrx_word' id='word_1_259' title='bbox 1731 1180 1844 1219; x_wconf 88' lang='lat' dir='ltr'>quidvis</span> <span class='ocrx_word' id='word_1_260' title='bbox 1857 1181 1976 1219; x_wconf 48' lang='lat' dir='ltr'>piratici:</span> <span class='ocrx_word' id='word_1_261' title='bbox 1991 1182 2006 1210; x_wconf 75' lang='lat' dir='ltr'>a</span> <span class='ocrx_word' id='word_1_262' title='bbox 2020 1180 2074 1211; x_wconf 86' lang='lat' dir='ltr'>suis</span> <span class='ocrx_word' id='word_1_263' title='bbox 2093 1182 2122 1211; x_wconf 91' lang='lat' dir='ltr'>in</span> <span class='ocrx_word' id='word_1_264' title='bbox 2144 1181 2257 1212; x_wconf 91' lang='lat' dir='ltr'>nostros</span> <span class='ocrx_word' id='word_1_265' title='bbox 2278 1187 2418 1218; x_wconf 90' lang='lat' dir='ltr'>commit-</span> 
     </span>
     <span class='ocr_line' id='line_1_27' title="bbox 1345 1218 2420 1262; baseline -0.003 -10"><span class='ocrx_word' id='word_1_266' title='bbox 1345 1231 1419 1253; x_wconf 86' lang='lat' dir='ltr'>tatur</span> <span class='ocrx_word' id='word_1_267' title='bbox 1429 1244 1438 1260; x_wconf 85' lang='lat'>,</span> <span class='ocrx_word' id='word_1_268' title='bbox 1454 1221 1499 1251; x_wconf 88' lang='lat' dir='ltr'>sed</span> <span class='ocrx_word' id='word_1_269' title='bbox 1514 1229 1564 1258; x_wconf 87' lang='lat' dir='ltr'>ut,</span> <span class='ocrx_word' id='word_1_270' title='bbox 1580 1219 1684 1257; x_wconf 84' lang='lat' dir='ltr'>absque</span> <span class='ocrx_word' id='word_1_271' title='bbox 1698 1219 1758 1250; x_wconf 89' lang='lat' dir='ltr'>ullo</span> <span class='ocrx_word' id='word_1_272' title='bbox 1769 1218 1878 1258; x_wconf 87' lang='lat' dir='ltr'>Judicii</span> <span class='ocrx_word' id='word_1_273' title='bbox 1893 1218 2022 1257; x_wconf 88' lang='lat' dir='ltr'>strepitu,</span> <span class='ocrx_word' id='word_1_274' title='bbox 2040 1218 2166 1250; x_wconf 89' lang='lat' dir='ltr'>Subditis</span> <span class='ocrx_word' id='word_1_275' title='bbox 2181 1219 2281 1250; x_wconf 83' lang='lat' dir='ltr'>nostris</span> <span class='ocrx_word' id='word_1_276' title='bbox 2294 1223 2372 1262; x_wconf 80' lang='lat' dir='ltr'>quod</span> <span class='ocrx_word' id='word_1_277' title='bbox 2386 1225 2420 1255; x_wconf 76' lang='lat' dir='ltr'>fl.</span> 
     </span>
     <span class='ocr_line' id='line_1_28' title="bbox 1346 1257 2419 1298; baseline -0.003 -7"><span class='ocrx_word' id='word_1_278' title='bbox 1346 1261 1378 1291; x_wconf 92' lang='lat' dir='ltr'>lis</span> <span class='ocrx_word' id='word_1_279' title='bbox 1396 1271 1444 1298; x_wconf 87' lang='lat' dir='ltr'>per</span> <span class='ocrx_word' id='word_1_280' title='bbox 1459 1259 1538 1297; x_wconf 72' lang='lat' dir='ltr'>su03,</span> <span class='ocrx_word' id='word_1_281' title='bbox 1553 1259 1612 1290; x_wconf 85' lang='lat' dir='ltr'>five</span> <span class='ocrx_word' id='word_1_282' title='bbox 1629 1257 1790 1289; x_wconf 84' lang='lat' dir='ltr'>Claffiarios</span> <span class='ocrx_word' id='word_1_283' title='bbox 1806 1257 1863 1288; x_wconf 88' lang='lat' dir='ltr'>sive</span> <span class='ocrx_word' id='word_1_284' title='bbox 1877 1258 1962 1294; x_wconf 82' lang='lat' dir='ltr'>alios,</span> <span class='ocrx_word' id='word_1_285' title='bbox 1980 1266 2028 1297; x_wconf 88' lang='lat' dir='ltr'>per</span> <span class='ocrx_word' id='word_1_286' title='bbox 2044 1257 2112 1288; x_wconf 86' lang='lat' dir='ltr'>Vim</span> <span class='ocrx_word' id='word_1_287' title='bbox 2129 1259 2162 1289; x_wconf 89' lang='lat'>&amp;</span> <span class='ocrx_word' id='word_1_288' title='bbox 2185 1257 2320 1297; x_wconf 90' lang='lat' dir='ltr'>Injuriam</span> <span class='ocrx_word' id='word_1_289' title='bbox 2342 1262 2419 1293; x_wconf 79' lang='lat' dir='ltr'>abla-</span> 
     </span>
     <span class='ocr_line' id='line_1_29' title="bbox 1347 1294 2420 1339; baseline -0.004 -9"><span class='ocrx_word' id='word_1_290' title='bbox 1347 1308 1411 1330; x_wconf 85' lang='lat' dir='ltr'>tum</span> <span class='ocrx_word' id='word_1_291' title='bbox 1428 1300 1460 1330; x_wconf 91' lang='lat'>&amp;</span> <span class='ocrx_word' id='word_1_292' title='bbox 1478 1305 1606 1336; x_wconf 87' lang='lat' dir='ltr'>ereptum</span> <span class='ocrx_word' id='word_1_293' title='bbox 1624 1296 1682 1335; x_wconf 82' lang='lat' dir='ltr'>est,</span> <span class='ocrx_word' id='word_1_294' title='bbox 1698 1306 1768 1327; x_wconf 89' lang='lat' dir='ltr'>cum</span> <span class='ocrx_word' id='word_1_295' title='bbox 1786 1297 1870 1326; x_wconf 91' lang='lat' dir='ltr'>omni</span> <span class='ocrx_word' id='word_1_296' title='bbox 1886 1294 1976 1326; x_wconf 72' lang='lat' dir='ltr'>Causa</span> <span class='ocrx_word' id='word_1_297' title='bbox 1992 1295 2116 1326; x_wconf 84' lang='lat' dir='ltr'>Damno</span> <span class='ocrx_word' id='word_1_298' title='bbox 2139 1297 2173 1328; x_wconf 89' lang='lat'>&amp;</span> <span class='ocrx_word' id='word_1_299' title='bbox 2188 1296 2340 1339; x_wconf 71' lang='lat' dir='ltr'>Interesse,</span> <span class='ocrx_word' id='word_1_300' title='bbox 2358 1301 2420 1339; x_wconf 84' lang='lat' dir='ltr'>ple.</span> 
     </span>
     <span class='ocr_line' id='line_1_30' title="bbox 1348 1334 2418 1375; baseline 0 -8"><span class='ocrx_word' id='word_1_301' title='bbox 1348 1339 1386 1367; x_wconf 78' lang='lat' dir='ltr'>ne</span> <span class='ocrx_word' id='word_1_302' title='bbox 1404 1338 1513 1375; x_wconf 75' lang='lat' dir='ltr'>integre</span> <span class='ocrx_word' id='word_1_303' title='bbox 1531 1336 1564 1367; x_wconf 89' lang='lat'>&amp;</span> <span class='ocrx_word' id='word_1_304' title='bbox 1579 1335 1752 1366; x_wconf 78' lang='lat' dir='ltr'>fiifficienter</span> <span class='ocrx_word' id='word_1_305' title='bbox 1768 1334 1943 1373; x_wconf 79' lang='lat' dir='ltr'>restituatur3</span> <span class='ocrx_word' id='word_1_306' title='bbox 1959 1343 2013 1365; x_wconf 90' lang='lat' dir='ltr'>nec</span> <span class='ocrx_word' id='word_1_307' title='bbox 2026 1336 2174 1373; x_wconf 76' lang='lat' dir='ltr'>tantopere</span> <span class='ocrx_word' id='word_1_308' title='bbox 2190 1335 2224 1366; x_wconf 89' lang='lat'>&amp;</span> <span class='ocrx_word' id='word_1_309' title='bbox 2237 1338 2322 1368; x_wconf 85' lang='lat' dir='ltr'>toties</span> <span class='ocrx_word' id='word_1_310' title='bbox 2335 1340 2418 1371; x_wconf 83' lang='lat' dir='ltr'>laces-</span> 
     </span>
     <span class='ocr_line' id='line_1_31' title="bbox 1349 1373 2420 1411; baseline -0.001 -6"><span class='ocrx_word' id='word_1_311' title='bbox 1349 1375 1390 1406; x_wconf 81' lang='lat' dir='ltr'>siti</span> <span class='ocrx_word' id='word_1_312' title='bbox 1410 1374 1613 1406; x_wconf 89' lang='lat' dir='ltr'>Mercatorum</span> <span class='ocrx_word' id='word_1_313' title='bbox 1633 1373 1860 1405; x_wconf 89' lang='lat' dir='ltr'>Londinenfium</span> <span class='ocrx_word' id='word_1_314' title='bbox 1884 1373 2021 1404; x_wconf 79' lang='lat' dir='ltr'>societati</span> <span class='ocrx_word' id='word_1_315' title='bbox 2039 1382 2129 1411; x_wconf 87' lang='lat' dir='ltr'>nuper</span> <span class='ocrx_word' id='word_1_316' title='bbox 2149 1374 2330 1407; x_wconf 85' lang='lat' dir='ltr'>denunciatas</span> <span class='ocrx_word' id='word_1_317' title='bbox 2358 1377 2420 1409; x_wconf 83' lang='lat' dir='ltr'>Mi.</span> 
     </span>
     <span class='ocr_line' id='line_1_32' title="bbox 1348 1412 2418 1455; baseline 0.002 -11"><span class='ocrx_word' id='word_1_318' title='bbox 1348 1424 1415 1452; x_wconf 80' lang='lat' dir='ltr'>nas,</span> <span class='ocrx_word' id='word_1_319' title='bbox 1434 1423 1463 1444; x_wconf 92' lang='lat' dir='ltr'>re</span> <span class='ocrx_word' id='word_1_320' title='bbox 1479 1414 1514 1445; x_wconf 91' lang='lat'>&amp;</span> <span class='ocrx_word' id='word_1_321' title='bbox 1530 1414 1621 1452; x_wconf 61' lang='grc' dir='ltr'>Εεέῒο,</span> <span class='ocrx_word' id='word_1_322' title='bbox 1638 1413 1820 1452; x_wconf 87' lang='lat' dir='ltr'>quantumvis</span> <span class='ocrx_word' id='word_1_323' title='bbox 1839 1412 1941 1450; x_wconf 87' lang='lat' dir='ltr'>inviti,</span> <span class='ocrx_word' id='word_1_324' title='bbox 1959 1413 2059 1451; x_wconf 81' lang='lat' dir='ltr'>exequi</span> <span class='ocrx_word' id='word_1_325' title='bbox 2076 1419 2173 1444; x_wconf 87' lang='lat' dir='ltr'>tamen</span> <span class='ocrx_word' id='word_1_326' title='bbox 2188 1422 2346 1455; x_wconf 85' lang='lat' dir='ltr'>cogamur,</span> <span class='ocrx_word' id='word_1_327' title='bbox 2364 1426 2418 1449; x_wconf 88' lang='lat' dir='ltr'>nec</span> 
     </span>
     <span class='ocr_line' id='line_1_33' title="bbox 1349 1450 2419 1492; baseline 0.004 -9"><span class='ocrx_word' id='word_1_328' title='bbox 1349 1462 1412 1484; x_wconf 91' lang='lat' dir='ltr'>non</span> <span class='ocrx_word' id='word_1_329' title='bbox 1427 1451 1610 1492; x_wconf 73' lang='lat' dir='ltr'>Magistratus</span> <span class='ocrx_word' id='word_1_330' title='bbox 1624 1453 1734 1483; x_wconf 84' lang='lat' dir='ltr'>ratione</span> <span class='ocrx_word' id='word_1_331' title='bbox 1749 1450 1862 1482; x_wconf 89' lang='lat' dir='ltr'>nostros</span> <span class='ocrx_word' id='word_1_332' title='bbox 1877 1450 2019 1490; x_wconf 84' lang='lat' dir='ltr'>deserere,</span> <span class='ocrx_word' id='word_1_333' title='bbox 2035 1452 2069 1483; x_wconf 92' lang='lat'>&amp;</span> <span class='ocrx_word' id='word_1_334' title='bbox 2085 1459 2115 1481; x_wconf 91' lang='lat' dir='ltr'>ut</span> <span class='ocrx_word' id='word_1_335' title='bbox 2132 1452 2148 1481; x_wconf 69' lang='lat' dir='ltr'>a</span> <span class='ocrx_word' id='word_1_336' title='bbox 2163 1450 2272 1491; x_wconf 82' lang='lat' dir='ltr'>Pyratis</span> <span class='ocrx_word' id='word_1_337' title='bbox 2286 1452 2345 1487; x_wconf 86' lang='lat' dir='ltr'>istis</span> <span class='ocrx_word' id='word_1_338' title='bbox 2357 1455 2419 1487; x_wconf 92' lang='lat' dir='ltr'>for-</span> 
     </span>
     <span class='ocr_line' id='line_1_34' title="bbox 1350 1488 2419 1536; baseline 0.004 -14"><span class='ocrx_word' id='word_1_339' title='bbox 1350 1492 1422 1522; x_wconf 90' lang='lat' dir='ltr'>tunis</span> <span class='ocrx_word' id='word_1_340' title='bbox 1437 1493 1471 1524; x_wconf 89' lang='lat'>&amp;</span> <span class='ocrx_word' id='word_1_341' title='bbox 1485 1491 1682 1536; x_wconf 79' lang='lat' dir='ltr'>facultatibus,</span> <span class='ocrx_word' id='word_1_342' title='bbox 1701 1491 1803 1529; x_wconf 90' lang='lat' dir='ltr'>quibus</span> <span class='ocrx_word' id='word_1_343' title='bbox 1823 1490 1890 1520; x_wconf 85' lang='lat' dir='ltr'>salus</span> <span class='ocrx_word' id='word_1_344' title='bbox 1904 1499 2007 1521; x_wconf 88' lang='lat' dir='ltr'>eorum</span> <span class='ocrx_word' id='word_1_345' title='bbox 2021 1488 2180 1521; x_wconf 86' lang='lat' dir='ltr'>domestica</span> <span class='ocrx_word' id='word_1_346' title='bbox 2197 1493 2331 1532; x_wconf 86' lang='lat' dir='ltr'>vertitur,</span> <span class='ocrx_word' id='word_1_347' title='bbox 2349 1503 2419 1526; x_wconf 77' lang='lat' dir='ltr'>exu—</span> 
     </span>
     <span class='ocr_line' id='line_1_35' title="bbox 1349 1527 2420 1569; baseline 0.002 -9"><span class='ocrx_word' id='word_1_348' title='bbox 1349 1539 1450 1569; x_wconf 82' lang='lat' dir='ltr'>entur,</span> <span class='ocrx_word' id='word_1_349' title='bbox 1468 1531 1572 1561; x_wconf 85' lang='lat' dir='ltr'>diutius</span> <span class='ocrx_word' id='word_1_350' title='bbox 1586 1532 1743 1562; x_wconf 84' lang='lat' dir='ltr'>connivere</span> <span class='ocrx_word' id='word_1_351' title='bbox 1756 1527 1922 1567; x_wconf 77' lang='lat' dir='ltr'>possumus3</span> <span class='ocrx_word' id='word_1_352' title='bbox 1941 1529 1978 1559; x_wconf 77' lang='lat' dir='ltr'>ne</span> <span class='ocrx_word' id='word_1_353' title='bbox 1992 1537 2088 1560; x_wconf 88' lang='lat' dir='ltr'>tamen</span> <span class='ocrx_word' id='word_1_354' title='bbox 2104 1530 2320 1562; x_wconf 82' lang='lat' dir='ltr'>extraordinaria</span> <span class='ocrx_word' id='word_1_355' title='bbox 2337 1541 2420 1565; x_wconf 89' lang='lat' dir='ltr'>recu-</span> 
     </span>
     <span class='ocr_line' id='line_1_36' title="bbox 1349 1566 2420 1607; baseline 0.004 -7"><span class='ocrx_word' id='word_1_356' title='bbox 1349 1570 1501 1607; x_wconf 87' lang='lat' dir='ltr'>perationis</span> <span class='ocrx_word' id='word_1_357' title='bbox 1518 1568 1659 1601; x_wconf 89' lang='lat' dir='ltr'>Remedia</span> <span class='ocrx_word' id='word_1_358' title='bbox 1672 1568 1815 1599; x_wconf 87' lang='lat' dir='ltr'>ordinariis</span> <span class='ocrx_word' id='word_1_359' title='bbox 1826 1576 2014 1605; x_wconf 82' lang='lat' dir='ltr'>anteponere,</span> <span class='ocrx_word' id='word_1_360' title='bbox 2031 1566 2160 1606; x_wconf 84' lang='lat' dir='ltr'>Vimque</span> <span class='ocrx_word' id='word_1_361' title='bbox 2176 1568 2213 1599; x_wconf 90' lang='lat' dir='ltr'>Vi</span> <span class='ocrx_word' id='word_1_362' title='bbox 2224 1569 2420 1604; x_wconf 82' lang='lat' dir='ltr'>incontinenti</span> 
     </span>
     <span class='ocr_line' id='line_1_37' title="bbox 1350 1605 2421 1648; baseline -0.004 -9"><span class='ocrx_word' id='word_1_363' title='bbox 1350 1618 1383 1639; x_wconf 90' lang='lat' dir='ltr'>ac</span> <span class='ocrx_word' id='word_1_364' title='bbox 1404 1609 1614 1646; x_wconf 87' lang='lat' dir='ltr'>praecipitanter</span> <span class='ocrx_word' id='word_1_365' title='bbox 1633 1607 1767 1647; x_wconf 86' lang='lat' dir='ltr'>repellere</span> <span class='ocrx_word' id='word_1_366' title='bbox 1780 1606 1851 1638; x_wconf 89' lang='lat' dir='ltr'>velle</span> <span class='ocrx_word' id='word_1_367' title='bbox 1865 1607 2026 1637; x_wconf 81' lang='lat' dir='ltr'>videamur:</span> <span class='ocrx_word' id='word_1_368' title='bbox 2046 1605 2092 1636; x_wconf 86' lang='lat' dir='ltr'>Ac</span> <span class='ocrx_word' id='word_1_369' title='bbox 2110 1615 2141 1638; x_wconf 90' lang='lat' dir='ltr'>ut</span> <span class='ocrx_word' id='word_1_370' title='bbox 2155 1609 2310 1648; x_wconf 81' lang='lat' dir='ltr'>Serenitas,</span> <span class='ocrx_word' id='word_1_371' title='bbox 2330 1620 2421 1648; x_wconf 73' lang='lat' dir='ltr'>quan-</span> 
     </span>
     <span class='ocr_line' id='line_1_38' title="bbox 1349 1645 2420 1687; baseline 0.003 -10"><span class='ocrx_word' id='word_1_372' title='bbox 1349 1655 1412 1677; x_wconf 90' lang='lat' dir='ltr'>tum</span> <span class='ocrx_word' id='word_1_373' title='bbox 1436 1655 1546 1678; x_wconf 85' lang='lat' dir='ltr'>mutuae</span> <span class='ocrx_word' id='word_1_374' title='bbox 1570 1646 1716 1678; x_wconf 83' lang='lat' dir='ltr'>Amicitiae</span> <span class='ocrx_word' id='word_1_375' title='bbox 1736 1645 1842 1677; x_wconf 70' lang='lat' dir='ltr'>nostrae</span> <span class='ocrx_word' id='word_1_376' title='bbox 1863 1646 2039 1683; x_wconf 76' lang='lat' dir='ltr'>tribuamus,</span> <span class='ocrx_word' id='word_1_377' title='bbox 2068 1652 2270 1684; x_wconf 87' lang='lat' dir='ltr'>quantumque</span> <span class='ocrx_word' id='word_1_378' title='bbox 2292 1648 2420 1687; x_wconf 86' lang='lat' dir='ltr'>ejusdem</span> 
     </span>
     <span class='ocr_line' id='line_1_39' title="bbox 1351 1683 2424 1724; baseline 0.005 -9"><span class='ocrx_word' id='word_1_379' title='bbox 1351 1685 1553 1717; x_wconf 70' lang='lat' dir='ltr'>conservandae</span> <span class='ocrx_word' id='word_1_380' title='bbox 1567 1685 1650 1716; x_wconf 68' lang='lat' dir='ltr'>causa</span> <span class='ocrx_word' id='word_1_381' title='bbox 1662 1709 1672 1724; x_wconf 91' lang='lat'>,</span> <span class='ocrx_word' id='word_1_382' title='bbox 1690 1685 1726 1716; x_wconf 92' lang='lat' dir='ltr'>de</span> <span class='ocrx_word' id='word_1_383' title='bbox 1739 1685 1878 1716; x_wconf 77' lang='lat' dir='ltr'>consueto</span> <span class='ocrx_word' id='word_1_384' title='bbox 1895 1685 1923 1714; x_wconf 92' lang='lat' dir='ltr'>in</span> <span class='ocrx_word' id='word_1_385' title='bbox 1938 1683 2076 1722; x_wconf 74' lang='lat' dir='ltr'>ejusmodi</span> <span class='ocrx_word' id='word_1_386' title='bbox 2092 1684 2220 1724; x_wconf 82' lang='lat' dir='ltr'>denegati</span> <span class='ocrx_word' id='word_1_387' title='bbox 2230 1685 2306 1723; x_wconf 89' lang='lat' dir='ltr'>Juris</span> <span class='ocrx_word' id='word_1_388' title='bbox 2316 1688 2424 1720; x_wconf 77' lang='lat' dir='ltr'>casibus</span> 
     </span>
     <span class='ocr_line' id='line_1_40' title="bbox 1349 1722 2425 1769; baseline 0.003 -15"><span class='ocrx_word' id='word_1_389' title='bbox 1349 1724 1482 1769; x_wconf 75' lang='lat' dir='ltr'>processu</span> <span class='ocrx_word' id='word_1_390' title='bbox 1504 1725 1695 1763; x_wconf 85' lang='lat' dir='ltr'>remittamus,</span> <span class='ocrx_word' id='word_1_391' title='bbox 1710 1724 1869 1761; x_wconf 86' lang='lat' dir='ltr'>intelligat,</span> <span class='ocrx_word' id='word_1_392' title='bbox 1887 1724 2089 1753; x_wconf 83' lang='lat' dir='ltr'>executionem</span> <span class='ocrx_word' id='word_1_393' title='bbox 2105 1722 2185 1754; x_wconf 76' lang='lat' dir='ltr'>istam</span> <span class='ocrx_word' id='word_1_394' title='bbox 2209 1723 2425 1758; x_wconf 77' lang='lat' dir='ltr'>Mercatoribus</span> 
     </span>
     <span class='ocr_line' id='line_1_41' title="bbox 1350 1761 2425 1801; baseline 0.004 -8"><span class='ocrx_word' id='word_1_395' title='bbox 1350 1762 1448 1793; x_wconf 84' lang='lat' dir='ltr'>vestris</span> <span class='ocrx_word' id='word_1_396' title='bbox 1461 1773 1552 1801; x_wconf 83' lang='lat' dir='ltr'>nuper</span> <span class='ocrx_word' id='word_1_397' title='bbox 1567 1763 1781 1801; x_wconf 85' lang='lat' dir='ltr'>denuntiatam,</span> <span class='ocrx_word' id='word_1_398' title='bbox 1797 1761 1934 1799; x_wconf 84' lang='lat' dir='ltr'>tantisque</span> <span class='ocrx_word' id='word_1_399' title='bbox 1955 1761 2151 1800; x_wconf 85' lang='lat' dir='ltr'>suspendemus</span> <span class='ocrx_word' id='word_1_400' title='bbox 2165 1761 2260 1793; x_wconf 89' lang='lat' dir='ltr'>donec</span> <span class='ocrx_word' id='word_1_401' title='bbox 2277 1763 2315 1793; x_wconf 90' lang='lat' dir='ltr'>de</span> <span class='ocrx_word' id='word_1_402' title='bbox 2335 1766 2425 1797; x_wconf 86' lang='lat' dir='ltr'>ratio-</span> 
     </span>
     <span class='ocr_line' id='line_1_42' title="bbox 1350 1799 2422 1847; baseline -0.006 -14"><span class='ocrx_word' id='word_1_403' title='bbox 1350 1812 1386 1847; x_wconf 78' lang='lat' dir='ltr'>ne</span> <span class='ocrx_word' id='word_1_404' title='bbox 1401 1802 1601 1833; x_wconf 69' lang='lat' dir='ltr'>administratae</span> <span class='ocrx_word' id='word_1_405' title='bbox 1616 1802 1660 1833; x_wconf 93' lang='lat' dir='ltr'>vel</span> <span class='ocrx_word' id='word_1_406' title='bbox 1675 1801 1819 1841; x_wconf 80' lang='lat' dir='ltr'>denegatae</span> <span class='ocrx_word' id='word_1_407' title='bbox 1829 1800 1953 1831; x_wconf 87' lang='lat' dir='ltr'>Subditis</span> <span class='ocrx_word' id='word_1_408' title='bbox 1966 1799 2068 1830; x_wconf 85' lang='lat' dir='ltr'>nostris</span> <span class='ocrx_word' id='word_1_409' title='bbox 2081 1799 2150 1830; x_wconf 87' lang='lat' dir='ltr'>laefis</span> <span class='ocrx_word' id='word_1_410' title='bbox 2167 1800 2200 1830; x_wconf 70' lang='grc' dir='ltr'>ὃ(</span> <span class='ocrx_word' id='word_1_411' title='bbox 2215 1810 2308 1838; x_wconf 85' lang='lat' dir='ltr'>nuper</span> <span class='ocrx_word' id='word_1_412' title='bbox 2321 1801 2422 1841; x_wconf 74' lang='lat' dir='ltr'>spolia-</span> 
     </span>
     <span class='ocr_line' id='line_1_43' title="bbox 1350 1837 2424 1879; baseline 0.004 -9"><span class='ocrx_word' id='word_1_413' title='bbox 1350 1850 1385 1871; x_wconf 84' lang='lat' dir='ltr'>tis</span> <span class='ocrx_word' id='word_1_414' title='bbox 1396 1840 1538 1879; x_wconf 83' lang='lat' dir='ltr'>Justitiae,</span> <span class='ocrx_word' id='word_1_415' title='bbox 1556 1850 1606 1879; x_wconf 90' lang='lat' dir='ltr'>per</span> <span class='ocrx_word' id='word_1_416' title='bbox 1621 1841 1699 1871; x_wconf 87' lang='lat' dir='ltr'>hunc</span> <span class='ocrx_word' id='word_1_417' title='bbox 1716 1838 1929 1870; x_wconf 87' lang='lat' dir='ltr'>Mandatarium</span> <span class='ocrx_word' id='word_1_418' title='bbox 1939 1837 2083 1876; x_wconf 86' lang='lat' dir='ltr'>ipsorum,</span> <span class='ocrx_word' id='word_1_419' title='bbox 2101 1839 2149 1875; x_wconf 86' lang='lat' dir='ltr'>qui</span> <span class='ocrx_word' id='word_1_420' title='bbox 2163 1838 2243 1869; x_wconf 83' lang='lat' dir='ltr'>hasce</span> <span class='ocrx_word' id='word_1_421' title='bbox 2255 1839 2343 1879; x_wconf 85' lang='lat' dir='ltr'>feret,</span> <span class='ocrx_word' id='word_1_422' title='bbox 2361 1851 2424 1873; x_wconf 89' lang='lat' dir='ltr'>cer-</span> 
     </span>
     <span class='ocr_line' id='line_1_44' title="bbox 1350 1876 2403 1917; baseline 0.001 -7"><span class='ocrx_word' id='word_1_423' title='bbox 1350 1881 1436 1910; x_wconf 82' lang='lat' dir='ltr'>tiores</span> <span class='ocrx_word' id='word_1_424' title='bbox 1450 1879 1619 1916; x_wconf 82' lang='lat' dir='ltr'>reddamurz,</span> <span class='ocrx_word' id='word_1_425' title='bbox 1635 1888 1669 1909; x_wconf 79' lang='lat' dir='ltr'>ex</span> <span class='ocrx_word' id='word_1_426' title='bbox 1683 1879 1743 1917; x_wconf 87' lang='lat' dir='ltr'>ejus</span> <span class='ocrx_word' id='word_1_427' title='bbox 1757 1886 1880 1915; x_wconf 85' lang='lat' dir='ltr'>namque</span> <span class='ocrx_word' id='word_1_428' title='bbox 1907 1877 2043 1907; x_wconf 70' lang='lat' dir='ltr'>relatione</span> <span class='ocrx_word' id='word_1_429' title='bbox 2066 1876 2134 1914; x_wconf 80' lang='lat' dir='ltr'>quid</span> <span class='ocrx_word' id='word_1_430' title='bbox 2158 1876 2238 1908; x_wconf 66' lang='lat' dir='ltr'>facCto</span> <span class='ocrx_word' id='word_1_431' title='bbox 2259 1888 2332 1916; x_wconf 90' lang='lat' dir='ltr'>opus</span> <span class='ocrx_word' id='word_1_432' title='bbox 2351 1882 2403 1912; x_wconf 91' lang='lat' dir='ltr'>erit</span> 
     </span>
     <span class='ocr_line' id='line_1_45' title="bbox 1350 1905 2423 1957; baseline 0.003 -9"><span class='ocrx_word' id='word_1_433' title='bbox 1350 1918 1460 1957; x_wconf 77' lang='lat' dir='ltr'>liquido</span> <span class='ocrx_word' id='word_1_434' title='bbox 1475 1918 1574 1949; x_wconf 88' lang='lat' dir='ltr'>Nobis</span> <span class='ocrx_word' id='word_1_435' title='bbox 1582 1917 1740 1957; x_wconf 74' lang='lat' dir='ltr'>constabit3</span> <span class='ocrx_word' id='word_1_436' title='bbox 1756 1925 1856 1947; x_wconf 77' lang='lat' dir='ltr'>caetera</span> <span class='ocrx_word' id='word_1_437' title='bbox 1871 1917 1960 1954; x_wconf 78' lang='lat' dir='ltr'>vero,</span> <span class='ocrx_word' id='word_1_438' title='bbox 1976 1925 2040 1954; x_wconf 73' lang='lat' dir='ltr'>quze</span> <span class='ocrx_word' id='word_1_439' title='bbox 2049 1915 2229 1947; x_wconf 79' lang='lat' dir='ltr'>Privatorum</span> <span class='ocrx_word' id='word_1_440' title='bbox 2247 1916 2341 1949; x_wconf 74' lang='lat' dir='ltr'>Causa</span> <span class='ocrx_word' id='word_1_441' title='bbox 2352 1905 2423 1951; x_wconf 53' lang='lat' dir='ltr'>hacl</span> 
     </span>
     <span class='ocr_line' id='line_1_46' title="bbox 1350 1954 2423 1997; baseline 0 -9"><span class='ocrx_word' id='word_1_442' title='bbox 1350 1965 1431 1988; x_wconf 85' lang='lat' dir='ltr'>tenus</span> <span class='ocrx_word' id='word_1_443' title='bbox 1459 1958 1532 1987; x_wconf 87' lang='lat' dir='ltr'>inter</span> <span class='ocrx_word' id='word_1_444' title='bbox 1548 1956 1618 1987; x_wconf 86' lang='lat' dir='ltr'>Nos</span> <span class='ocrx_word' id='word_1_445' title='bbox 1639 1956 1822 1988; x_wconf 82' lang='lat' dir='ltr'>controversa</span> <span class='ocrx_word' id='word_1_446' title='bbox 1846 1954 1923 1985; x_wconf 81' lang='lat' dir='ltr'>suere</span> <span class='ocrx_word' id='word_1_447' title='bbox 1942 1956 1974 1986; x_wconf 88' lang='lat'>&amp;</span> <span class='ocrx_word' id='word_1_448' title='bbox 1991 1955 2051 1985; x_wconf 60' lang='lat' dir='ltr'>sint</span> <span class='ocrx_word' id='word_1_449' title='bbox 2073 1956 2101 1984; x_wconf 91' lang='lat' dir='ltr'>in</span> <span class='ocrx_word' id='word_1_450' title='bbox 2127 1955 2223 1984; x_wconf 86' lang='lat' dir='ltr'>futuro</span> <span class='ocrx_word' id='word_1_451' title='bbox 2247 1955 2423 1997; x_wconf 80' lang='lat' dir='ltr'>Convenm,</span> 
     </span>
     <span class='ocr_line' id='line_1_47' title="bbox 1351 1993 2424 2035; baseline 0.001 -9"><span class='ocrx_word' id='word_1_452' title='bbox 1351 1996 1428 2035; x_wconf 91' lang='lat' dir='ltr'>quod</span> <span class='ocrx_word' id='word_1_453' title='bbox 1446 1998 1521 2027; x_wconf 79' lang='lat' dir='ltr'>Deus</span> <span class='ocrx_word' id='word_1_454' title='bbox 1535 1998 1601 2035; x_wconf 88' lang='lat' dir='ltr'>Opt.</span> <span class='ocrx_word' id='word_1_455' title='bbox 1615 1998 1700 2025; x_wconf 85' lang='lat' dir='ltr'>Max.</span> <span class='ocrx_word' id='word_1_456' title='bbox 1715 1996 1800 2033; x_wconf 74' lang='lat' dir='ltr'>faxit,</span> <span class='ocrx_word' id='word_1_457' title='bbox 1818 1994 1941 2024; x_wconf 79' lang='lat' dir='ltr'>similiter</span> <span class='ocrx_word' id='word_1_458' title='bbox 1955 2003 1988 2024; x_wconf 85' lang='lat' dir='ltr'>ex</span> <span class='ocrx_word' id='word_1_459' title='bbox 2002 2002 2089 2031; x_wconf 72' lang='lat' dir='ltr'>aequo</span> <span class='ocrx_word' id='word_1_460' title='bbox 2104 1994 2137 2024; x_wconf 69' lang='grc' dir='ltr'>ὃ(</span> <span class='ocrx_word' id='word_1_461' title='bbox 2152 1993 2231 2023; x_wconf 80' lang='lat' dir='ltr'>bono</span> <span class='ocrx_word' id='word_1_462' title='bbox 2243 1994 2325 2032; x_wconf 86' lang='lat' dir='ltr'>justis</span> <span class='ocrx_word' id='word_1_463' title='bbox 2333 1999 2424 2027; x_wconf 70' lang='lat' dir='ltr'>utrin-</span> 
     </span>
     <span class='ocr_line' id='line_1_48' title="bbox 1352 2032 2424 2073; baseline 0.001 -8"><span class='ocrx_word' id='word_1_464' title='bbox 1352 2044 1409 2073; x_wconf 86' lang='lat' dir='ltr'>que</span> <span class='ocrx_word' id='word_1_465' title='bbox 1423 2033 1648 2065; x_wconf 83' lang='lat' dir='ltr'>Conditionibus</span> <span class='ocrx_word' id='word_1_466' title='bbox 1663 2034 1858 2072; x_wconf 85' lang='lat' dir='ltr'>compositum</span> <span class='ocrx_word' id='word_1_467' title='bbox 1873 2033 1905 2062; x_wconf 84' lang='lat' dir='ltr'>iri</span> <span class='ocrx_word' id='word_1_468' title='bbox 1921 2032 2106 2063; x_wconf 87' lang='lat' dir='ltr'>nihilominus</span> <span class='ocrx_word' id='word_1_469' title='bbox 2128 2032 2318 2071; x_wconf 76' lang='lat' dir='ltr'>confidimusz,</span> <span class='ocrx_word' id='word_1_470' title='bbox 2338 2036 2424 2066; x_wconf 91' lang='lat' dir='ltr'>inter-</span> 
     </span>
     <span class='ocr_line' id='line_1_49' title="bbox 1350 2070 2421 2112; baseline 0 -7"><span class='ocrx_word' id='word_1_471' title='bbox 1350 2084 1400 2111; x_wconf 77' lang='lat' dir='ltr'>ea,</span> <span class='ocrx_word' id='word_1_472' title='bbox 1416 2083 1604 2112; x_wconf 83' lang='lat' dir='ltr'>quaecumque</span> <span class='ocrx_word' id='word_1_473' title='bbox 1624 2075 1773 2103; x_wconf 74' lang='lat' dir='ltr'>Serenitati</span> <span class='ocrx_word' id='word_1_474' title='bbox 1796 2070 1894 2110; x_wconf 76' lang='lat' dir='ltr'>vestrae</span> <span class='ocrx_word' id='word_1_475' title='bbox 1917 2072 2007 2102; x_wconf 64' lang='lat' dir='ltr'>amica</span> <span class='ocrx_word' id='word_1_476' title='bbox 2030 2079 2104 2110; x_wconf 65' lang='lat' dir='ltr'>grata</span> <span class='ocrx_word' id='word_1_477' title='bbox 2125 2070 2159 2100; x_wconf 68' lang='grc' dir='ltr'>δι’</span> <span class='ocrx_word' id='word_1_478' title='bbox 2180 2081 2296 2109; x_wconf 77' lang='lat' dir='ltr'>accepta</span> <span class='ocrx_word' id='word_1_479' title='bbox 2316 2076 2421 2111; x_wconf 82' lang='lat' dir='ltr'>quovis</span> 
     </span>
     <span class='ocr_line' id='line_1_50' title="bbox 1352 2109 2422 2152; baseline 0 -9"><span class='ocrx_word' id='word_1_480' title='bbox 1352 2122 1480 2152; x_wconf 86' lang='lat' dir='ltr'>tempore</span> <span class='ocrx_word' id='word_1_481' title='bbox 1497 2112 1625 2150; x_wconf 80' lang='lat' dir='ltr'>praestare</span> <span class='ocrx_word' id='word_1_482' title='bbox 1638 2113 1810 2149; x_wconf 78' lang='lat' dir='ltr'>poterimus,</span> <span class='ocrx_word' id='word_1_483' title='bbox 1831 2121 1862 2140; x_wconf 79' lang='lat' dir='ltr'>ea</span> <span class='ocrx_word' id='word_1_484' title='bbox 1878 2110 2002 2140; x_wconf 83' lang='lat' dir='ltr'>fraterno</span> <span class='ocrx_word' id='word_1_485' title='bbox 2017 2119 2049 2139; x_wconf 81' lang='lat' dir='ltr'>ac</span> <span class='ocrx_word' id='word_1_486' title='bbox 2066 2109 2186 2149; x_wconf 88' lang='lat' dir='ltr'>syncero</span> <span class='ocrx_word' id='word_1_487' title='bbox 2208 2112 2305 2140; x_wconf 85' lang='lat' dir='ltr'>animo</span> <span class='ocrx_word' id='word_1_488' title='bbox 2321 2113 2422 2143; x_wconf 88' lang='lat' dir='ltr'>deferi-</span> 
     </span>
     <span class='ocr_line' id='line_1_51' title="bbox 1354 2149 2422 2190; baseline 0.003 -9"><span class='ocrx_word' id='word_1_489' title='bbox 1354 2161 1436 2190; x_wconf 75' lang='lat' dir='ltr'>mus,</span> <span class='ocrx_word' id='word_1_490' title='bbox 1453 2149 1670 2190; x_wconf 79' lang='lat' dir='ltr'>faustiffimaque</span> <span class='ocrx_word' id='word_1_491' title='bbox 1683 2152 1780 2181; x_wconf 83' lang='lat' dir='ltr'>omnia</span> <span class='ocrx_word' id='word_1_492' title='bbox 1795 2149 1888 2181; x_wconf 85' lang='lat' dir='ltr'>eidem</span> <span class='ocrx_word' id='word_1_493' title='bbox 1905 2150 1921 2179; x_wconf 78' lang='grc' dir='ltr'>Ξι</span> <span class='ocrx_word' id='word_1_494' title='bbox 1935 2151 1996 2178; x_wconf 81' lang='lat' dir='ltr'>Deo</span> <span class='ocrx_word' id='word_1_495' title='bbox 2009 2150 2074 2186; x_wconf 82' lang='lat' dir='ltr'>Opt.</span> <span class='ocrx_word' id='word_1_496' title='bbox 2092 2150 2178 2178; x_wconf 87' lang='lat' dir='ltr'><em>Max.</em></span> <span class='ocrx_word' id='word_1_497' title='bbox 2194 2157 2370 2188; x_wconf 83' lang='lat' dir='ltr'>peramanter</span> <span class='ocrx_word' id='word_1_498' title='bbox 2388 2162 2422 2184; x_wconf 85' lang='lat' dir='ltr'>ac</span> 
     </span>
     <span class='ocr_line' id='line_1_52' title="bbox 1354 2186 2245 2227; baseline -0.006 -6"><span class='ocrx_word' id='word_1_499' title='bbox 1354 2191 1475 2221; x_wconf 77' lang='lat' dir='ltr'>fraterne</span> <span class='ocrx_word' id='word_1_500' title='bbox 1495 2199 1670 2227; x_wconf 83' lang='lat' dir='ltr'>exoptamus.</span> <span class='ocrx_word' id='word_1_501' title='bbox 2242 2186 2245 2188; x_wconf 75' lang='grc'><strong>’</strong></span> 
     </span>
    </p>
   </div>
   <div class='ocr_carea' id='block_1_6' title="bbox 538 538 984 587">
    <p class='ocr_par' dir='ltr' id='par_1_9' title="bbox 538 538 984 587">
     <span class='ocr_line' id='line_1_53' title="bbox 538 538 984 587; baseline -0.02 -7"><span class='ocrx_word' id='word_1_502' title='bbox 538 546 606 580; x_wconf 79' lang='lat' dir='ltr'>Rex</span> <span class='ocrx_word' id='word_1_503' title='bbox 631 544 736 577; x_wconf 79' lang='lat' dir='ltr'>Daniae</span> <span class='ocrx_word' id='word_1_504' title='bbox 759 538 804 574; x_wconf 75' lang='lat' dir='ltr'>ad</span> <span class='ocrx_word' id='word_1_505' title='bbox 825 543 984 587; x_wconf 80' lang='lat' dir='ltr'>Reginam.</span> 
     </span>
    </p>
   </div>
   <div class='ocr_carea' id='block_1_7' title="bbox 231 619 1304 870">
    <p class='ocr_par' dir='ltr' id='par_1_10' title="bbox 231 619 1304 870">
     <span class='ocr_line' id='line_1_54' title="bbox 231 619 1300 671; baseline -0.017 -1"><span class='ocrx_word' id='word_1_506' title='bbox 231 635 362 670; x_wconf 70' lang='lat' dir='ltr'>C&#39;nnr</span> <span class='ocrx_word' id='word_1_507' title='bbox 377 642 584 668; x_wconf 72' lang='grc' dir='ltr'><strong>ςτιΑΝυς</strong></span> <span class='ocrx_word' id='word_1_508' title='bbox 612 632 841 671; x_wconf 78' lang='lat' dir='ltr'>QuAitTus</span> <span class='ocrx_word' id='word_1_509' title='bbox 861 648 872 665; x_wconf 91' lang='lat'>,</span> <span class='ocrx_word' id='word_1_510' title='bbox 914 626 975 659; x_wconf 84' lang='lat' dir='ltr'>Dei</span> <span class='ocrx_word' id='word_1_511' title='bbox 1009 619 1123 657; x_wconf 64' lang='lat' dir='ltr'>Gratia</span> <span class='ocrx_word' id='word_1_512' title='bbox 1142 649 1152 665; x_wconf 88' lang='lat'>,</span> <span class='ocrx_word' id='word_1_513' title='bbox 1185 619 1300 654; x_wconf 85' lang='lat' dir='ltr'>Daniae</span> 
     </span>
     <span class='ocr_line' id='line_1_55' title="bbox 274 670 1301 720; baseline -0.017 -2"><span class='ocrx_word' id='word_1_514' title='bbox 274 686 402 720; x_wconf 82' lang='lat' dir='ltr'>Norwa</span> <span class='ocrx_word' id='word_1_515' title='bbox 430 682 465 716; x_wconf 82' lang='lat' dir='ltr'>iae</span> <span class='ocrx_word' id='word_1_516' title='bbox 497 678 714 714; x_wconf 83' lang='lat' dir='ltr'>Vandalorurn</span> <span class='ocrx_word' id='word_1_517' title='bbox 747 676 993 717; x_wconf 77' lang='lat' dir='ltr'>Gottorumque</span> <span class='ocrx_word' id='word_1_518' title='bbox 1025 673 1060 705; x_wconf 87' lang='lat' dir='ltr'>R</span> <span class='ocrx_word' id='word_1_519' title='bbox 1074 682 1093 704; x_wconf 84' lang='lat' dir='ltr'>E</span> <span class='ocrx_word' id='word_1_520' title='bbox 1104 682 1127 704; x_wconf 83' lang='lat' dir='ltr'>x</span> <span class='ocrx_word' id='word_1_521' title='bbox 1145 693 1156 708; x_wconf 89' lang='lat'><strong>‚</strong></span> <span class='ocrx_word' id='word_1_522' title='bbox 1196 670 1231 710; x_wconf 89' lang='lat' dir='ltr'>D</span> <span class='ocrx_word' id='word_1_523' title='bbox 1245 680 1301 702; x_wconf 81' lang='lat' dir='ltr'>ux</span> 
     </span>
     <span class='ocr_line' id='line_1_56' title="bbox 280 717 1300 768; baseline -0.017 -2"><span class='ocrx_word' id='word_1_524' title='bbox 280 733 411 768; x_wconf 69' lang='lat' dir='ltr'>slesvici</span> <span class='ocrx_word' id='word_1_525' title='bbox 437 729 593 766; x_wconf 77' lang='lat' dir='ltr'>Holsatiae</span> <span class='ocrx_word' id='word_1_526' title='bbox 615 724 792 762; x_wconf 77' lang='lat' dir='ltr'>Stormariae</span> <span class='ocrx_word' id='word_1_527' title='bbox 816 727 853 762; x_wconf 74' lang='lat'>&amp;⁴</span> <span class='ocrx_word' id='word_1_528' title='bbox 877 717 1106 762; x_wconf 61' lang='lat' dir='ltr'>Dsthmnfiae,</span> <span class='ocrx_word' id='word_1_529' title='bbox 1133 720 1238 751; x_wconf 79' lang='lat' dir='ltr'>Com</span> <span class='ocrx_word' id='word_1_530' title='bbox 1252 728 1272 750; x_wconf 63' lang='lat' dir='ltr'>r:</span> <span class='ocrx_word' id='word_1_531' title='bbox 1286 728 1300 750; x_wconf 88' lang='lat' dir='ltr'>s</span> 
     </span>
     <span class='ocr_line' id='line_1_57' title="bbox 287 766 1303 826; baseline -0.018 -10"><span class='ocrx_word' id='word_1_532' title='bbox 287 786 319 816; x_wconf 80' lang='lat' dir='ltr'>in</span> <span class='ocrx_word' id='word_1_533' title='bbox 336 779 532 826; x_wconf 82' lang='lat' dir='ltr'>oldenburg</span> <span class='ocrx_word' id='word_1_534' title='bbox 559 781 592 811; x_wconf 88' lang='lat'>&amp;</span> <span class='ocrx_word' id='word_1_535' title='bbox 604 770 849 815; x_wconf 87' lang='lat' dir='ltr'>Delmenhorst‚</span> <span class='ocrx_word' id='word_1_536' title='bbox 877 766 1058 812; x_wconf 76' lang='lat' dir='ltr'>Seremffimae</span> <span class='ocrx_word' id='word_1_537' title='bbox 1072 770 1205 813; x_wconf 84' lang='lat' dir='ltr'>Principi</span> <span class='ocrx_word' id='word_1_538' title='bbox 1227 766 1303 799; x_wconf 90' lang='lat' dir='ltr'>Do-</span> 
     </span>
     <span class='ocr_line' id='line_1_58' title="bbox 283 815 1304 870; baseline -0.017 -5"><span class='ocrx_word' id='word_1_539' title='bbox 283 830 376 866; x_wconf 83' lang='lat' dir='ltr'>minae</span> <span class='ocrx_word' id='word_1_540' title='bbox 402 825 596 863; x_wconf 73' lang='lat' dir='ltr'>Elizabethae</span> <span class='ocrx_word' id='word_1_541' title='bbox 624 823 751 870; x_wconf 80' lang='lat' dir='ltr'>Angliae</span> <span class='ocrx_word' id='word_1_542' title='bbox 780 819 913 853; x_wconf 79' lang='lat' dir='ltr'>Franciae</span> <span class='ocrx_word' id='word_1_543' title='bbox 934 828 1032 864; x_wconf 85' lang='lat' dir='ltr'>atque</span> <span class='ocrx_word' id='word_1_544' title='bbox 1052 815 1218 851; x_wconf 70' lang='lat' dir='ltr'>Hiberniae</span> <span class='ocrx_word' id='word_1_545' title='bbox 1235 815 1304 848; x_wconf 83' lang='lat' dir='ltr'>Re-</span> 
     </span>
    </p>
   </div>
   <div class='ocr_carea' id='block_1_8' title="bbox 274 867 1306 1012">
    <p class='ocr_par' dir='ltr' id='par_1_11' title="bbox 274 867 1306 1012">
     <span class='ocr_line' id='line_1_59' title="bbox 282 867 1303 929; baseline -0.018 -16"><span class='ocrx_word' id='word_1_546' title='bbox 282 881 366 929; x_wconf 78' lang='lat' dir='ltr'>ginae</span> <span class='ocrx_word' id='word_1_547' title='bbox 394 877 479 911; x_wconf 79' lang='lat' dir='ltr'>Fidei</span> <span class='ocrx_word' id='word_1_548' title='bbox 503 875 600 920; x_wconf 71' lang='lat' dir='ltr'>Defert</span> <span class='ocrx_word' id='word_1_549' title='bbox 615 875 706 906; x_wconf 72' lang='lat' dir='ltr'>atrici</span> <span class='ocrx_word' id='word_1_550' title='bbox 724 894 735 909; x_wconf 87' lang='lat'>,</span> <span class='ocrx_word' id='word_1_551' title='bbox 767 869 988 915; x_wconf 71' lang='lat' dir='ltr'>Confimguineae</span> <span class='ocrx_word' id='word_1_552' title='bbox 1011 876 1102 912; x_wconf 78' lang='lat' dir='ltr'>atque</span> <span class='ocrx_word' id='word_1_553' title='bbox 1129 867 1230 898; x_wconf 87' lang='lat' dir='ltr'>Sorori</span> <span class='ocrx_word' id='word_1_554' title='bbox 1252 876 1303 895; x_wconf 85' lang='lat' dir='ltr'>no-</span> 
     </span>
     <span class='ocr_line' id='line_1_60' title="bbox 274 915 1306 974; baseline -0.017 -12"><span class='ocrx_word' id='word_1_555' title='bbox 274 929 343 974; x_wconf 78' lang='lat' dir='ltr'>strae</span> <span class='ocrx_word' id='word_1_556' title='bbox 375 925 551 969; x_wconf 59' lang='lat' dir='ltr'>chari-‹fimae</span> <span class='ocrx_word' id='word_1_557' title='bbox 567 950 577 966; x_wconf 90' lang='lat'>,</span> <span class='ocrx_word' id='word_1_558' title='bbox 610 922 747 956; x_wconf 79' lang='lat' dir='ltr'>Salutem</span> <span class='ocrx_word' id='word_1_559' title='bbox 771 922 808 957; x_wconf 71' lang='lat'>(9-</span> <span class='ocrx_word' id='word_1_560' title='bbox 829 925 1006 964; x_wconf 78' lang='lat' dir='ltr'>perpetuum</span> <span class='ocrx_word' id='word_1_561' title='bbox 1025 915 1187 961; x_wconf 83' lang='lat' dir='ltr'>felicitatis</span> <span class='ocrx_word' id='word_1_562' title='bbox 1209 916 1306 945; x_wconf 78' lang='lat' dir='ltr'>incre·</span> 
     </span>
     <span class='ocr_line' id='line_1_61' title="bbox 286 979 1265 1012; baseline -0.031 -1"><span class='ocrx_word' id='word_1_563' title='bbox 286 986 432 1012; x_wconf 68' lang='lat' dir='ltr'>mentum.</span> <span class='ocrx_word' id='word_1_564' title='bbox 1262 979 1265 981; x_wconf 85' lang='lat'>.</span> 
     </span>
    </p>
   </div>
   <div class='ocr_carea' id='block_1_9' title="bbox 300 1047 1234 1102">
    <p class='ocr_par' dir='ltr' id='par_1_12' title="bbox 300 1047 1234 1102">
     <span class='ocr_line' id='line_1_62' title="bbox 300 1047 1234 1102; baseline -0.017 -8"><span class='ocrx_word' id='word_1_565' title='bbox 300 1061 467 1102; x_wconf 81' lang='lat' dir='ltr'>Sereniffima</span> <span class='ocrx_word' id='word_1_566' title='bbox 485 1062 612 1099; x_wconf 79' lang='lat' dir='ltr'>Princeps</span> <span class='ocrx_word' id='word_1_567' title='bbox 630 1053 841 1095; x_wconf 76' lang='lat' dir='ltr'>Confiznguinea</span> <span class='ocrx_word' id='word_1_568' title='bbox 855 1059 940 1093; x_wconf 80' lang='lat' dir='ltr'>atque</span> <span class='ocrx_word' id='word_1_569' title='bbox 957 1053 1036 1082; x_wconf 90' lang='lat' dir='ltr'>Soror</span> <span class='ocrx_word' id='word_1_570' title='bbox 1055 1047 1234 1089; x_wconf 77' lang='lat' dir='ltr'>Chartffima,</span> 
     </span>
    </p>
   </div>
   <div class='ocr_carea' id='block_1_10' title="bbox 101 1125 1323 2523">
    <p class='ocr_par' dir='ltr' id='par_1_13' title="bbox 240 1125 1313 1554">
     <span class='ocr_line' id='line_1_63' title="bbox 243 1125 1309 1200; baseline -0.016 -28"><span class='ocrx_word' id='word_1_571' title='bbox 243 1138 497 1200; x_wconf 81' lang='lat' dir='ltr'>NUdiustertius</span> <span class='ocrx_word' id='word_1_572' title='bbox 509 1145 574 1175; x_wconf 78' lang='lat' dir='ltr'>quas</span> <span class='ocrx_word' id='word_1_573' title='bbox 584 1157 594 1169; x_wconf 84' lang='lat'>,</span> <span class='ocrx_word' id='word_1_574' title='bbox 609 1135 624 1164; x_wconf 78' lang='lat' dir='ltr'>a</span> <span class='ocrx_word' id='word_1_575' title='bbox 639 1132 734 1170; x_wconf 87' lang='lat' dir='ltr'>Regia</span> <span class='ocrx_word' id='word_1_576' title='bbox 746 1131 791 1162; x_wconf 88' lang='lat' dir='ltr'>sua</span> <span class='ocrx_word' id='word_1_577' title='bbox 814 1128 1009 1162; x_wconf 86' lang='lat' dir='ltr'>Grinwicensi</span> <span class='ocrx_word' id='word_1_578' title='bbox 1024 1131 1135 1159; x_wconf 82' lang='lat' dir='ltr'>Decimo</span> <span class='ocrx_word' id='word_1_579' title='bbox 1156 1125 1234 1166; x_wconf 57' lang='lat' dir='ltr'>sixto</span> <span class='ocrx_word' id='word_1_580' title='bbox 1249 1125 1309 1165; x_wconf 89' lang='lat' dir='ltr'>Ju-</span> 
     </span>
     <span class='ocr_line' id='line_1_64' title="bbox 320 1166 1310 1216; baseline -0.013 -8"><span class='ocrx_word' id='word_1_581' title='bbox 320 1179 367 1216; x_wconf 71' lang='lat' dir='ltr'>lii‚</span> <span class='ocrx_word' id='word_1_582' title='bbox 385 1179 521 1207; x_wconf 83' lang='lat' dir='ltr'>Serenitas</span> <span class='ocrx_word' id='word_1_583' title='bbox 536 1173 628 1214; x_wconf 75' lang='lat' dir='ltr'>vestra</span> <span class='ocrx_word' id='word_1_584' title='bbox 641 1173 675 1203; x_wconf 85' lang='lat' dir='ltr'>ad</span> <span class='ocrx_word' id='word_1_585' title='bbox 684 1171 752 1203; x_wconf 84' lang='lat' dir='ltr'>Nos</span> <span class='ocrx_word' id='word_1_586' title='bbox 769 1178 906 1208; x_wconf 80' lang='lat' dir='ltr'>exararat,</span> <span class='ocrx_word' id='word_1_587' title='bbox 923 1168 1039 1199; x_wconf 73' lang='lat' dir='ltr'>redditae</span> <span class='ocrx_word' id='word_1_588' title='bbox 1053 1168 1135 1197; x_wconf 88' lang='lat' dir='ltr'>nobis</span> <span class='ocrx_word' id='word_1_589' title='bbox 1150 1167 1230 1204; x_wconf 74' lang='lat' dir='ltr'>sunt,</span> <span class='ocrx_word' id='word_1_590' title='bbox 1245 1166 1310 1205; x_wconf 88' lang='lat' dir='ltr'>qui-</span> 
     </span>
     <span class='ocr_line' id='line_1_65' title="bbox 243 1204 1313 1255; baseline -0.013 -8"><span class='ocrx_word' id='word_1_591' title='bbox 243 1218 311 1255; x_wconf 79' lang='lat' dir='ltr'>bus,</span> <span class='ocrx_word' id='word_1_592' title='bbox 329 1220 365 1247; x_wconf 79' lang='lat' dir='ltr'>ne</span> <span class='ocrx_word' id='word_1_593' title='bbox 382 1214 580 1245; x_wconf 79' lang='lat' dir='ltr'>Mercatorum</span> <span class='ocrx_word' id='word_1_594' title='bbox 590 1212 748 1252; x_wconf 80' lang='lat' dir='ltr'>Anglorum</span> <span class='ocrx_word' id='word_1_595' title='bbox 765 1209 880 1246; x_wconf 86' lang='lat' dir='ltr'>Naves,</span> <span class='ocrx_word' id='word_1_596' title='bbox 897 1217 961 1246; x_wconf 84' lang='lat' dir='ltr'>quae</span> <span class='ocrx_word' id='word_1_597' title='bbox 977 1217 1026 1245; x_wconf 87' lang='lat' dir='ltr'>per</span> <span class='ocrx_word' id='word_1_598' title='bbox 1039 1204 1209 1245; x_wconf 79' lang='lat' dir='ltr'>Orefundum</span> <span class='ocrx_word' id='word_1_599' title='bbox 1221 1213 1313 1236; x_wconf 85' lang='lat' dir='ltr'>trans-</span> 
     </span>
     <span class='ocr_line' id='line_1_66' title="bbox 249 1245 1311 1291; baseline -0.011 -6"><span class='ocrx_word' id='word_1_600' title='bbox 249 1257 331 1286; x_wconf 76' lang='lat' dir='ltr'>iturae</span> <span class='ocrx_word' id='word_1_601' title='bbox 351 1254 438 1285; x_wconf 85' lang='lat' dir='ltr'>essent</span> <span class='ocrx_word' id='word_1_602' title='bbox 458 1252 665 1291; x_wconf 84' lang='lat' dir='ltr'>impediantur,</span> <span class='ocrx_word' id='word_1_603' title='bbox 683 1248 930 1288; x_wconf 76' lang='lat' dir='ltr'>quemadmodum</span> <span class='ocrx_word' id='word_1_604' title='bbox 954 1256 1015 1276; x_wconf 91' lang='lat' dir='ltr'>non</span> <span class='ocrx_word' id='word_1_605' title='bbox 1029 1245 1066 1274; x_wconf 86' lang='lat' dir='ltr'>ita</span> <span class='ocrx_word' id='word_1_606' title='bbox 1087 1246 1201 1282; x_wconf 87' lang='lat' dir='ltr'>pridem</span> <span class='ocrx_word' id='word_1_607' title='bbox 1225 1246 1311 1274; x_wconf 87' lang='lat' dir='ltr'>inter-</span> 
     </span>
     <span class='ocr_line' id='line_1_67' title="bbox 250 1281 1312 1330; baseline -0.012 -6"><span class='ocrx_word' id='word_1_608' title='bbox 250 1294 350 1324; x_wconf 71' lang='lat' dir='ltr'>minati</span> <span class='ocrx_word' id='word_1_609' title='bbox 364 1293 487 1329; x_wconf 83' lang='lat' dir='ltr'>fuimus,</span> <span class='ocrx_word' id='word_1_610' title='bbox 507 1299 655 1330; x_wconf 86' lang='lat' dir='ltr'>propterea</span> <span class='ocrx_word' id='word_1_611' title='bbox 668 1288 749 1326; x_wconf 80' lang='lat' dir='ltr'>quod</span> <span class='ocrx_word' id='word_1_612' title='bbox 769 1284 924 1327; x_wconf 77' lang='lat' dir='ltr'>Raynoldus</span> <span class='ocrx_word' id='word_1_613' title='bbox 942 1282 1125 1323; x_wconf 73' lang='lat' dir='ltr'>Simonsbnius</span> <span class='ocrx_word' id='word_1_614' title='bbox 1141 1281 1312 1314; x_wconf 80' lang='lat' dir='ltr'>Haffnienfis</span> 
     </span>
     <span class='ocr_line' id='line_1_68' title="bbox 242 1320 1310 1368; baseline -0.012 -6"><span class='ocrx_word' id='word_1_615' title='bbox 242 1332 378 1362; x_wconf 83' lang='lat' dir='ltr'>Subditus</span> <span class='ocrx_word' id='word_1_616' title='bbox 400 1330 513 1367; x_wconf 86' lang='lat' dir='ltr'>noster,</span> <span class='ocrx_word' id='word_1_617' title='bbox 537 1339 624 1368; x_wconf 86' lang='lat' dir='ltr'>quem</span> <span class='ocrx_word' id='word_1_618' title='bbox 646 1326 798 1367; x_wconf 84' lang='lat' dir='ltr'>Johannes</span> <span class='ocrx_word' id='word_1_619' title='bbox 821 1324 938 1355; x_wconf 84' lang='lat' dir='ltr'>Wardus</span> <span class='ocrx_word' id='word_1_620' title='bbox 955 1322 1162 1354; x_wconf 71' lang='lat' dir='ltr'>Plinmudeni&#39;is</span> <span class='ocrx_word' id='word_1_621' title='bbox 1183 1323 1212 1351; x_wconf 92' lang='lat' dir='ltr'>in</span> <span class='ocrx_word' id='word_1_622' title='bbox 1234 1320 1310 1350; x_wconf 88' lang='lat' dir='ltr'>Mari</span> 
     </span>
     <span class='ocr_line' id='line_1_69' title="bbox 241 1359 1311 1409; baseline -0.012 -8"><span class='ocrx_word' id='word_1_623' title='bbox 241 1380 331 1409; x_wconf 86' lang='lat' dir='ltr'>nuper</span> <span class='ocrx_word' id='word_1_624' title='bbox 353 1369 526 1409; x_wconf 85' lang='lat' dir='ltr'>depraedatus</span> <span class='ocrx_word' id='word_1_625' title='bbox 550 1367 610 1404; x_wconf 90' lang='lat' dir='ltr'>est,</span> <span class='ocrx_word' id='word_1_626' title='bbox 629 1366 720 1403; x_wconf 82' lang='lat' dir='ltr'>Spolii</span> <span class='ocrx_word' id='word_1_627' title='bbox 747 1364 970 1395; x_wconf 86' lang='lat' dir='ltr'>Restitutionem</span> <span class='ocrx_word' id='word_1_628' title='bbox 996 1361 1142 1392; x_wconf 89' lang='lat' dir='ltr'>Plinmudi</span> <span class='ocrx_word' id='word_1_629' title='bbox 1168 1359 1311 1389; x_wconf 87' lang='lat' dir='ltr'>ordinario</span> 
     </span>
     <span class='ocr_line' id='line_1_70' title="bbox 240 1397 1312 1448; baseline -0.012 -8"><span class='ocrx_word' id='word_1_630' title='bbox 240 1410 356 1448; x_wconf 74' lang='lat' dir='ltr'>judicio</span> <span class='ocrx_word' id='word_1_631' title='bbox 371 1410 487 1446; x_wconf 84' lang='lat' dir='ltr'>petitam</span> <span class='ocrx_word' id='word_1_632' title='bbox 503 1406 589 1438; x_wconf 85' lang='lat' dir='ltr'>conse</span> <span class='ocrx_word' id='word_1_633' title='bbox 611 1407 639 1437; x_wconf 89' lang='lat' dir='ltr'>ui</span> <span class='ocrx_word' id='word_1_634' title='bbox 658 1405 824 1442; x_wconf 87' lang='lat' dir='ltr'>neutiquam</span> <span class='ocrx_word' id='word_1_635' title='bbox 840 1401 981 1439; x_wconf 88' lang='lat' dir='ltr'>potuerit,</span> <span class='ocrx_word' id='word_1_636' title='bbox 999 1400 1122 1438; x_wconf 89' lang='lat' dir='ltr'>pluribus</span> <span class='ocrx_word' id='word_1_637' title='bbox 1140 1397 1312 1434; x_wconf 83' lang='lat' dir='ltr'>intercedit,</span> 
     </span>
     <span class='ocr_line' id='line_1_71' title="bbox 243 1416 1310 1484; baseline -0.014 -5"><span class='ocrx_word' id='word_1_638' title='bbox 243 1459 276 1479; x_wconf 78' lang='lat' dir='ltr'>ac</span> <span class='ocrx_word' id='word_1_639' title='bbox 294 1456 392 1478; x_wconf 88' lang='lat' dir='ltr'>totum</span> <span class='ocrx_word' id='word_1_640' title='bbox 407 1447 452 1484; x_wconf 87' lang='lat' dir='ltr'>id,</span> <span class='ocrx_word' id='word_1_641' title='bbox 471 1448 503 1478; x_wconf 90' lang='lat'>&amp;</span> <span class='ocrx_word' id='word_1_642' title='bbox 519 1416 608 1484; x_wconf 62' lang='lat' dir='ltr'>siquid</span> <span class='ocrx_word' id='word_1_643' title='bbox 625 1444 760 1475; x_wconf 84' lang='lat' dir='ltr'>similium</span> <span class='ocrx_word' id='word_1_644' title='bbox 776 1441 818 1472; x_wconf 87' lang='lat' dir='ltr'>est</span> <span class='ocrx_word' id='word_1_645' title='bbox 835 1440 1025 1479; x_wconf 83' lang='lat' dir='ltr'>Qierelarum</span> <span class='ocrx_word' id='word_1_646' title='bbox 1046 1447 1081 1468; x_wconf 82' lang='lat' dir='ltr'>ac</span> <span class='ocrx_word' id='word_1_647' title='bbox 1098 1436 1310 1468; x_wconf 87' lang='lat' dir='ltr'>Gravaminum</span> 
     </span>
     <span class='ocr_line' id='line_1_72' title="bbox 243 1474 1313 1554; baseline -0.012 -38"><span class='ocrx_word' id='word_1_648' title='bbox 243 1488 273 1518; x_wconf 89' lang='lat' dir='ltr'>in</span> <span class='ocrx_word' id='word_1_649' title='bbox 296 1485 471 1554; x_wconf 57' lang='lat' dir='ltr'>Leggtorum</span> <span class='ocrx_word' id='word_1_650' title='bbox 494 1483 704 1520; x_wconf 89' lang='lat' dir='ltr'>Conventum,</span> <span class='ocrx_word' id='word_1_651' title='bbox 725 1482 809 1512; x_wconf 92' lang='lat' dir='ltr'>brevi</span> <span class='ocrx_word' id='word_1_652' title='bbox 829 1480 960 1517; x_wconf 86' lang='lat' dir='ltr'>utrinque</span> <span class='ocrx_word' id='word_1_653' title='bbox 980 1475 1206 1513; x_wconf 84' lang='lat' dir='ltr'>instituendum,</span> <span class='ocrx_word' id='word_1_654' title='bbox 1223 1474 1313 1514; x_wconf 85' lang='lat' dir='ltr'>regeri</span> 
     </span>
    </p>

    <p class='ocr_par' dir='ltr' id='par_1_14' title="bbox 101 1534 1323 2523">
     <span class='ocr_line' id='line_1_73' title="bbox 245 1534 412 1556; baseline -0.006 -1"><span class='ocrx_word' id='word_1_655' title='bbox 245 1535 353 1556; x_wconf 89' lang='lat' dir='ltr'>conten</span> <span class='ocrx_word' id='word_1_656' title='bbox 375 1534 412 1555; x_wconf 84' lang='lat' dir='ltr'>it:</span> 
     </span>
     <span class='ocr_line' id='line_1_74' title="bbox 279 1552 1314 1601; baseline -0.013 -7"><span class='ocrx_word' id='word_1_657' title='bbox 279 1564 327 1594; x_wconf 91' lang='lat' dir='ltr'>Ad</span> <span class='ocrx_word' id='word_1_658' title='bbox 344 1573 413 1601; x_wconf 86' lang='lat' dir='ltr'>quas</span> <span class='ocrx_word' id='word_1_659' title='bbox 430 1563 595 1593; x_wconf 80' lang='lat' dir='ltr'>Serenitatis</span> <span class='ocrx_word' id='word_1_660' title='bbox 613 1558 713 1600; x_wconf 80' lang='lat' dir='ltr'>vestrae</span> <span class='ocrx_word' id='word_1_661' title='bbox 728 1558 834 1589; x_wconf 81' lang='lat' dir='ltr'>Literas</span> <span class='ocrx_word' id='word_1_662' title='bbox 847 1565 905 1586; x_wconf 88' lang='lat' dir='ltr'>non</span> <span class='ocrx_word' id='word_1_663' title='bbox 922 1553 1069 1594; x_wconf 86' lang='lat' dir='ltr'>poffumus</span> <span class='ocrx_word' id='word_1_664' title='bbox 1083 1562 1146 1583; x_wconf 88' lang='lat' dir='ltr'>non</span> <span class='ocrx_word' id='word_1_665' title='bbox 1162 1552 1314 1591; x_wconf 85' lang='lat' dir='ltr'>responde-</span> 
     </span>
     <span class='ocr_line' id='line_1_75' title="bbox 243 1591 1313 1640; baseline -0.012 -7"><span class='ocrx_word' id='word_1_666' title='bbox 243 1612 291 1640; x_wconf 84' lang='lat' dir='ltr'>re,</span> <span class='ocrx_word' id='word_1_667' title='bbox 309 1602 434 1633; x_wconf 87' lang='lat' dir='ltr'>alienum</span> <span class='ocrx_word' id='word_1_668' title='bbox 450 1601 531 1631; x_wconf 81' lang='lat' dir='ltr'>valde</span> <span class='ocrx_word' id='word_1_669' title='bbox 546 1610 600 1631; x_wconf 90' lang='lat' dir='ltr'>nec</span> <span class='ocrx_word' id='word_1_670' title='bbox 615 1600 668 1629; x_wconf 82' lang='lat' dir='ltr'>&#39;am</span> <span class='ocrx_word' id='word_1_671' title='bbox 684 1606 795 1627; x_wconf 78' lang='lat' dir='ltr'>novum</span> <span class='ocrx_word' id='word_1_672' title='bbox 814 1593 972 1625; x_wconf 88' lang='lat' dir='ltr'>admodum</span> <span class='ocrx_word' id='word_1_673' title='bbox 991 1593 1024 1623; x_wconf 86' lang='lat'>&amp;</span> <span class='ocrx_word' id='word_1_674' title='bbox 1048 1593 1153 1622; x_wconf 90' lang='lat' dir='ltr'>mirum</span> <span class='ocrx_word' id='word_1_675' title='bbox 1173 1591 1262 1622; x_wconf 89' lang='lat' dir='ltr'>videri</span> <span class='ocrx_word' id='word_1_676' title='bbox 1279 1592 1313 1622; x_wconf 88' lang='lat'>&amp;</span> 
     </span>
     <span class='ocr_line' id='line_1_76' title="bbox 243 1608 1313 1674; baseline -0.011 -2"><span class='ocrx_word' id='word_1_677' title='bbox 243 1641 301 1672; x_wconf 83' lang='lat' dir='ltr'>esse</span> <span class='ocrx_word' id='word_1_678' title='bbox 315 1640 415 1671; x_wconf 89' lang='lat' dir='ltr'>Nobis</span> <span class='ocrx_word' id='word_1_679' title='bbox 433 1639 549 1670; x_wconf 84' lang='lat' dir='ltr'>Damna</span> <span class='ocrx_word' id='word_1_680' title='bbox 563 1640 597 1670; x_wconf 86' lang='lat'>&amp;</span> <span class='ocrx_word' id='word_1_681' title='bbox 609 1608 742 1674; x_wconf 60' lang='lat' dir='ltr'>injurias,</span> <span class='ocrx_word' id='word_1_682' title='bbox 758 1636 773 1664; x_wconf 70' lang='lat' dir='ltr'>a</span> <span class='ocrx_word' id='word_1_683' title='bbox 791 1632 967 1663; x_wconf 88' lang='lat' dir='ltr'>Vestratibus</span> <span class='ocrx_word' id='word_1_684' title='bbox 992 1630 1094 1662; x_wconf 86' lang='lat' dir='ltr'>nostris</span> <span class='ocrx_word' id='word_1_685' title='bbox 1115 1631 1256 1662; x_wconf 85' lang='lat' dir='ltr'>violenter</span> <span class='ocrx_word' id='word_1_686' title='bbox 1280 1630 1313 1660; x_wconf 90' lang='lat' dir='ltr'>il-</span> 
     </span>
     <span class='ocr_line' id='line_1_77' title="bbox 242 1669 1312 1718; baseline -0.012 -7"><span class='ocrx_word' id='word_1_687' title='bbox 242 1680 326 1718; x_wconf 77' lang='lat' dir='ltr'>latas,</span> <span class='ocrx_word' id='word_1_688' title='bbox 343 1680 372 1710; x_wconf 90' lang='lat' dir='ltr'>in</span> <span class='ocrx_word' id='word_1_689' title='bbox 385 1678 494 1709; x_wconf 85' lang='lat' dir='ltr'>Hostes</span> <span class='ocrx_word' id='word_1_690' title='bbox 508 1677 633 1708; x_wconf 87' lang='lat' dir='ltr'>derivare</span> <span class='ocrx_word' id='word_1_691' title='bbox 642 1685 676 1705; x_wconf 87' lang='lat' dir='ltr'>ac</span> <span class='ocrx_word' id='word_1_692' title='bbox 692 1672 840 1704; x_wconf 82' lang='lat' dir='ltr'>transferre</span> <span class='ocrx_word' id='word_1_693' title='bbox 858 1671 946 1707; x_wconf 87' lang='lat' dir='ltr'>velle,</span> <span class='ocrx_word' id='word_1_694' title='bbox 965 1670 1035 1701; x_wconf 74' lang='lat' dir='ltr'>cum</span> <span class='ocrx_word' id='word_1_695' title='bbox 1049 1679 1146 1700; x_wconf 89' lang='lat' dir='ltr'>tamen</span> <span class='ocrx_word' id='word_1_696' title='bbox 1166 1669 1221 1699; x_wconf 92' lang='lat' dir='ltr'>illis</span> <span class='ocrx_word' id='word_1_697' title='bbox 1241 1678 1312 1699; x_wconf 90' lang='lat' dir='ltr'>cum</span> 
     </span>
     <span class='ocr_line' id='line_1_78' title="bbox 244 1707 1313 1751; baseline -0.012 -1"><span class='ocrx_word' id='word_1_698' title='bbox 244 1718 346 1749; x_wconf 84' lang='lat' dir='ltr'>nostris</span> <span class='ocrx_word' id='word_1_699' title='bbox 358 1727 412 1748; x_wconf 87' lang='lat' dir='ltr'>neo</span> <span class='ocrx_word' id='word_1_700' title='bbox 428 1716 529 1747; x_wconf 86' lang='lat' dir='ltr'>nostris</span> <span class='ocrx_word' id='word_1_701' title='bbox 546 1724 613 1746; x_wconf 90' lang='lat' dir='ltr'>curn</span> <span class='ocrx_word' id='word_1_702' title='bbox 629 1714 679 1743; x_wconf 82' lang='lat' dir='ltr'>illis</span> <span class='ocrx_word' id='word_1_703' title='bbox 692 1712 837 1751; x_wconf 86' lang='lat' dir='ltr'>quippiam</span> <span class='ocrx_word' id='word_1_704' title='bbox 852 1709 987 1740; x_wconf 79' lang='lat' dir='ltr'>infestum</span> <span class='ocrx_word' id='word_1_705' title='bbox 997 1732 1006 1746; x_wconf 95' lang='lat'>,</span> <span class='ocrx_word' id='word_1_706' title='bbox 1023 1709 1171 1748; x_wconf 87' lang='lat' dir='ltr'>quippiam</span> <span class='ocrx_word' id='word_1_707' title='bbox 1191 1707 1313 1746; x_wconf 82' lang='lat' dir='ltr'>hostile,</span> 
     </span>
     <span class='ocr_line' id='line_1_79' title="bbox 101 1746 1314 1796; baseline -0.011 -7"><span class='ocrx_word' id='word_1_708' title='bbox 101 1770 119 1788; x_wconf 74' lang='grc' dir='ltr'><strong>ο</strong></span> <span class='ocrx_word' id='word_1_709' title='bbox 133 1770 169 1796; x_wconf 61' lang='lat' dir='ltr'>x*</span> <span class='ocrx_word' id='word_1_710' title='bbox 190 1769 199 1795; x_wconf 85' lang='lat'>1</span> <span class='ocrx_word' id='word_1_711' title='bbox 244 1760 262 1777; x_wconf 65' lang='lat'>*⁶</span> <span class='ocrx_word' id='word_1_712' title='bbox 283 1768 344 1788; x_wconf 89' lang='lat' dir='ltr'>non</span> <span class='ocrx_word' id='word_1_713' title='bbox 362 1755 516 1787; x_wconf 81' lang='lat' dir='ltr'>intercedat</span> <span class='ocrx_word' id='word_1_714' title='bbox 532 1761 578 1784; x_wconf 89' lang='lat' dir='ltr'>aut</span> <span class='ocrx_word' id='word_1_715' title='bbox 597 1760 756 1783; x_wconf 89' lang='lat' dir='ltr'>commune</span> <span class='ocrx_word' id='word_1_716' title='bbox 777 1749 827 1784; x_wconf 84' lang='lat' dir='ltr'>sit,</span> <span class='ocrx_word' id='word_1_717' title='bbox 846 1757 966 1779; x_wconf 82' lang='lat' dir='ltr'>caeteros</span> <span class='ocrx_word' id='word_1_718' title='bbox 985 1758 1046 1779; x_wconf 92' lang='lat' dir='ltr'>non</span> <span class='ocrx_word' id='word_1_719' title='bbox 1064 1748 1254 1786; x_wconf 64' lang='lat' dir='ltr'>attingemus,</span> <span class='ocrx_word' id='word_1_720' title='bbox 1271 1746 1314 1777; x_wconf 90' lang='lat' dir='ltr'>su-</span> 
     </span>
     <span class='ocr_line' id='line_1_80' title="bbox 246 1785 1312 1834; baseline -0.01 -9"><span class='ocrx_word' id='word_1_721' title='bbox 246 1796 389 1834; x_wconf 63' lang='lat' dir='ltr'>praditstus</span> <span class='ocrx_word' id='word_1_722' title='bbox 404 1793 552 1833; x_wconf 84' lang='lat' dir='ltr'>Johannes</span> <span class='ocrx_word' id='word_1_723' title='bbox 574 1791 689 1821; x_wconf 78' lang='lat' dir='ltr'>Wardus</span> <span class='ocrx_word' id='word_1_724' title='bbox 710 1787 921 1820; x_wconf 83' lang='lat' dir='ltr'>Plinmudensis</span> <span class='ocrx_word' id='word_1_725' title='bbox 943 1795 1138 1818; x_wconf 75' lang='lat' dir='ltr'>memoratum</span> <span class='ocrx_word' id='word_1_726' title='bbox 1158 1785 1312 1817; x_wconf 86' lang='lat' dir='ltr'>Subditum</span> 
     </span>
     <span class='ocr_line' id='line_1_81' title="bbox 248 1824 1313 1871; baseline -0.011 -6"><span class='ocrx_word' id='word_1_727' title='bbox 248 1834 418 1871; x_wconf 74' lang='lat' dir='ltr'>Raynoldum</span> <span class='ocrx_word' id='word_1_728' title='bbox 431 1830 626 1871; x_wconf 79' lang='lat' dir='ltr'>Simonflmium</span> <span class='ocrx_word' id='word_1_729' title='bbox 639 1831 668 1859; x_wconf 91' lang='lat' dir='ltr'>in</span> <span class='ocrx_word' id='word_1_730' title='bbox 692 1826 769 1859; x_wconf 86' lang='lat' dir='ltr'>Mari</span> <span class='ocrx_word' id='word_1_731' title='bbox 789 1826 916 1865; x_wconf 84' lang='lat' dir='ltr'>invadit,</span> <span class='ocrx_word' id='word_1_732' title='bbox 933 1826 1045 1865; x_wconf 83' lang='lat' dir='ltr'>diripit,</span> <span class='ocrx_word' id='word_1_733' title='bbox 1064 1824 1221 1863; x_wconf 68' lang='lat' dir='ltr'>praedatur,</span> <span class='ocrx_word' id='word_1_734' title='bbox 1238 1824 1313 1862; x_wconf 85' lang='lat' dir='ltr'>Spo-</span> 
     </span>
     <span class='ocr_line' id='line_1_82' title="bbox 248 1863 1314 1908; baseline -0.01 -4"><span class='ocrx_word' id='word_1_735' title='bbox 248 1874 330 1904; x_wconf 83' lang='lat' dir='ltr'>liatus</span> <span class='ocrx_word' id='word_1_736' title='bbox 348 1872 543 1904; x_wconf 81' lang='lat' dir='ltr'>Praedatorem</span> <span class='ocrx_word' id='word_1_737' title='bbox 558 1869 726 1908; x_wconf 83' lang='lat' dir='ltr'>insequitur,</span> <span class='ocrx_word' id='word_1_738' title='bbox 743 1864 892 1896; x_wconf 78' lang='lat' dir='ltr'>Plinmudi</span> <span class='ocrx_word' id='word_1_739' title='bbox 905 1865 1030 1903; x_wconf 81' lang='lat' dir='ltr'>indagat,</span> <span class='ocrx_word' id='word_1_740' title='bbox 1043 1865 1165 1903; x_wconf 78' lang='lat' dir='ltr'>reperit,</span> <span class='ocrx_word' id='word_1_741' title='bbox 1184 1863 1261 1893; x_wconf 77' lang='lat' dir='ltr'>Bona</span> <span class='ocrx_word' id='word_1_742' title='bbox 1269 1863 1314 1893; x_wconf 82' lang='lat' dir='ltr'>sua</span> 
     </span>
     <span class='ocr_line' id='line_1_83' title="bbox 246 1901 1314 1949; baseline -0.01 -7"><span class='ocrx_word' id='word_1_743' title='bbox 246 1912 393 1949; x_wconf 77' lang='lat' dir='ltr'>agnoscit,</span> <span class='ocrx_word' id='word_1_744' title='bbox 412 1910 560 1946; x_wconf 88' lang='lat' dir='ltr'>condicit,</span> <span class='ocrx_word' id='word_1_745' title='bbox 576 1917 630 1939; x_wconf 86' lang='lat' dir='ltr'>nec</span> <span class='ocrx_word' id='word_1_746' title='bbox 644 1907 710 1937; x_wconf 87' lang='lat' dir='ltr'>alter</span> <span class='ocrx_word' id='word_1_747' title='bbox 729 1904 867 1934; x_wconf 87' lang='lat' dir='ltr'>Testibus</span> <span class='ocrx_word' id='word_1_748' title='bbox 882 1903 1052 1942; x_wconf 77' lang='lat' dir='ltr'>judicialiter</span> <span class='ocrx_word' id='word_1_749' title='bbox 1072 1903 1216 1943; x_wconf 68' lang='lat' dir='ltr'>produffis</span> <span class='ocrx_word' id='word_1_750' title='bbox 1238 1901 1314 1939; x_wconf 89' lang='lat' dir='ltr'>Spo—</span> 
     </span>
     <span class='ocr_line' id='line_1_84' title="bbox 247 1941 1316 1986; baseline -0.01 -5"><span class='ocrx_word' id='word_1_751' title='bbox 247 1951 317 1981; x_wconf 85' lang='lat' dir='ltr'>lium</span> <span class='ocrx_word' id='word_1_752' title='bbox 333 1950 487 1986; x_wconf 74' lang='lat' dir='ltr'>inficiatur,</span> <span class='ocrx_word' id='word_1_753' title='bbox 508 1956 561 1977; x_wconf 90' lang='lat' dir='ltr'>nec</span> <span class='ocrx_word' id='word_1_754' title='bbox 583 1955 687 1983; x_wconf 84' lang='lat' dir='ltr'>negare</span> <span class='ocrx_word' id='word_1_755' title='bbox 707 1942 800 1982; x_wconf 86' lang='lat' dir='ltr'>potest</span> <span class='ocrx_word' id='word_1_756' title='bbox 819 1941 968 1981; x_wconf 88' lang='lat' dir='ltr'>Judicium</span> <span class='ocrx_word' id='word_1_757' title='bbox 996 1941 1175 1980; x_wconf 89' lang='lat' dir='ltr'>institutum,</span> <span class='ocrx_word' id='word_1_758' title='bbox 1196 1941 1264 1970; x_wconf 85' lang='lat' dir='ltr'>nihil</span> <span class='ocrx_word' id='word_1_759' title='bbox 1286 1951 1316 1971; x_wconf 85' lang='lat' dir='ltr'>a-</span> 
     </span>
     <span class='ocr_line' id='line_1_85' title="bbox 247 1979 1315 2024; baseline -0.01 -5"><span class='ocrx_word' id='word_1_760' title='bbox 247 1990 329 2019; x_wconf 70' lang='lat' dir='ltr'>estum</span> <span class='ocrx_word' id='word_1_761' title='bbox 343 1990 377 2018; x_wconf 89' lang='lat' dir='ltr'>de</span> <span class='ocrx_word' id='word_1_762' title='bbox 394 1987 478 2018; x_wconf 69' lang='lat' dir='ltr'>Bonis</span> <span class='ocrx_word' id='word_1_763' title='bbox 498 1985 620 2024; x_wconf 80' lang='lat' dir='ltr'>ereptis,</span> <span class='ocrx_word' id='word_1_764' title='bbox 639 1983 724 2019; x_wconf 84' lang='lat' dir='ltr'>nihil,</span> <span class='ocrx_word' id='word_1_765' title='bbox 745 1982 795 2012; x_wconf 84' lang='lat' dir='ltr'>nili</span> <span class='ocrx_word' id='word_1_766' title='bbox 814 1980 945 2011; x_wconf 80' lang='lat' dir='ltr'>vilissima</span> <span class='ocrx_word' id='word_1_767' title='bbox 965 1980 1115 2018; x_wconf 84' lang='lat' dir='ltr'>nonnulla,</span> <span class='ocrx_word' id='word_1_768' title='bbox 1137 1979 1315 2018; x_wconf 85' lang='lat' dir='ltr'>restitutum,</span> 
     </span>
     <span class='ocr_line' id='line_1_86' title="bbox 250 2017 1318 2066; baseline -0.009 -9"><span class='ocrx_word' id='word_1_769' title='bbox 250 2027 412 2066; x_wconf 75' lang='lat' dir='ltr'>pretiosiora</span> <span class='ocrx_word' id='word_1_770' title='bbox 427 2025 460 2055; x_wconf 85' lang='lat' dir='ltr'>ad</span> <span class='ocrx_word' id='word_1_771' title='bbox 471 2024 606 2055; x_wconf 70' lang='lat' dir='ltr'>valorem</span> <span class='ocrx_word' id='word_1_772' title='bbox 622 2021 703 2053; x_wconf 87' lang='lat' dir='ltr'>Mille</span> <span class='ocrx_word' id='word_1_773' title='bbox 714 2021 887 2050; x_wconf 81' lang='lat' dir='ltr'>ducentorum</span> <span class='ocrx_word' id='word_1_774' title='bbox 904 2023 969 2060; x_wconf 75' lang='lat' dir='ltr'>quin</span> <span class='ocrx_word' id='word_1_775' title='bbox 991 2017 1214 2058; x_wconf 78' lang='lat' dir='ltr'>uagintafiptem</span> <span class='ocrx_word' id='word_1_776' title='bbox 1221 2021 1318 2053; x_wconf 55' lang='lat' dir='ltr'>Daca}</span> 
     </span>
     <span class='ocr_line' id='line_1_87' title="bbox 248 2057 1316 2101; baseline -0.009 -6"><span class='ocrx_word' id='word_1_777' title='bbox 248 2074 338 2097; x_wconf 73' lang='lat' dir='ltr'>torum</span> <span class='ocrx_word' id='word_1_778' title='bbox 354 2072 475 2101; x_wconf 87' lang='lat' dir='ltr'>retenta,</span> <span class='ocrx_word' id='word_1_779' title='bbox 495 2064 523 2093; x_wconf 93' lang='lat' dir='ltr'>in</span> <span class='ocrx_word' id='word_1_780' title='bbox 546 2062 725 2101; x_wconf 83' lang='lat' dir='ltr'>Raptorem,</span> <span class='ocrx_word' id='word_1_781' title='bbox 745 2059 927 2096; x_wconf 80' lang='lat' dir='ltr'>pervicaciter</span> <span class='ocrx_word' id='word_1_782' title='bbox 944 2061 975 2088; x_wconf 82' lang='lat' dir='ltr'>ad</span> <span class='ocrx_word' id='word_1_783' title='bbox 1001 2068 1037 2088; x_wconf 91' lang='lat' dir='ltr'>uc</span> <span class='ocrx_word' id='word_1_784' title='bbox 1056 2058 1251 2095; x_wconf 84' lang='lat' dir='ltr'>insultantem,</span> <span class='ocrx_word' id='word_1_785' title='bbox 1272 2057 1316 2086; x_wconf 92' lang='lat' dir='ltr'>ni-</span> 
     </span>
     <span class='ocr_line' id='line_1_88' title="bbox 249 2096 1316 2140; baseline -0.01 -5"><span class='ocrx_word' id='word_1_786' title='bbox 249 2106 289 2135; x_wconf 87' lang='lat' dir='ltr'>liil</span> <span class='ocrx_word' id='word_1_787' title='bbox 306 2105 459 2140; x_wconf 74' lang='lat' dir='ltr'>statutum,</span> <span class='ocrx_word' id='word_1_788' title='bbox 475 2103 587 2132; x_wconf 84' lang='lat' dir='ltr'>notoria</span> <span class='ocrx_word' id='word_1_789' title='bbox 604 2101 668 2132; x_wconf 72' lang='lat' dir='ltr'>haec</span> <span class='ocrx_word' id='word_1_790' title='bbox 684 2100 745 2129; x_wconf 85' lang='lat' dir='ltr'>sunt</span> <span class='ocrx_word' id='word_1_791' title='bbox 762 2100 794 2129; x_wconf 71' lang='grc' dir='ltr'>ὃ(</span> <span class='ocrx_word' id='word_1_792' title='bbox 810 2096 1051 2134; x_wconf 62' lang='lat' dir='ltr'>manifestissima,</span> <span class='ocrx_word' id='word_1_793' title='bbox 1071 2097 1240 2135; x_wconf 85' lang='lat' dir='ltr'>utquemvis</span> <span class='ocrx_word' id='word_1_794' title='bbox 1255 2104 1316 2125; x_wconf 92' lang='lat' dir='ltr'>non</span> 
     </span>
     <span class='ocr_line' id='line_1_89' title="bbox 247 2137 1316 2185; baseline -0.008 -12"><span class='ocrx_word' id='word_1_795' title='bbox 247 2143 353 2185; x_wconf 78' lang='lat' dir='ltr'>possint</span> <span class='ocrx_word' id='word_1_796' title='bbox 367 2153 427 2173; x_wconf 89' lang='lat' dir='ltr'>non</span> <span class='ocrx_word' id='word_1_797' title='bbox 443 2143 475 2173; x_wconf 65' lang='grc' dir='ltr'>ὃς</span> <span class='ocrx_word' id='word_1_798' title='bbox 490 2141 611 2171; x_wconf 80' lang='lat' dir='ltr'>debcant</span> <span class='ocrx_word' id='word_1_799' title='bbox 627 2139 660 2169; x_wconf 87' lang='lat' dir='ltr'>ad</span> <span class='ocrx_word' id='word_1_800' title='bbox 668 2137 849 2176; x_wconf 63' lang='lat' dir='ltr'>justissimam</span> <span class='ocrx_word' id='word_1_801' title='bbox 865 2137 1091 2175; x_wconf 75' lang='lat' dir='ltr'>indignationem</span> <span class='ocrx_word' id='word_1_802' title='bbox 1107 2144 1316 2172; x_wconf 73' lang='lat' dir='ltr'>commovere,</span> 
     </span>
     <span class='ocr_line' id='line_1_90' title="bbox 250 2173 1318 2217; baseline -0.01 -3"><span class='ocrx_word' id='word_1_803' title='bbox 250 2183 285 2214; x_wconf 74' lang='grc' dir='ltr'>δε</span> <span class='ocrx_word' id='word_1_804' title='bbox 307 2190 403 2213; x_wconf 86' lang='lat' dir='ltr'>tamen</span> <span class='ocrx_word' id='word_1_805' title='bbox 427 2189 456 2210; x_wconf 88' lang='lat' dir='ltr'>ut</span> <span class='ocrx_word' id='word_1_806' title='bbox 480 2180 587 2217; x_wconf 81' lang='lat' dir='ltr'>plenius</span> <span class='ocrx_word' id='word_1_807' title='bbox 600 2178 752 2209; x_wconf 80' lang='lat' dir='ltr'>examinari</span> <span class='ocrx_word' id='word_1_808' title='bbox 765 2183 867 2214; x_wconf 77' lang='lat' dir='ltr'>queant</span> <span class='ocrx_word' id='word_1_809' title='bbox 882 2176 910 2204; x_wconf 88' lang='lat' dir='ltr'>in</span> <span class='ocrx_word' id='word_1_810' title='bbox 930 2176 1037 2205; x_wconf 90' lang='lat' dir='ltr'>futuros</span> <span class='ocrx_word' id='word_1_811' title='bbox 1051 2174 1216 2205; x_wconf 88' lang='lat' dir='ltr'>amicabiles</span> <span class='ocrx_word' id='word_1_812' title='bbox 1232 2173 1318 2204; x_wconf 93' lang='lat' dir='ltr'>Con-</span> 
     </span>
     <span class='ocr_line' id='line_1_91' title="bbox 251 2212 1317 2259; baseline -0.007 -9"><span class='ocrx_word' id='word_1_813' title='bbox 251 2221 358 2259; x_wconf 66' lang='lat' dir='ltr'>greflus</span> <span class='ocrx_word' id='word_1_814' title='bbox 372 2219 498 2250; x_wconf 82' lang='lat' dir='ltr'>reservari</span> <span class='ocrx_word' id='word_1_815' title='bbox 515 2225 629 2256; x_wconf 81' lang='lat' dir='ltr'>petunt,</span> <span class='ocrx_word' id='word_1_816' title='bbox 647 2217 694 2255; x_wconf 89' lang='lat' dir='ltr'>qui</span> <span class='ocrx_word' id='word_1_817' title='bbox 712 2216 782 2246; x_wconf 88' lang='lat' dir='ltr'>dum</span> <span class='ocrx_word' id='word_1_818' title='bbox 805 2214 987 2245; x_wconf 88' lang='lat' dir='ltr'>instituuntur</span> <span class='ocrx_word' id='word_1_819' title='bbox 1007 2213 1145 2244; x_wconf 85' lang='lat' dir='ltr'>nescimus</span> <span class='ocrx_word' id='word_1_820' title='bbox 1169 2212 1237 2252; x_wconf 85' lang='lat' dir='ltr'>quid</span> <span class='ocrx_word' id='word_1_821' title='bbox 1257 2222 1317 2244; x_wconf 89' lang='lat' dir='ltr'>non</span> 
     </span>
     <span class='ocr_line' id='line_1_92' title="bbox 253 2254 1319 2297; baseline -0.012 -7"><span class='ocrx_word' id='word_1_822' title='bbox 253 2260 425 2297; x_wconf 52' lang='lat' dir='ltr'>Rapaciiatis</span> <span class='ocrx_word' id='word_1_823' title='bbox 438 2258 466 2287; x_wconf 90' lang='lat' dir='ltr'>in</span> <span class='ocrx_word' id='word_1_824' title='bbox 482 2256 593 2287; x_wconf 85' lang='lat' dir='ltr'>nostros</span> <span class='ocrx_word' id='word_1_825' title='bbox 609 2254 724 2286; x_wconf 87' lang='lat' dir='ltr'>subinde</span> <span class='ocrx_word' id='word_1_826' title='bbox 738 2262 909 2284; x_wconf 83' lang='lat' dir='ltr'>exerceatur.</span> <span class='ocrx_word' id='word_1_827' title='bbox 1315 2279 1319 2282; x_wconf 61' lang='grc'>,</span> 
     </span>
     <span class='ocr_line' id='line_1_93' title="bbox 288 2289 1322 2333; baseline -0.008 -6"><span class='ocrx_word' id='word_1_828' title='bbox 288 2297 356 2327; x_wconf 79' lang='lat' dir='ltr'>Nos</span> <span class='ocrx_word' id='word_1_829' title='bbox 375 2297 455 2333; x_wconf 76' lang='lat' dir='ltr'>sane,</span> <span class='ocrx_word' id='word_1_830' title='bbox 474 2295 532 2332; x_wconf 68' lang='lat' dir='ltr'>ipsa</span> <span class='ocrx_word' id='word_1_831' title='bbox 552 2298 708 2324; x_wconf 76' lang='lat' dir='ltr'>serenitate</span> <span class='ocrx_word' id='word_1_832' title='bbox 725 2291 818 2332; x_wconf 55' lang='lat' dir='ltr'>vestra</span> <span class='ocrx_word' id='word_1_833' title='bbox 835 2291 922 2328; x_wconf 78' lang='lat' dir='ltr'>teste,</span> <span class='ocrx_word' id='word_1_834' title='bbox 941 2290 1010 2322; x_wconf 89' lang='lat' dir='ltr'>Paci</span> <span class='ocrx_word' id='word_1_835' title='bbox 1028 2290 1062 2321; x_wconf 92' lang='lat'>&amp;</span> <span class='ocrx_word' id='word_1_836' title='bbox 1086 2289 1299 2330; x_wconf 86' lang='lat' dir='ltr'>Tranquillitati</span> <span class='ocrx_word' id='word_1_837' title='bbox 1311 2312 1322 2327; x_wconf 85' lang='lat'>,</span> 
     </span>
     <span class='ocr_line' id='line_1_94' title="bbox 253 2329 1321 2371; baseline -0.007 -5"><span class='ocrx_word' id='word_1_838' title='bbox 253 2336 370 2367; x_wconf 85' lang='lat' dir='ltr'>summis</span> <span class='ocrx_word' id='word_1_839' title='bbox 387 2334 500 2365; x_wconf 88' lang='lat' dir='ltr'>Viribus</span> <span class='ocrx_word' id='word_1_840' title='bbox 514 2342 543 2364; x_wconf 88' lang='lat' dir='ltr'>ut</span> <span class='ocrx_word' id='word_1_841' title='bbox 560 2332 713 2371; x_wconf 83' lang='lat' dir='ltr'>majoribus</span> <span class='ocrx_word' id='word_1_842' title='bbox 735 2341 794 2360; x_wconf 90' lang='lat' dir='ltr'>non</span> <span class='ocrx_word' id='word_1_843' title='bbox 817 2331 1009 2369; x_wconf 80' lang='lat' dir='ltr'>potuerimus,</span> <span class='ocrx_word' id='word_1_844' title='bbox 1028 2329 1162 2359; x_wconf 64' lang='lat' dir='ltr'>ha&amp;enus</span> <span class='ocrx_word' id='word_1_845' title='bbox 1186 2329 1321 2359; x_wconf 86' lang='lat' dir='ltr'>incubui-</span> 
     </span>
     <span class='ocr_line' id='line_1_95' title="bbox 255 2367 1320 2413; baseline -0.008 -8"><span class='ocrx_word' id='word_1_846' title='bbox 255 2385 335 2413; x_wconf 87' lang='lat' dir='ltr'>mus,</span> <span class='ocrx_word' id='word_1_847' title='bbox 354 2374 386 2404; x_wconf 86' lang='lat'>&amp;</span> <span class='ocrx_word' id='word_1_848' title='bbox 402 2374 509 2411; x_wconf 87' lang='lat' dir='ltr'>semper</span> <span class='ocrx_word' id='word_1_849' title='bbox 528 2382 564 2402; x_wconf 88' lang='lat' dir='ltr'>eo</span> <span class='ocrx_word' id='word_1_850' title='bbox 585 2373 714 2402; x_wconf 89' lang='lat' dir='ltr'>animum</span> <span class='ocrx_word' id='word_1_851' title='bbox 734 2369 926 2407; x_wconf 86' lang='lat' dir='ltr'>intendimus,</span> <span class='ocrx_word' id='word_1_852' title='bbox 941 2378 988 2407; x_wconf 89' lang='lat' dir='ltr'>ut,</span> <span class='ocrx_word' id='word_1_853' title='bbox 1004 2368 1113 2398; x_wconf 83' lang='lat' dir='ltr'>sublatis</span> <span class='ocrx_word' id='word_1_854' title='bbox 1131 2367 1320 2398; x_wconf 89' lang='lat' dir='ltr'>Subditorum</span> 
     </span>
     <span class='ocr_line' id='line_1_96' title="bbox 255 2406 1323 2458; baseline -0.007 -15"><span class='ocrx_word' id='word_1_855' title='bbox 255 2414 385 2451; x_wconf 83' lang='lat' dir='ltr'>utrinque</span> <span class='ocrx_word' id='word_1_856' title='bbox 398 2411 611 2458; x_wconf 81' lang='lat' dir='ltr'>Qerimoniis,</span> <span class='ocrx_word' id='word_1_857' title='bbox 630 2418 709 2439; x_wconf 82' lang='lat' dir='ltr'>vetus</span> <span class='ocrx_word' id='word_1_858' title='bbox 723 2407 950 2443; x_wconf 72' lang='lat' dir='ltr'>Neceffitudinis</span> <span class='ocrx_word' id='word_1_859' title='bbox 962 2406 1069 2438; x_wconf 83' lang='lat' dir='ltr'>nostrae</span> <span class='ocrx_word' id='word_1_860' title='bbox 1087 2407 1173 2444; x_wconf 88' lang='lat' dir='ltr'>vigor</span> <span class='ocrx_word' id='word_1_861' title='bbox 1183 2428 1193 2443; x_wconf 89' lang='lat'>,</span> <span class='ocrx_word' id='word_1_862' title='bbox 1211 2406 1258 2444; x_wconf 88' lang='lat' dir='ltr'>qui</span> <span class='ocrx_word' id='word_1_863' title='bbox 1273 2415 1323 2443; x_wconf 88' lang='lat' dir='ltr'>per</span> 
     </span>
     <span class='ocr_line' id='line_1_97' title="bbox 256 2444 1323 2489; baseline -0.006 -8"><span class='ocrx_word' id='word_1_864' title='bbox 256 2453 412 2489; x_wconf 83' lang='lat' dir='ltr'>frequentes</span> <span class='ocrx_word' id='word_1_865' title='bbox 436 2450 625 2480; x_wconf 60' lang='lat' dir='ltr'>Subditorum</span> <span class='ocrx_word' id='word_1_866' title='bbox 650 2447 833 2484; x_wconf 88' lang='lat' dir='ltr'>Direptiones</span> <span class='ocrx_word' id='word_1_867' title='bbox 856 2446 981 2476; x_wconf 86' lang='lat' dir='ltr'>convelli</span> <span class='ocrx_word' id='word_1_868' title='bbox 1001 2445 1090 2484; x_wconf 84' lang='lat' dir='ltr'>solet,</span> <span class='ocrx_word' id='word_1_869' title='bbox 1105 2444 1249 2476; x_wconf 83' lang='lat' dir='ltr'>restaurari</span> <span class='ocrx_word' id='word_1_870' title='bbox 1288 2445 1323 2475; x_wconf 86' lang='lat'>&amp;</span> 
     </span>
     <span class='ocr_line' id='line_1_98' title="bbox 254 2483 1322 2523; baseline -0.008 -2"><span class='ocrx_word' id='word_1_871' title='bbox 254 2492 343 2521; x_wconf 87' lang='lat' dir='ltr'>indies</span> <span class='ocrx_word' id='word_1_872' title='bbox 355 2497 434 2519; x_wconf 85' lang='lat' dir='ltr'>tanto</span> <span class='ocrx_word' id='word_1_873' title='bbox 447 2487 642 2518; x_wconf 77' lang='lat' dir='ltr'>confirmatior</span> <span class='ocrx_word' id='word_1_874' title='bbox 656 2485 734 2517; x_wconf 88' lang='lat' dir='ltr'>reddi</span> <span class='ocrx_word' id='word_1_875' title='bbox 750 2484 860 2523; x_wconf 80' lang='lat' dir='ltr'>posset,</span> <span class='ocrx_word' id='word_1_876' title='bbox 879 2484 1001 2522; x_wconf 88' lang='lat' dir='ltr'>ideoque</span> <span class='ocrx_word' id='word_1_877' title='bbox 1015 2484 1044 2512; x_wconf 90' lang='lat' dir='ltr'>in</span> <span class='ocrx_word' id='word_1_878' title='bbox 1055 2483 1228 2521; x_wconf 83' lang='lat' dir='ltr'>Legatorum</span> <span class='ocrx_word' id='word_1_879' title='bbox 1267 2493 1322 2513; x_wconf 87' lang='lat' dir='ltr'>on-</span> 
     </span>
    </p>
   </div>
   <div class='ocr_carea' id='block_1_11' title="bbox 100 1811 166 1844">
    <p class='ocr_par' dir='ltr' id='par_1_15' title="bbox 100 1811 166 1844">
     <span class='ocr_line' id='line_1_99' title="bbox 100 1811 166 1844; baseline 0.015 -9"><span class='ocrx_word' id='word_1_880' title='bbox 100 1811 166 1844; x_wconf 67' lang='lat'>451.</span> 
     </span>
    </p>
   </div>
   <div class='ocr_carea' id='block_1_12' title="bbox 1391 2262 2316 2383">
    <p class='ocr_par' dir='ltr' id='par_1_16' title="bbox 1391 2262 2316 2383">
     <span class='ocr_line' id='line_1_100' title="bbox 1391 2262 2206 2305; baseline -0.005 -7"><span class='ocrx_word' id='word_1_881' title='bbox 1391 2265 1477 2298; x_wconf 68' lang='lat' dir='ltr'>Datse</span> <span class='ocrx_word' id='word_1_882' title='bbox 1493 2268 1509 2298; x_wconf 84' lang='grc' dir='ltr'><strong>ὲ</strong></span> <span class='ocrx_word' id='word_1_883' title='bbox 1528 2269 1611 2305; x_wconf 78' lang='lat' dir='ltr'>Regia</span> <span class='ocrx_word' id='word_1_884' title='bbox 1631 2263 1720 2305; x_wconf 84' lang='lat' dir='ltr'>nostra</span> <span class='ocrx_word' id='word_1_885' title='bbox 1737 2263 1914 2304; x_wconf 70' lang='lat' dir='ltr'>Haffizienfi‚</span> <span class='ocrx_word' id='word_1_886' title='bbox 1932 2273 1962 2303; x_wconf 84' lang='lat'>4.</span> <span class='ocrx_word' id='word_1_887' title='bbox 1976 2262 2099 2303; x_wconf 81' lang='lat' dir='ltr'>Augusti</span> <span class='ocrx_word' id='word_1_888' title='bbox 2118 2263 2206 2294; x_wconf 84' lang='lat'>1602.</span> 
     </span>
     <span class='ocr_line' id='line_1_101' title="bbox 1877 2341 2316 2383; baseline 0.005 -12"><span class='ocrx_word' id='word_1_889' title='bbox 1877 2344 1906 2371; x_wconf 90' lang='lat' dir='ltr'>S.</span> <span class='ocrx_word' id='word_1_890' title='bbox 1929 2343 1960 2371; x_wconf 90' lang='lat' dir='ltr'>V.</span> <span class='ocrx_word' id='word_1_891' title='bbox 1978 2343 2076 2370; x_wconf 81' lang='lat' dir='ltr'>Frater</span> <span class='ocrx_word' id='word_1_892' title='bbox 2094 2341 2293 2382; x_wconf 78' lang='lat' dir='ltr'>amantissimus</span> <span class='ocrx_word' id='word_1_893' title='bbox 2306 2367 2316 2383; x_wconf 88' lang='lat'>,</span> 
     </span>
    </p>
   </div>
   <div class='ocr_carea' id='block_1_13' title="bbox 1981 2417 2371 2455">
    <p class='ocr_par' dir='ltr' id='par_1_17' title="bbox 1981 2417 2371 2455">
     <span class='ocr_line' id='line_1_102' title="bbox 1981 2417 2371 2455; baseline 0.008 -6"><span class='ocrx_word' id='word_1_894' title='bbox 1981 2417 2371 2455; x_wconf 65' lang='lat' dir='ltr'>Cntsrrattus.</span> 
     </span>
    </p>
   </div>
   <div class='ocr_carea' id='block_1_14' title="bbox 1338 2549 2014 2561">
    <p class='ocr_par' dir='ltr' id='par_1_18' title="bbox 1338 2549 2014 2561">
     <span class='ocr_line' id='line_1_103' title="bbox 1338 2549 2014 2561; baseline 0 0"><span class='ocrx_word' id='word_1_895' title='bbox 1338 2549 2014 2561; x_wconf 95' lang='lat' dir='ltr'> </span> 
     </span>
    </p>
   </div>
   <div class='ocr_carea' id='block_1_15' title="bbox 268 2558 1327 2574">
    <p class='ocr_par' dir='ltr' id='par_1_19' title="bbox 268 2558 1327 2574">
     <span class='ocr_line' id='line_1_104' title="bbox 268 2558 1327 2574; baseline 0 1705"><span class='ocrx_word' id='word_1_896' title='bbox 268 2558 1327 2574; x_wconf 95' lang='lat' dir='ltr'> </span> 
     </span>
    </p>
   </div>
   <div class='ocr_carea' id='block_1_16' title="bbox 2203 2555 2395 2564">
    <p class='ocr_par' dir='ltr' id='par_1_20' title="bbox 2203 2555 2395 2564">
     <span class='ocr_line' id='line_1_105' title="bbox 2203 2555 2395 2564; baseline 0 1715"><span class='ocrx_word' id='word_1_897' title='bbox 2203 2555 2395 2564; x_wconf 95' lang='lat' dir='ltr'> </span> 
     </span>
    </p>
   </div>
   <div class='ocr_carea' id='block_1_17' title="bbox 353 2589 2406 2656">
    <p class='ocr_par' dir='ltr' id='par_1_21' title="bbox 353 2589 2406 2656">
     <span class='ocr_line' id='line_1_106' title="bbox 353 2589 2406 2656; baseline -0.001 -20"><span class='ocrx_word' id='word_1_898' title='bbox 353 2611 380 2636; x_wconf 64' lang='lat' dir='ltr'>ste</span> <span class='ocrx_word' id='word_1_899' title='bbox 408 2609 553 2656; x_wconf 63' lang='lat' dir='ltr'>Responfio</span> <span class='ocrx_word' id='word_1_900' title='bbox 565 2619 619 2655; x_wconf 84' lang='lat' dir='ltr'>per</span> <span class='ocrx_word' id='word_1_901' title='bbox 637 2589 782 2654; x_wconf 70' lang='lat' dir='ltr'>¹Reginam</span> <span class='ocrx_word' id='word_1_902' title='bbox 799 2603 842 2638; x_wconf 85' lang='lat' dir='ltr'>ad</span> <span class='ocrx_word' id='word_1_903' title='bbox 858 2598 982 2640; x_wconf 71' lang='lat' dir='ltr'>Lite&#39;ras</span> <span class='ocrx_word' id='word_1_904' title='bbox 999 2605 1087 2650; x_wconf 80' lang='lat' dir='ltr'>Regis</span> <span class='ocrx_word' id='word_1_905' title='bbox 1107 2606 1225 2638; x_wconf 79' lang='lat' dir='ltr'>Daniae.</span> <span class='ocrx_word' id='word_1_906' title='bbox 1385 2598 1539 2646; x_wconf 85' lang='lat' dir='ltr'>Re&#39;ponse</span> <span class='ocrx_word' id='word_1_907' title='bbox 1557 2598 1596 2634; x_wconf 90' lang='lat' dir='ltr'>de</span> <span class='ocrx_word' id='word_1_908' title='bbox 1612 2599 1638 2633; x_wconf 85' lang='lat' dir='ltr'>la</span> <span class='ocrx_word' id='word_1_909' title='bbox 1657 2599 1760 2634; x_wconf 87' lang='lat' dir='ltr'>Reine</span> <span class='ocrx_word' id='word_1_910' title='bbox 1784 2599 1802 2633; x_wconf 64' lang='lat' dir='ltr'>a</span> <span class='ocrx_word' id='word_1_911' title='bbox 1832 2598 1859 2633; x_wconf 79' lang='lat' dir='ltr'>la</span> <span class='ocrx_word' id='word_1_912' title='bbox 1880 2601 1989 2634; x_wconf 89' lang='lat' dir='ltr'>Lettre</span> <span class='ocrx_word' id='word_1_913' title='bbox 2005 2599 2050 2633; x_wconf 89' lang='lat' dir='ltr'>du</span> <span class='ocrx_word' id='word_1_914' title='bbox 2075 2600 2145 2635; x_wconf 88' lang='lat' dir='ltr'>Roi</span> <span class='ocrx_word' id='word_1_915' title='bbox 2161 2599 2200 2635; x_wconf 91' lang='lat' dir='ltr'>de</span> <span class='ocrx_word' id='word_1_916' title='bbox 2219 2601 2406 2640; x_wconf 63' lang='lat' dir='ltr'>Danemaffi</span> 
     </span>
    </p>
   </div>
   <div class='ocr_carea' id='block_1_18' title="bbox 109 2639 2435 2781">
    <p class='ocr_par' dir='ltr' id='par_1_22' title="bbox 109 2639 2435 2781">
     <span class='ocr_line' id='line_1_107' title="bbox 109 2639 222 2667; baseline 0 -2"><span class='ocrx_word' id='word_1_917' title='bbox 109 2639 128 2656; x_wconf 75' lang='lat'>⁸</span> <span class='ocrx_word' id='word_1_918' title='bbox 141 2639 222 2667; x_wconf 63' lang='lat' dir='ltr'>XVI.</span> 
     </span>
     <span class='ocr_line' id='line_1_108' title="bbox 109 2671 2435 2744; baseline -0 -22"><span class='ocrx_word' id='word_1_919' title='bbox 109 2677 243 2744; x_wconf 36' lang='lat' dir='ltr'>{faen-</span> <span class='ocrx_word' id='word_1_920' title='bbox 318 2697 350 2728; x_wconf 91' lang='lat' dir='ltr'>T</span> <span class='ocrx_word' id='word_1_921' title='bbox 365 2696 414 2727; x_wconf 67' lang='lat' dir='ltr'>the</span> <span class='ocrx_word' id='word_1_922' title='bbox 427 2694 571 2737; x_wconf 74' lang='lat' dir='ltr'>Eutrance</span> <span class='ocrx_word' id='word_1_923' title='bbox 585 2693 621 2723; x_wconf 86' lang='lat' dir='ltr'>of</span> <span class='ocrx_word' id='word_1_924' title='bbox 633 2693 685 2724; x_wconf 87' lang='lat' dir='ltr'>this</span> <span class='ocrx_word' id='word_1_925' title='bbox 699 2691 888 2734; x_wconf 72' lang='lat' dir='ltr'>Complaint,</span> <span class='ocrx_word' id='word_1_926' title='bbox 907 2699 988 2727; x_wconf 87' lang='lat' dir='ltr'>upon</span> <span class='ocrx_word' id='word_1_927' title='bbox 1003 2698 1017 2719; x_wconf 84' lang='lat' dir='ltr'>a</span> <span class='ocrx_word' id='word_1_928' title='bbox 1033 2698 1110 2719; x_wconf 89' lang='lat' dir='ltr'>meer</span> <span class='ocrx_word' id='word_1_929' title='bbox 1123 2687 1278 2731; x_wconf 68' lang='lat' dir='ltr'>mistaking</span> <span class='ocrx_word' id='word_1_930' title='bbox 1294 2687 1330 2718; x_wconf 87' lang='lat' dir='ltr'>of</span> <span class='ocrx_word' id='word_1_931' title='bbox 1363 2687 1462 2739; x_wconf 84' lang='lat' dir='ltr'>DEs</span> <span class='ocrx_word' id='word_1_932' title='bbox 1474 2683 1500 2715; x_wconf 86' lang='lat' dir='ltr'>Ie</span> <span class='ocrx_word' id='word_1_933' title='bbox 1521 2689 1745 2714; x_wconf 80' lang='lat' dir='ltr'>commencement</span> <span class='ocrx_word' id='word_1_934' title='bbox 1766 2683 1799 2712; x_wconf 82' lang='lat' dir='ltr'>de</span> <span class='ocrx_word' id='word_1_935' title='bbox 1820 2691 1892 2714; x_wconf 82' lang='lat' dir='ltr'>cette</span> <span class='ocrx_word' id='word_1_936' title='bbox 1909 2683 2021 2722; x_wconf 76' lang='lat' dir='ltr'>plainte</span> <span class='ocrx_word' id='word_1_937' title='bbox 2033 2706 2043 2722; x_wconf 90' lang='lat'>,</span> <span class='ocrx_word' id='word_1_938' title='bbox 2087 2694 2136 2716; x_wconf 85' lang='lat' dir='ltr'>our</span> <span class='ocrx_word' id='word_1_939' title='bbox 2155 2671 2270 2718; x_wconf 57' lang='lat' dir='ltr'>n‘aeooir</span> <span class='ocrx_word' id='word_1_940' title='bbox 2311 2699 2342 2719; x_wconf 84' lang='lat' dir='ltr'>as</span> <span class='ocrx_word' id='word_1_941' title='bbox 2370 2688 2435 2721; x_wconf 78' lang='lat' dir='ltr'>bien</span> 
     </span>
     <span class='ocr_line' id='line_1_109' title="bbox 111 2721 2430 2781; baseline -0 -21"><span class='ocrx_word' id='word_1_942' title='bbox 111 2739 222 2781; x_wconf 29' lang='lat' dir='ltr'>rme-:zer</span> <span class='ocrx_word' id='word_1_943' title='bbox 338 2737 387 2765; x_wconf 71' lang='lat' dir='ltr'>her</span> <span class='ocrx_word' id='word_1_944' title='bbox 406 2733 555 2773; x_wconf 70' lang='lat' dir='ltr'>Maststie&#39;s</span> <span class='ocrx_word' id='word_1_945' title='bbox 568 2733 677 2763; x_wconf 87' lang='lat' dir='ltr'>former</span> <span class='ocrx_word' id='word_1_946' title='bbox 692 2731 790 2761; x_wconf 86' lang='lat' dir='ltr'>Letter</span> <span class='ocrx_word' id='word_1_947' title='bbox 804 2739 835 2760; x_wconf 89' lang='lat' dir='ltr'>to</span> <span class='ocrx_word' id='word_1_948' title='bbox 850 2729 921 2766; x_wconf 82' lang='lat' dir='ltr'>him,</span> <span class='ocrx_word' id='word_1_949' title='bbox 940 2729 977 2758; x_wconf 91' lang='lat' dir='ltr'>he</span> <span class='ocrx_word' id='word_1_950' title='bbox 992 2728 1124 2767; x_wconf 77' lang='lat' dir='ltr'>chargeth</span> <span class='ocrx_word' id='word_1_951' title='bbox 1138 2727 1188 2758; x_wconf 88' lang='lat' dir='ltr'>her</span> <span class='ocrx_word' id='word_1_952' title='bbox 1205 2726 1326 2767; x_wconf 82' lang='lat' dir='ltr'>MaJesty</span> <span class='ocrx_word' id='word_1_953' title='bbox 1440 2725 1551 2761; x_wconf 73' lang='lat' dir='ltr'>compris</span> <span class='ocrx_word' id='word_1_954' title='bbox 1564 2722 1593 2752; x_wconf 86' lang='lat' dir='ltr'>la</span> <span class='ocrx_word' id='word_1_955' title='bbox 1607 2725 1710 2752; x_wconf 82' lang='lat' dir='ltr'>Lettre</span> <span class='ocrx_word' id='word_1_956' title='bbox 1716 2723 1879 2759; x_wconf 84' lang='lat' dir='ltr'>precedente</span> <span class='ocrx_word' id='word_1_957' title='bbox 1891 2723 1924 2752; x_wconf 85' lang='lat' dir='ltr'>de</span> <span class='ocrx_word' id='word_1_958' title='bbox 1937 2723 1973 2753; x_wconf 89' lang='lat' dir='ltr'>Sa</span> <span class='ocrx_word' id='word_1_959' title='bbox 1988 2721 2067 2761; x_wconf 78' lang='lat' dir='ltr'>MaJ&#39;e</span> <span class='ocrx_word' id='word_1_960' title='bbox 2091 2724 2124 2762; x_wconf 79' lang='lat' dir='ltr'>e,</span> <span class='ocrx_word' id='word_1_961' title='bbox 2144 2724 2169 2755; x_wconf 78' lang='lat' dir='ltr'>il</span> <span class='ocrx_word' id='word_1_962' title='bbox 2185 2724 2272 2756; x_wconf 86' lang='lat' dir='ltr'>l&#39;accu</span> <span class='ocrx_word' id='word_1_963' title='bbox 2287 2739 2300 2756; x_wconf 84' lang='lat' dir='ltr'>e</span> <span class='ocrx_word' id='word_1_964' title='bbox 2314 2727 2430 2759; x_wconf 81' lang='lat' dir='ltr'>d&#39;avoir</span> 
     </span>
    </p>
   </div>
   <div class='ocr_carea' id='block_1_19' title="bbox 111 2764 1326 3003">
    <p class='ocr_par' dir='ltr' id='par_1_23' title="bbox 111 2764 1324 2831">
     <span class='ocr_line' id='line_1_110' title="bbox 111 2764 1324 2831; baseline -0.008 -26"><span class='ocrx_word' id='word_1_965' title='bbox 111 2796 130 2820; x_wconf 64' lang='lat' dir='ltr'>B</span> <span class='ocrx_word' id='word_1_966' title='bbox 162 2803 172 2806; x_wconf 71' lang='grc'>,</span> <span class='ocrx_word' id='word_1_967' title='bbox 195 2764 236 2831; x_wconf 60' lang='lat' dir='ltr'>fo‘}</span> <span class='ocrx_word' id='word_1_968' title='bbox 263 2775 335 2806; x_wconf 76' lang='lat' dir='ltr'>wih</span> <span class='ocrx_word' id='word_1_969' title='bbox 350 2785 363 2804; x_wconf 88' lang='lat' dir='ltr'>a</span> <span class='ocrx_word' id='word_1_970' title='bbox 379 2773 486 2810; x_wconf 74' lang='lat' dir='ltr'>strange</span> <span class='ocrx_word' id='word_1_971' title='bbox 496 2771 552 2802; x_wconf 88' lang='lat' dir='ltr'>and</span> <span class='ocrx_word' id='word_1_972' title='bbox 568 2770 738 2801; x_wconf 84' lang='lat' dir='ltr'>wonderfull</span> <span class='ocrx_word' id='word_1_973' title='bbox 752 2768 888 2807; x_wconf 77' lang='lat' dir='ltr'>rejection</span> <span class='ocrx_word' id='word_1_974' title='bbox 901 2768 937 2797; x_wconf 86' lang='lat' dir='ltr'>of</span> <span class='ocrx_word' id='word_1_975' title='bbox 946 2767 1040 2798; x_wconf 83' lang='lat' dir='ltr'>Faults</span> <span class='ocrx_word' id='word_1_976' title='bbox 1050 2767 1104 2797; x_wconf 88' lang='lat' dir='ltr'>and</span> <span class='ocrx_word' id='word_1_977' title='bbox 1113 2766 1324 2804; x_wconf 86' lang='lat' dir='ltr'>Crimes,com-</span> 
     </span>
    </p>

    <p class='ocr_par' dir='ltr' id='par_1_24' title="bbox 137 2803 1326 3003">
     <span class='ocr_line' id='line_1_111' title="bbox 137 2803 1324 2850; baseline -0.008 -6"><span class='ocrx_word' id='word_1_978' title='bbox 137 2815 141 2818; x_wconf 80' lang='grc'><strong>”</strong></span> <span class='ocrx_word' id='word_1_979' title='bbox 158 2807 181 2827; x_wconf 76' lang='lat'>&#39;&#39;</span> <span class='ocrx_word' id='word_1_980' title='bbox 239 2814 245 2820; x_wconf 91' lang='lat'>&#39;</span> <span class='ocrx_word' id='word_1_981' title='bbox 264 2814 365 2843; x_wconf 86' lang='lat' dir='ltr'>mitted</span> <span class='ocrx_word' id='word_1_982' title='bbox 383 2814 420 2850; x_wconf 88' lang='lat' dir='ltr'>by</span> <span class='ocrx_word' id='word_1_983' title='bbox 439 2812 487 2842; x_wconf 88' lang='lat' dir='ltr'>the</span> <span class='ocrx_word' id='word_1_984' title='bbox 506 2808 620 2847; x_wconf 64' lang='lat' dir='ltr'>English</span> <span class='ocrx_word' id='word_1_985' title='bbox 636 2819 714 2849; x_wconf 89' lang='lat' dir='ltr'>upon</span> <span class='ocrx_word' id='word_1_986' title='bbox 729 2808 777 2838; x_wconf 91' lang='lat' dir='ltr'>the</span> <span class='ocrx_word' id='word_1_987' title='bbox 792 2810 907 2843; x_wconf 78' lang='lat' dir='ltr'>Danes,</span> <span class='ocrx_word' id='word_1_988' title='bbox 925 2814 956 2835; x_wconf 89' lang='lat' dir='ltr'>to</span> <span class='ocrx_word' id='word_1_989' title='bbox 971 2806 1007 2836; x_wconf 89' lang='lat' dir='ltr'>be</span> <span class='ocrx_word' id='word_1_990' title='bbox 1022 2805 1151 2843; x_wconf 80' lang='lat' dir='ltr'>imputed</span> <span class='ocrx_word' id='word_1_991' title='bbox 1172 2813 1204 2834; x_wconf 91' lang='lat' dir='ltr'>to</span> <span class='ocrx_word' id='word_1_992' title='bbox 1224 2803 1324 2836; x_wconf 59' lang='lat' dir='ltr'>thaE-</span> 
     </span>
     <span class='ocr_line' id='line_1_112' title="bbox 263 2843 1326 2913; baseline -0.009 -31"><span class='ocrx_word' id='word_1_993' title='bbox 263 2861 366 2891; x_wconf 87' lang='lat' dir='ltr'>nemy,</span> <span class='ocrx_word' id='word_1_994' title='bbox 385 2850 512 2881; x_wconf 81' lang='lat' dir='ltr'>whereas</span> <span class='ocrx_word' id='word_1_995' title='bbox 530 2850 558 2878; x_wconf 91' lang='lat' dir='ltr'>in</span> <span class='ocrx_word' id='word_1_996' title='bbox 575 2847 651 2878; x_wconf 87' lang='lat' dir='ltr'>truth</span> <span class='ocrx_word' id='word_1_997' title='bbox 669 2847 719 2877; x_wconf 91' lang='lat' dir='ltr'>her</span> <span class='ocrx_word' id='word_1_998' title='bbox 731 2845 882 2913; x_wconf 53' lang='lat' dir='ltr'>Maiegie’s</span> <span class='ocrx_word' id='word_1_999' title='bbox 898 2844 996 2875; x_wconf 85' lang='lat' dir='ltr'>Lerter</span> <span class='ocrx_word' id='word_1_1000' title='bbox 1009 2843 1163 2882; x_wconf 86' lang='lat' dir='ltr'>importeth</span> <span class='ocrx_word' id='word_1_1001' title='bbox 1179 2853 1218 2873; x_wconf 92' lang='lat' dir='ltr'>no</span> <span class='ocrx_word' id='word_1_1002' title='bbox 1234 2852 1326 2881; x_wconf 88' lang='lat' dir='ltr'>more,</span> 
     </span>
     <span class='ocr_line' id='line_1_113' title="bbox 263 2880 1325 2927; baseline -0.01 -6"><span class='ocrx_word' id='word_1_1003' title='bbox 263 2892 316 2920; x_wconf 87' lang='lat' dir='ltr'>but</span> <span class='ocrx_word' id='word_1_1004' title='bbox 328 2901 342 2920; x_wconf 85' lang='lat' dir='ltr'>a</span> <span class='ocrx_word' id='word_1_1005' title='bbox 357 2898 429 2921; x_wconf 86' lang='lat' dir='ltr'>trew</span> <span class='ocrx_word' id='word_1_1006' title='bbox 444 2887 600 2927; x_wconf 76' lang='lat' dir='ltr'>expreffing</span> <span class='ocrx_word' id='word_1_1007' title='bbox 613 2886 649 2916; x_wconf 85' lang='lat' dir='ltr'>of</span> <span class='ocrx_word' id='word_1_1008' title='bbox 661 2886 709 2917; x_wconf 91' lang='lat' dir='ltr'>her</span> <span class='ocrx_word' id='word_1_1009' title='bbox 725 2894 784 2914; x_wconf 85' lang='lat' dir='ltr'>oun</span> <span class='ocrx_word' id='word_1_1010' title='bbox 822 2882 905 2919; x_wconf 74' lang='lat' dir='ltr'>&#39;rief,</span> <span class='ocrx_word' id='word_1_1011' title='bbox 924 2883 984 2913; x_wconf 77' lang='lat' dir='ltr'>that</span> <span class='ocrx_word' id='word_1_1012' title='bbox 1001 2880 1259 2920; x_wconf 80' lang='lat' dir='ltr'>notwithstanding</span> <span class='ocrx_word' id='word_1_1013' title='bbox 1275 2881 1325 2911; x_wconf 87' lang='lat' dir='ltr'>her</span> 
     </span>
     <span class='ocr_line' id='line_1_114' title="bbox 262 2919 1325 2963; baseline -0.009 -4"><span class='ocrx_word' id='word_1_1014' title='bbox 262 2929 324 2959; x_wconf 87' lang='lat' dir='ltr'>bei’t</span> <span class='ocrx_word' id='word_1_1015' title='bbox 340 2928 492 2959; x_wconf 81' lang='lat' dir='ltr'>Indeavors</span> <span class='ocrx_word' id='word_1_1016' title='bbox 508 2936 538 2957; x_wconf 93' lang='lat' dir='ltr'>to</span> <span class='ocrx_word' id='word_1_1017' title='bbox 553 2925 601 2956; x_wconf 88' lang='lat' dir='ltr'>the</span> <span class='ocrx_word' id='word_1_1018' title='bbox 615 2933 749 2963; x_wconf 88' lang='lat' dir='ltr'>contrary</span> <span class='ocrx_word' id='word_1_1019' title='bbox 764 2945 773 2960; x_wconf 90' lang='lat'>‚</span> <span class='ocrx_word' id='word_1_1020' title='bbox 800 2931 847 2961; x_wconf 89' lang='lat' dir='ltr'>yet</span> <span class='ocrx_word' id='word_1_1021' title='bbox 869 2922 918 2951; x_wconf 87' lang='lat' dir='ltr'>her</span> <span class='ocrx_word' id='word_1_1022' title='bbox 942 2920 1088 2959; x_wconf 57' lang='lat' dir='ltr'>Subicits,</span> <span class='ocrx_word' id='word_1_1023' title='bbox 1109 2920 1197 2951; x_wconf 89' lang='lat' dir='ltr'>much</span> <span class='ocrx_word' id='word_1_1024' title='bbox 1220 2919 1325 2957; x_wconf 75' lang='lat' dir='ltr'>against</span> 
     </span>
     <span class='ocr_line' id='line_1_115' title="bbox 263 2958 1324 3003; baseline -0.008 -6"><span class='ocrx_word' id='word_1_1025' title='bbox 263 2968 313 2998; x_wconf 83' lang='lat' dir='ltr'>her</span> <span class='ocrx_word' id='word_1_1026' title='bbox 330 2967 428 3003; x_wconf 88' lang='lat' dir='ltr'>mind,</span> <span class='ocrx_word' id='word_1_1027' title='bbox 447 2966 486 2996; x_wconf 91' lang='lat' dir='ltr'>do</span> <span class='ocrx_word' id='word_1_1028' title='bbox 501 2964 601 2994; x_wconf 82' lang='lat' dir='ltr'>offend</span> <span class='ocrx_word' id='word_1_1029' title='bbox 618 2963 671 2994; x_wconf 85' lang='lat' dir='ltr'>and</span> <span class='ocrx_word' id='word_1_1030' title='bbox 687 2963 740 2992; x_wconf 94' lang='lat' dir='ltr'>rob</span> <span class='ocrx_word' id='word_1_1031' title='bbox 757 2962 808 2991; x_wconf 88' lang='lat' dir='ltr'>her</span> <span class='ocrx_word' id='word_1_1032' title='bbox 825 2960 948 2991; x_wconf 83' lang='lat' dir='ltr'>Frendes</span> <span class='ocrx_word' id='word_1_1033' title='bbox 962 2961 991 2990; x_wconf 88' lang='lat' dir='ltr'>in</span> <span class='ocrx_word' id='word_1_1034' title='bbox 1009 2960 1064 2990; x_wconf 87' lang='lat' dir='ltr'>this</span> <span class='ocrx_word' id='word_1_1035' title='bbox 1078 2967 1160 2998; x_wconf 90' lang='lat' dir='ltr'>tyme</span> <span class='ocrx_word' id='word_1_1036' title='bbox 1175 2958 1212 2989; x_wconf 92' lang='lat' dir='ltr'>of</span> <span class='ocrx_word' id='word_1_1037' title='bbox 1232 2959 1324 2996; x_wconf 88' lang='lat' dir='ltr'>War,</span> 
     </span>
    </p>
   </div>
   <div class='ocr_carea' id='block_1_20' title="bbox 1361 2759 2433 2923">
    <p class='ocr_par' dir='ltr' id='par_1_25' title="bbox 1361 2759 2433 2923">
     <span class='ocr_line' id='line_1_116' title="bbox 1361 2759 2431 2802; baseline 0.012 -17"><span class='ocrx_word' id='word_1_1038' title='bbox 1361 2763 1555 2797; x_wconf 66' lang='lat' dir='ltr'>rejette‘d’une</span> <span class='ocrx_word' id='word_1_1039' title='bbox 1566 2764 1687 2791; x_wconf 72' lang='lat' dir='ltr'>muniere</span> <span class='ocrx_word' id='word_1_1040' title='bbox 1701 2761 1816 2798; x_wconf 58' lang='lat' dir='ltr'>(trange</span> <span class='ocrx_word' id='word_1_1041' title='bbox 1830 2759 1867 2794; x_wconf 58' lang='grc' dir='ltr'><strong><em>ὠ</em></strong></span> <span class='ocrx_word' id='word_1_1042' title='bbox 1877 2759 2065 2800; x_wconf 72' lang='lat' dir='ltr'>fierprenante</span> <span class='ocrx_word' id='word_1_1043' title='bbox 2084 2760 2121 2792; x_wconf 83' lang='lat' dir='ltr'>les</span> <span class='ocrx_word' id='word_1_1044' title='bbox 2119 2761 2221 2802; x_wconf 76' lang='lat' dir='ltr'>fantes</span> <span class='ocrx_word' id='word_1_1045' title='bbox 2235 2764 2272 2800; x_wconf 59' lang='grc' dir='ltr'><strong><em>ὠ</em></strong></span> <span class='ocrx_word' id='word_1_1046' title='bbox 2288 2764 2325 2796; x_wconf 80' lang='lat' dir='ltr'>les</span> <span class='ocrx_word' id='word_1_1047' title='bbox 2338 2770 2431 2799; x_wconf 77' lang='lat' dir='ltr'>crimes</span> 
     </span>
     <span class='ocr_line' id='line_1_117' title="bbox 1362 2799 2433 2846; baseline 0.007 -17"><span class='ocrx_word' id='word_1_1048' title='bbox 1362 2804 1467 2846; x_wconf 65' lang='lat' dir='ltr'>cornnn&#39;r</span> <span class='ocrx_word' id='word_1_1049' title='bbox 1475 2809 1530 2840; x_wconf 82' lang='lat' dir='ltr'>par</span> <span class='ocrx_word' id='word_1_1050' title='bbox 1542 2799 1580 2829; x_wconf 79' lang='lat' dir='ltr'>les</span> <span class='ocrx_word' id='word_1_1051' title='bbox 1588 2800 1707 2837; x_wconf 84' lang='lat' dir='ltr'>Anglois</span> <span class='ocrx_word' id='word_1_1052' title='bbox 1720 2807 1815 2829; x_wconf 80' lang='lat' dir='ltr'>contre</span> <span class='ocrx_word' id='word_1_1053' title='bbox 1832 2799 1869 2829; x_wconf 83' lang='lat' dir='ltr'>les</span> <span class='ocrx_word' id='word_1_1054' title='bbox 1877 2800 1997 2838; x_wconf 87' lang='lat' dir='ltr'>Danois,</span> <span class='ocrx_word' id='word_1_1055' title='bbox 2007 2808 2077 2838; x_wconf 82' lang='lat' dir='ltr'>pour</span> <span class='ocrx_word' id='word_1_1056' title='bbox 2085 2799 2122 2831; x_wconf 74' lang='lat' dir='ltr'>les</span> <span class='ocrx_word' id='word_1_1057' title='bbox 2137 2803 2277 2834; x_wconf 82' lang='lat' dir='ltr'>attribuer</span> <span class='ocrx_word' id='word_1_1058' title='bbox 2291 2804 2309 2834; x_wconf 74' lang='grc' dir='ltr'><em>ἃ</em></span> <span class='ocrx_word' id='word_1_1059' title='bbox 2325 2804 2433 2837; x_wconf 82' lang='lat' dir='ltr'>l’enne-</span> 
     </span>
     <span class='ocr_line' id='line_1_118' title="bbox 1363 2837 2431 2885; baseline 0.007 -17"><span class='ocrx_word' id='word_1_1060' title='bbox 1363 2849 1415 2874; x_wconf 72' lang='lat' dir='ltr'>mx,</span> <span class='ocrx_word' id='word_1_1061' title='bbox 1435 2839 1465 2870; x_wconf 60' lang='lat' dir='ltr'>la</span> <span class='ocrx_word' id='word_1_1062' title='bbox 1478 2840 1511 2869; x_wconf 74' lang='lat' dir='ltr'>ot)</span> <span class='ocrx_word' id='word_1_1063' title='bbox 1525 2849 1559 2868; x_wconf 86' lang='lat' dir='ltr'>en</span> <span class='ocrx_word' id='word_1_1064' title='bbox 1573 2838 1637 2877; x_wconf 79' lang='lat' dir='ltr'>effit</span> <span class='ocrx_word' id='word_1_1065' title='bbox 1651 2837 1681 2868; x_wconf 86' lang='lat' dir='ltr'>la</span> <span class='ocrx_word' id='word_1_1066' title='bbox 1694 2840 1795 2868; x_wconf 81' lang='lat' dir='ltr'>Lettre</span> <span class='ocrx_word' id='word_1_1067' title='bbox 1809 2838 1842 2867; x_wconf 85' lang='lat' dir='ltr'>de</span> <span class='ocrx_word' id='word_1_1068' title='bbox 1855 2838 1892 2868; x_wconf 84' lang='lat' dir='ltr'>Sa</span> <span class='ocrx_word' id='word_1_1069' title='bbox 1914 2837 2037 2877; x_wconf 61' lang='lat' dir='ltr'>Majestt}</span> <span class='ocrx_word' id='word_1_1070' title='bbox 2060 2851 2093 2869; x_wconf 72' lang='lat' dir='ltr'>ne</span> <span class='ocrx_word' id='word_1_1071' title='bbox 2113 2851 2175 2871; x_wconf 87' lang='lat' dir='ltr'>mar</span> <span class='ocrx_word' id='word_1_1072' title='bbox 2194 2853 2225 2872; x_wconf 84' lang='lat' dir='ltr'>ue</span> <span class='ocrx_word' id='word_1_1073' title='bbox 2253 2850 2334 2874; x_wconf 84' lang='lat' dir='ltr'>autre</span> <span class='ocrx_word' id='word_1_1074' title='bbox 2357 2844 2431 2885; x_wconf 66' lang='lat' dir='ltr'>chose</span> 
     </span>
     <span class='ocr_line' id='line_1_119' title="bbox 1363 2853 2433 2923; baseline 0.011 -20"><span class='ocrx_word' id='word_1_1075' title='bbox 1363 2887 1414 2918; x_wconf 78' lang='lat' dir='ltr'>que</span> <span class='ocrx_word' id='word_1_1076' title='bbox 1427 2878 1594 2917; x_wconf 78' lang='lat' dir='ltr'>d&#39;exprimer</span> <span class='ocrx_word' id='word_1_1077' title='bbox 1606 2876 1820 2907; x_wconf 71' lang='lat' dir='ltr'>vmtablement</span> <span class='ocrx_word' id='word_1_1078' title='bbox 1833 2876 1863 2906; x_wconf 85' lang='lat' dir='ltr'>la</span> <span class='ocrx_word' id='word_1_1079' title='bbox 1876 2876 1988 2908; x_wconf 78' lang='lat' dir='ltr'>douleur</span> <span class='ocrx_word' id='word_1_1080' title='bbox 2023 2877 2100 2908; x_wconf 71' lang='lat' dir='ltr'>u’elle</span> <span class='ocrx_word' id='word_1_1081' title='bbox 2114 2891 2148 2918; x_wconf 79' lang='lat' dir='ltr'>a,</span> <span class='ocrx_word' id='word_1_1082' title='bbox 2168 2853 2201 2910; x_wconf 59' lang='lat' dir='ltr'>Ze</span> <span class='ocrx_word' id='word_1_1083' title='bbox 2215 2891 2242 2910; x_wconf 82' lang='lat' dir='ltr'>ce</span> <span class='ocrx_word' id='word_1_1084' title='bbox 2256 2893 2308 2923; x_wconf 85' lang='lat' dir='ltr'>que</span> <span class='ocrx_word' id='word_1_1085' title='bbox 2328 2884 2433 2914; x_wconf 84' lang='lat' dir='ltr'>nonob-</span> 
     </span>
    </p>
   </div>
   <div class='ocr_carea' id='block_1_21' title="bbox 1357 2915 2434 2996">
    <p class='ocr_par' dir='ltr' id='par_1_26' title="bbox 1357 2915 2434 2996">
     <span class='ocr_line' id='line_1_120' title="bbox 1357 2915 2433 2962; baseline 0.006 -16"><span class='ocrx_word' id='word_1_1086' title='bbox 1357 2917 1441 2956; x_wconf 81' lang='lat' dir='ltr'>stant</span> <span class='ocrx_word' id='word_1_1087' title='bbox 1466 2925 1526 2947; x_wconf 73' lang='lat' dir='ltr'>tores</span> <span class='ocrx_word' id='word_1_1088' title='bbox 1553 2927 1579 2946; x_wconf 85' lang='lat' dir='ltr'>es</span> <span class='ocrx_word' id='word_1_1089' title='bbox 1593 2915 1727 2962; x_wconf 65' lang='lat' dir='ltr'>rneilleurs</span> <span class='ocrx_word' id='word_1_1090' title='bbox 1740 2915 1833 2954; x_wconf 75' lang='lat' dir='ltr'>efforts</span> <span class='ocrx_word' id='word_1_1091' title='bbox 1840 2923 1911 2953; x_wconf 83' lang='lat' dir='ltr'>pour</span> <span class='ocrx_word' id='word_1_1092' title='bbox 1924 2915 2097 2956; x_wconf 78' lang='lat' dir='ltr'>I&#39;empecher,</span> <span class='ocrx_word' id='word_1_1093' title='bbox 2110 2917 2156 2958; x_wconf 74' lang='lat' dir='ltr'>fir</span> <span class='ocrx_word' id='word_1_1094' title='bbox 2169 2919 2260 2957; x_wconf 76' lang='lat' dir='ltr'>Sujets</span> <span class='ocrx_word' id='word_1_1095' title='bbox 2274 2922 2433 2953; x_wconf 75' lang='lat' dir='ltr'>ne‘anmoins</span> 
     </span>
     <span class='ocr_line' id='line_1_121' title="bbox 1362 2952 2434 2996; baseline 0.007 -11"><span class='ocrx_word' id='word_1_1096' title='bbox 1362 2954 1495 2996; x_wconf 63' lang='lat' dir='ltr'>offensem</span> <span class='ocrx_word' id='word_1_1097' title='bbox 1566 2954 1670 2993; x_wconf 71' lang='lat' dir='ltr'>ptllenr</span> <span class='ocrx_word' id='word_1_1098' title='bbox 1684 2977 1693 2993; x_wconf 79' lang='lat'>,</span> <span class='ocrx_word' id='word_1_1099' title='bbox 1703 2952 1771 2994; x_wconf 90' lang='lat' dir='ltr'>fort</span> <span class='ocrx_word' id='word_1_1100' title='bbox 1793 2961 1887 2984; x_wconf 81' lang='lat' dir='ltr'>contre</span> <span class='ocrx_word' id='word_1_1101' title='bbox 1905 2954 1955 2993; x_wconf 83' lang='lat' dir='ltr'>lo&#39;n</span> <span class='ocrx_word' id='word_1_1102' title='bbox 1974 2958 2038 2994; x_wconf 64' lang='lat' dir='ltr'>graf,</span> <span class='ocrx_word' id='word_1_1103' title='bbox 2050 2955 2096 2996; x_wconf 74' lang='lat' dir='ltr'>fis</span> <span class='ocrx_word' id='word_1_1104' title='bbox 2118 2960 2188 2987; x_wconf 85' lang='lat' dir='ltr'>amis</span> <span class='ocrx_word' id='word_1_1105' title='bbox 2206 2968 2241 2987; x_wconf 82' lang='lat' dir='ltr'>en</span> <span class='ocrx_word' id='word_1_1106' title='bbox 2262 2969 2289 2988; x_wconf 86' lang='lat' dir='ltr'>ce</span> <span class='ocrx_word' id='word_1_1107' title='bbox 2312 2967 2380 2991; x_wconf 84' lang='lat' dir='ltr'>tems</span> <span class='ocrx_word' id='word_1_1108' title='bbox 2399 2961 2434 2992; x_wconf 90' lang='lat' dir='ltr'>de</span> 
     </span>
    </p>
   </div>
   <div class='ocr_carea' id='block_1_22' title="bbox 117 2840 178 2858">
    <p class='ocr_par' dir='ltr' id='par_1_27' title="bbox 117 2840 178 2858">
     <span class='ocr_line' id='line_1_122' title="bbox 117 2840 178 2858; baseline 0.033 -2"><span class='ocrx_word' id='word_1_1109' title='bbox 117 2840 178 2858; x_wconf 79' lang='lat'><em>¹20.</em></span> 
     </span>
    </p>
   </div>
   <div class='ocr_carea' id='block_1_23' title="bbox 264 2997 1341 4115">
    <p class='ocr_par' dir='ltr' id='par_1_28' title="bbox 264 2997 1332 3315">
     <span class='ocr_line' id='line_1_123' title="bbox 264 2997 1328 3040; baseline -0.009 -4"><span class='ocrx_word' id='word_1_1110' title='bbox 264 3007 375 3037; x_wconf 76' lang='lat' dir='ltr'>wherin</span> <span class='ocrx_word' id='word_1_1111' title='bbox 395 3005 442 3035; x_wconf 84' lang='lat' dir='ltr'>the</span> <span class='ocrx_word' id='word_1_1112' title='bbox 457 3006 535 3040; x_wconf 72' lang='lat' dir='ltr'>King</span> <span class='ocrx_word' id='word_1_1113' title='bbox 550 3002 703 3040; x_wconf 87' lang='lat' dir='ltr'>wrongeth</span> <span class='ocrx_word' id='word_1_1114' title='bbox 719 3001 770 3032; x_wconf 92' lang='lat' dir='ltr'>her</span> <span class='ocrx_word' id='word_1_1115' title='bbox 785 2998 905 3039; x_wconf 78' lang='lat' dir='ltr'>Majesty</span> <span class='ocrx_word' id='word_1_1116' title='bbox 923 2998 953 3028; x_wconf 91' lang='lat' dir='ltr'>so</span> <span class='ocrx_word' id='word_1_1117' title='bbox 974 2998 1064 3028; x_wconf 89' lang='lat' dir='ltr'>much</span> <span class='ocrx_word' id='word_1_1118' title='bbox 1088 2998 1138 3028; x_wconf 91' lang='lat' dir='ltr'>the</span> <span class='ocrx_word' id='word_1_1119' title='bbox 1158 3008 1256 3036; x_wconf 88' lang='lat' dir='ltr'>more,</span> <span class='ocrx_word' id='word_1_1120' title='bbox 1281 2997 1328 3027; x_wconf 90' lang='lat' dir='ltr'>for</span> 
     </span>
     <span class='ocr_line' id='line_1_124' title="bbox 265 3036 1332 3080; baseline -0.007 -6"><span class='ocrx_word' id='word_1_1121' title='bbox 265 3046 325 3075; x_wconf 79' lang='lat' dir='ltr'>that</span> <span class='ocrx_word' id='word_1_1122' title='bbox 344 3046 377 3075; x_wconf 88' lang='lat' dir='ltr'>he</span> <span class='ocrx_word' id='word_1_1123' title='bbox 393 3043 529 3080; x_wconf 82' lang='lat' dir='ltr'>cliargeth</span> <span class='ocrx_word' id='word_1_1124' title='bbox 542 3042 591 3071; x_wconf 87' lang='lat' dir='ltr'>her</span> <span class='ocrx_word' id='word_1_1125' title='bbox 605 3041 677 3072; x_wconf 87' lang='lat' dir='ltr'>with</span> <span class='ocrx_word' id='word_1_1126' title='bbox 693 3040 752 3070; x_wconf 84' lang='lat' dir='ltr'>that</span> <span class='ocrx_word' id='word_1_1127' title='bbox 778 3039 896 3068; x_wconf 83' lang='lat' dir='ltr'>Answer</span> <span class='ocrx_word' id='word_1_1128' title='bbox 919 3047 946 3067; x_wconf 85' lang='lat' dir='ltr'>as</span> <span class='ocrx_word' id='word_1_1129' title='bbox 964 3046 979 3066; x_wconf 82' lang='lat' dir='ltr'>a</span> <span class='ocrx_word' id='word_1_1130' title='bbox 1002 3036 1076 3067; x_wconf 86' lang='lat' dir='ltr'>Shift</span> <span class='ocrx_word' id='word_1_1131' title='bbox 1092 3044 1125 3067; x_wconf 91' lang='lat' dir='ltr'>to</span> <span class='ocrx_word' id='word_1_1132' title='bbox 1143 3037 1180 3066; x_wconf 91' lang='lat' dir='ltr'>be</span> <span class='ocrx_word' id='word_1_1133' title='bbox 1201 3037 1279 3067; x_wconf 89' lang='lat' dir='ltr'>ridde</span> <span class='ocrx_word' id='word_1_1134' title='bbox 1294 3036 1332 3066; x_wconf 94' lang='lat' dir='ltr'>of</span> 
     </span>
     <span class='ocr_line' id='line_1_125' title="bbox 266 3074 1327 3119; baseline -0.007 -6"><span class='ocrx_word' id='word_1_1135' title='bbox 266 3082 376 3119; x_wconf 81' lang='lat' dir='ltr'>Cause,</span> <span class='ocrx_word' id='word_1_1136' title='bbox 392 3082 516 3113; x_wconf 74' lang='lat' dir='ltr'>whereas</span> <span class='ocrx_word' id='word_1_1137' title='bbox 533 3080 604 3110; x_wconf 86' lang='lat' dir='ltr'>both</span> <span class='ocrx_word' id='word_1_1138' title='bbox 621 3080 679 3115; x_wconf 86' lang='lat' dir='ltr'>his,</span> <span class='ocrx_word' id='word_1_1139' title='bbox 697 3078 750 3108; x_wconf 83' lang='lat' dir='ltr'>and</span> <span class='ocrx_word' id='word_1_1140' title='bbox 763 3077 813 3107; x_wconf 89' lang='lat' dir='ltr'>the</span> <span class='ocrx_word' id='word_1_1141' title='bbox 827 3076 958 3113; x_wconf 62' lang='lat' dir='ltr'>Subiects</span> <span class='ocrx_word' id='word_1_1142' title='bbox 971 3074 1007 3105; x_wconf 92' lang='lat' dir='ltr'>of</span> <span class='ocrx_word' id='word_1_1143' title='bbox 1017 3075 1100 3106; x_wconf 89' lang='lat' dir='ltr'>other</span> <span class='ocrx_word' id='word_1_1144' title='bbox 1117 3074 1232 3105; x_wconf 88' lang='lat' dir='ltr'>Princes</span> <span class='ocrx_word' id='word_1_1145' title='bbox 1243 3098 1252 3113; x_wconf 82' lang='lat'>,</span> <span class='ocrx_word' id='word_1_1146' title='bbox 1275 3075 1327 3106; x_wconf 68' lang='lat' dir='ltr'>ha-</span> 
     </span>
     <span class='ocr_line' id='line_1_126' title="bbox 268 3111 1325 3159; baseline -0.008 -7"><span class='ocrx_word' id='word_1_1147' title='bbox 268 3132 305 3152; x_wconf 77' lang='lat' dir='ltr'>ve</span> <span class='ocrx_word' id='word_1_1148' title='bbox 319 3121 386 3159; x_wconf 84' lang='lat' dir='ltr'>fully</span> <span class='ocrx_word' id='word_1_1149' title='bbox 402 3119 487 3150; x_wconf 81' lang='lat' dir='ltr'>tasted</span> <span class='ocrx_word' id='word_1_1150' title='bbox 502 3118 538 3149; x_wconf 84' lang='lat' dir='ltr'>of</span> <span class='ocrx_word' id='word_1_1151' title='bbox 550 3120 599 3148; x_wconf 88' lang='lat' dir='ltr'>her</span> <span class='ocrx_word' id='word_1_1152' title='bbox 614 3117 707 3147; x_wconf 79' lang='lat' dir='ltr'>sacred</span> <span class='ocrx_word' id='word_1_1153' title='bbox 727 3115 902 3154; x_wconf 87' lang='lat' dir='ltr'>Disposition</span> <span class='ocrx_word' id='word_1_1154' title='bbox 922 3123 953 3144; x_wconf 92' lang='lat' dir='ltr'>to</span> <span class='ocrx_word' id='word_1_1155' title='bbox 978 3113 1039 3143; x_wconf 91' lang='lat' dir='ltr'>doo</span> <span class='ocrx_word' id='word_1_1156' title='bbox 1060 3111 1188 3151; x_wconf 89' lang='lat' dir='ltr'>Justice,</span> <span class='ocrx_word' id='word_1_1157' title='bbox 1207 3115 1325 3152; x_wconf 84' lang='lat' dir='ltr'>somery-</span> 
     </span>
     <span class='ocr_line' id='line_1_127' title="bbox 270 3151 1328 3199; baseline -0.008 -9"><span class='ocrx_word' id='word_1_1158' title='bbox 270 3171 318 3191; x_wconf 82' lang='lat' dir='ltr'>ine</span> <span class='ocrx_word' id='word_1_1159' title='bbox 332 3161 368 3199; x_wconf 87' lang='lat' dir='ltr'>by</span> <span class='ocrx_word' id='word_1_1160' title='bbox 388 3158 537 3196; x_wconf 85' lang='lat' dir='ltr'>receaving</span> <span class='ocrx_word' id='word_1_1161' title='bbox 558 3155 647 3187; x_wconf 83' lang='lat' dir='ltr'>backe</span> <span class='ocrx_word' id='word_1_1162' title='bbox 671 3155 748 3185; x_wconf 86' lang='lat' dir='ltr'>what</span> <span class='ocrx_word' id='word_1_1163' title='bbox 767 3163 822 3184; x_wconf 85' lang='lat' dir='ltr'>was</span> <span class='ocrx_word' id='word_1_1164' title='bbox 837 3153 920 3184; x_wconf 70' lang='lat' dir='ltr'>taken</span> <span class='ocrx_word' id='word_1_1165' title='bbox 940 3152 1016 3182; x_wconf 91' lang='lat' dir='ltr'>from</span> <span class='ocrx_word' id='word_1_1166' title='bbox 1035 3151 1114 3182; x_wconf 90' lang='lat' dir='ltr'>them</span> <span class='ocrx_word' id='word_1_1167' title='bbox 1137 3160 1164 3182; x_wconf 84' lang='lat' dir='ltr'>at</span> <span class='ocrx_word' id='word_1_1168' title='bbox 1186 3151 1256 3191; x_wconf 83' lang='lat' dir='ltr'>Sea,</span> <span class='ocrx_word' id='word_1_1169' title='bbox 1283 3153 1328 3182; x_wconf 93' lang='lat' dir='ltr'>so-</span> 
     </span>
     <span class='ocr_line' id='line_1_128' title="bbox 270 3188 1329 3236; baseline -0.009 -7"><span class='ocrx_word' id='word_1_1170' title='bbox 270 3201 400 3229; x_wconf 75' lang='lat' dir='ltr'>metimes</span> <span class='ocrx_word' id='word_1_1171' title='bbox 415 3199 450 3236; x_wconf 86' lang='lat' dir='ltr'>by</span> <span class='ocrx_word' id='word_1_1172' title='bbox 466 3208 481 3227; x_wconf 83' lang='lat' dir='ltr'>a</span> <span class='ocrx_word' id='word_1_1173' title='bbox 498 3196 553 3226; x_wconf 90' lang='lat' dir='ltr'>due</span> <span class='ocrx_word' id='word_1_1174' title='bbox 571 3193 751 3225; x_wconf 68' lang='lat' dir='ltr'>Satisfaostion</span> <span class='ocrx_word' id='word_1_1175' title='bbox 772 3191 817 3222; x_wconf 91' lang='lat' dir='ltr'>for</span> <span class='ocrx_word' id='word_1_1176' title='bbox 841 3191 889 3221; x_wconf 90' lang='lat' dir='ltr'>the</span> <span class='ocrx_word' id='word_1_1177' title='bbox 910 3190 983 3221; x_wconf 78' lang='lat' dir='ltr'>same</span> <span class='ocrx_word' id='word_1_1178' title='bbox 996 3213 1006 3228; x_wconf 86' lang='lat'><em>‚</em></span> <span class='ocrx_word' id='word_1_1179' title='bbox 1030 3188 1084 3220; x_wconf 86' lang='lat' dir='ltr'>and</span> <span class='ocrx_word' id='word_1_1180' title='bbox 1104 3188 1266 3220; x_wconf 85' lang='lat' dir='ltr'>sometimes</span> <span class='ocrx_word' id='word_1_1181' title='bbox 1290 3191 1329 3228; x_wconf 89' lang='lat' dir='ltr'>by</span> 
     </span>
     <span class='ocr_line' id='line_1_129' title="bbox 269 3229 1332 3268; baseline -0.008 1"><span class='ocrx_word' id='word_1_1182' title='bbox 269 3238 460 3268; x_wconf 86' lang='lat' dir='ltr'>Punishment</span> <span class='ocrx_word' id='word_1_1183' title='bbox 475 3234 548 3265; x_wconf 88' lang='lat' dir='ltr'>with</span> <span class='ocrx_word' id='word_1_1184' title='bbox 558 3232 655 3263; x_wconf 72' lang='lat' dir='ltr'>Death</span> <span class='ocrx_word' id='word_1_1185' title='bbox 669 3233 703 3261; x_wconf 84' lang='lat' dir='ltr'>of</span> <span class='ocrx_word' id='word_1_1186' title='bbox 714 3232 763 3261; x_wconf 81' lang='lat' dir='ltr'>the</span> <span class='ocrx_word' id='word_1_1187' title='bbox 777 3231 881 3263; x_wconf 86' lang='lat' dir='ltr'>Parties</span> <span class='ocrx_word' id='word_1_1188' title='bbox 893 3229 1042 3268; x_wconf 81' lang='lat' dir='ltr'>offending</span> <span class='ocrx_word' id='word_1_1189' title='bbox 1051 3229 1221 3268; x_wconf 83' lang='lat' dir='ltr'>‚morethen</span> <span class='ocrx_word' id='word_1_1190' title='bbox 1234 3229 1332 3260; x_wconf 89' lang='lat' dir='ltr'>which</span> 
     </span>
     <span class='ocr_line' id='line_1_130' title="bbox 270 3268 982 3315; baseline -0.015 -7"><span class='ocrx_word' id='word_1_1191' title='bbox 270 3287 357 3315; x_wconf 63' lang='lat' dir='ltr'>ncqer</span> <span class='ocrx_word' id='word_1_1192' title='bbox 370 3284 423 3313; x_wconf 85' lang='lat' dir='ltr'>any</span> <span class='ocrx_word' id='word_1_1193' title='bbox 438 3273 521 3310; x_wconf 80' lang='lat' dir='ltr'>King</span> <span class='ocrx_word' id='word_1_1194' title='bbox 535 3282 568 3302; x_wconf 91' lang='lat' dir='ltr'>or</span> <span class='ocrx_word' id='word_1_1195' title='bbox 584 3272 689 3303; x_wconf 84' lang='lat' dir='ltr'>Prince</span> <span class='ocrx_word' id='word_1_1196' title='bbox 707 3270 755 3299; x_wconf 86' lang='lat' dir='ltr'>did</span> <span class='ocrx_word' id='word_1_1197' title='bbox 775 3279 808 3299; x_wconf 91' lang='lat' dir='ltr'>or</span> <span class='ocrx_word' id='word_1_1198' title='bbox 829 3268 916 3299; x_wconf 89' lang='lat' dir='ltr'>could</span> <span class='ocrx_word' id='word_1_1199' title='bbox 934 3268 982 3298; x_wconf 92' lang='lat' dir='ltr'>do.</span> 
     </span>
    </p>

    <p class='ocr_par' dir='ltr' id='par_1_29' title="bbox 273 3304 1341 4105">
     <span class='ocr_line' id='line_1_131' title="bbox 309 3304 1332 3352; baseline -0.01 -6"><span class='ocrx_word' id='word_1_1200' title='bbox 309 3315 466 3352; x_wconf 85' lang='lat' dir='ltr'>Touching</span> <span class='ocrx_word' id='word_1_1201' title='bbox 483 3311 565 3350; x_wconf 87' lang='lat' dir='ltr'>John</span> <span class='ocrx_word' id='word_1_1202' title='bbox 581 3309 672 3340; x_wconf 83' lang='lat' dir='ltr'>Ward</span> <span class='ocrx_word' id='word_1_1203' title='bbox 680 3308 715 3339; x_wconf 91' lang='lat' dir='ltr'>of</span> <span class='ocrx_word' id='word_1_1204' title='bbox 727 3307 894 3338; x_wconf 88' lang='lat' dir='ltr'>Plinmouth</span> <span class='ocrx_word' id='word_1_1205' title='bbox 905 3330 914 3343; x_wconf 86' lang='lat'>,</span> <span class='ocrx_word' id='word_1_1206' title='bbox 932 3307 1003 3337; x_wconf 89' lang='lat' dir='ltr'>who</span> <span class='ocrx_word' id='word_1_1207' title='bbox 1021 3307 1042 3336; x_wconf 91' lang='lat' dir='ltr'>is</span> <span class='ocrx_word' id='word_1_1208' title='bbox 1056 3304 1176 3342; x_wconf 80' lang='lat' dir='ltr'>charged</span> <span class='ocrx_word' id='word_1_1209' title='bbox 1202 3314 1234 3335; x_wconf 89' lang='lat' dir='ltr'>to</span> <span class='ocrx_word' id='word_1_1210' title='bbox 1256 3306 1332 3336; x_wconf 84' lang='lat' dir='ltr'>have</span> 
     </span>
     <span class='ocr_line' id='line_1_132' title="bbox 273 3342 1332 3388; baseline -0.008 -5"><span class='ocrx_word' id='word_1_1211' title='bbox 273 3354 383 3384; x_wconf 84' lang='lat' dir='ltr'>robbed</span> <span class='ocrx_word' id='word_1_1212' title='bbox 402 3350 532 3383; x_wconf 74' lang='lat' dir='ltr'>Rarnold</span> <span class='ocrx_word' id='word_1_1213' title='bbox 545 3347 685 3388; x_wconf 76' lang='lat' dir='ltr'>Simonfhn</span> <span class='ocrx_word' id='word_1_1214' title='bbox 700 3357 715 3377; x_wconf 88' lang='lat' dir='ltr'>a</span> <span class='ocrx_word' id='word_1_1215' title='bbox 731 3346 825 3383; x_wconf 86' lang='lat' dir='ltr'>Dane,</span> <span class='ocrx_word' id='word_1_1216' title='bbox 842 3346 863 3376; x_wconf 90' lang='lat' dir='ltr'>it</span> <span class='ocrx_word' id='word_1_1217' title='bbox 877 3344 1026 3384; x_wconf 87' lang='lat' dir='ltr'>appeareth</span> <span class='ocrx_word' id='word_1_1218' title='bbox 1043 3345 1080 3383; x_wconf 92' lang='lat' dir='ltr'>by</span> <span class='ocrx_word' id='word_1_1219' title='bbox 1097 3342 1243 3374; x_wconf 77' lang='lat' dir='ltr'>Certificat</span> <span class='ocrx_word' id='word_1_1220' title='bbox 1254 3344 1332 3375; x_wconf 90' lang='lat' dir='ltr'>from</span> 
     </span>
     <span class='ocr_line' id='line_1_133' title="bbox 276 3380 1333 3424; baseline -0.009 -3"><span class='ocrx_word' id='word_1_1221' title='bbox 276 3393 324 3422; x_wconf 88' lang='lat' dir='ltr'>the</span> <span class='ocrx_word' id='word_1_1222' title='bbox 341 3386 483 3421; x_wconf 73' lang='lat' dir='ltr'>Maiorof</span> <span class='ocrx_word' id='word_1_1223' title='bbox 494 3387 683 3424; x_wconf 87' lang='lat' dir='ltr'>Plinmouth,</span> <span class='ocrx_word' id='word_1_1224' title='bbox 705 3386 764 3415; x_wconf 84' lang='lat' dir='ltr'>that</span> <span class='ocrx_word' id='word_1_1225' title='bbox 783 3384 937 3422; x_wconf 67' lang='lat' dir='ltr'>presentiy,</span> <span class='ocrx_word' id='word_1_1226' title='bbox 959 3391 1037 3420; x_wconf 85' lang='lat' dir='ltr'>upon</span> <span class='ocrx_word' id='word_1_1227' title='bbox 1052 3380 1216 3421; x_wconf 80' lang='lat' dir='ltr'>Simonfhn&#39;s</span> <span class='ocrx_word' id='word_1_1228' title='bbox 1238 3382 1333 3413; x_wconf 89' lang='lat' dir='ltr'>Com-</span> 
     </span>
     <span class='ocr_line' id='line_1_134' title="bbox 275 3420 1333 3468; baseline -0.009 -10"><span class='ocrx_word' id='word_1_1229' title='bbox 275 3430 388 3468; x_wconf 74' lang='lat' dir='ltr'>playnt,</span> <span class='ocrx_word' id='word_1_1230' title='bbox 408 3428 499 3459; x_wconf 68' lang='lat' dir='ltr'>W&#39;ard</span> <span class='ocrx_word' id='word_1_1231' title='bbox 510 3437 566 3458; x_wconf 86' lang='lat' dir='ltr'>was</span> <span class='ocrx_word' id='word_1_1232' title='bbox 583 3423 777 3466; x_wconf 86' lang='lat' dir='ltr'>apprehended</span> <span class='ocrx_word' id='word_1_1233' title='bbox 796 3432 822 3453; x_wconf 84' lang='lat' dir='ltr'>at</span> <span class='ocrx_word' id='word_1_1234' title='bbox 844 3421 1014 3453; x_wconf 87' lang='lat' dir='ltr'>Plinmouth</span> <span class='ocrx_word' id='word_1_1235' title='bbox 1030 3421 1117 3451; x_wconf 89' lang='lat' dir='ltr'>about</span> <span class='ocrx_word' id='word_1_1236' title='bbox 1142 3431 1157 3450; x_wconf 87' lang='lat' dir='ltr'>a</span> <span class='ocrx_word' id='word_1_1237' title='bbox 1183 3420 1258 3450; x_wconf 90' lang='lat' dir='ltr'>Yere</span> <span class='ocrx_word' id='word_1_1238' title='bbox 1278 3422 1333 3451; x_wconf 87' lang='lat' dir='ltr'>sin-</span> 
     </span>
     <span class='ocr_line' id='line_1_135' title="bbox 277 3458 1334 3505; baseline -0.009 -8"><span class='ocrx_word' id='word_1_1239' title='bbox 277 3478 329 3504; x_wconf 84' lang='lat' dir='ltr'>ce,</span> <span class='ocrx_word' id='word_1_1240' title='bbox 346 3466 489 3497; x_wconf 74' lang='lat' dir='ltr'>exaniined</span> <span class='ocrx_word' id='word_1_1241' title='bbox 502 3467 538 3505; x_wconf 89' lang='lat' dir='ltr'>by</span> <span class='ocrx_word' id='word_1_1242' title='bbox 554 3465 603 3495; x_wconf 88' lang='lat' dir='ltr'>the</span> <span class='ocrx_word' id='word_1_1243' title='bbox 623 3467 736 3500; x_wconf 74' lang='lat' dir='ltr'>Maior,</span> <span class='ocrx_word' id='word_1_1244' title='bbox 755 3459 925 3492; x_wconf 86' lang='lat' dir='ltr'>committed</span> <span class='ocrx_word' id='word_1_1245' title='bbox 941 3469 972 3490; x_wconf 86' lang='lat' dir='ltr'>to</span> <span class='ocrx_word' id='word_1_1246' title='bbox 992 3458 1108 3496; x_wconf 88' lang='lat' dir='ltr'>Prison,</span> <span class='ocrx_word' id='word_1_1247' title='bbox 1126 3458 1167 3489; x_wconf 90' lang='lat' dir='ltr'>till</span> <span class='ocrx_word' id='word_1_1248' title='bbox 1183 3469 1261 3498; x_wconf 89' lang='lat' dir='ltr'>upon</span> <span class='ocrx_word' id='word_1_1249' title='bbox 1275 3459 1334 3489; x_wconf 81' lang='lat' dir='ltr'>Re-</span> 
     </span>
     <span class='ocr_line' id='line_1_136' title="bbox 279 3496 1334 3542; baseline -0.007 -7"><span class='ocrx_word' id='word_1_1250' title='bbox 279 3507 406 3535; x_wconf 77' lang='lat' dir='ltr'>stitution</span> <span class='ocrx_word' id='word_1_1251' title='bbox 421 3507 456 3536; x_wconf 80' lang='lat' dir='ltr'>of</span> <span class='ocrx_word' id='word_1_1252' title='bbox 468 3514 579 3542; x_wconf 85' lang='lat' dir='ltr'>certayn</span> <span class='ocrx_word' id='word_1_1253' title='bbox 594 3502 716 3534; x_wconf 86' lang='lat' dir='ltr'>Goodes</span> <span class='ocrx_word' id='word_1_1254' title='bbox 733 3508 765 3531; x_wconf 89' lang='lat' dir='ltr'>to</span> <span class='ocrx_word' id='word_1_1255' title='bbox 784 3498 948 3540; x_wconf 73' lang='lat' dir='ltr'>Syrnonsae&#39;m,</span> <span class='ocrx_word' id='word_1_1256' title='bbox 973 3497 1029 3528; x_wconf 89' lang='lat' dir='ltr'>and</span> <span class='ocrx_word' id='word_1_1257' title='bbox 1051 3497 1133 3528; x_wconf 89' lang='lat' dir='ltr'>other</span> <span class='ocrx_word' id='word_1_1258' title='bbox 1158 3496 1334 3536; x_wconf 81' lang='lat' dir='ltr'>Agreement</span> 
     </span>
     <span class='ocr_line' id='line_1_137' title="bbox 279 3535 1336 3581; baseline -0.009 -6"><span class='ocrx_word' id='word_1_1259' title='bbox 279 3544 351 3575; x_wconf 73' lang='lat' dir='ltr'>wii&#39;n</span> <span class='ocrx_word' id='word_1_1260' title='bbox 365 3544 424 3574; x_wconf 85' lang='lat' dir='ltr'>hini</span> <span class='ocrx_word' id='word_1_1261' title='bbox 436 3568 444 3581; x_wconf 73' lang='lat'>‚</span> <span class='ocrx_word' id='word_1_1262' title='bbox 465 3544 554 3573; x_wconf 77' lang='lat' dir='ltr'>Ward</span> <span class='ocrx_word' id='word_1_1263' title='bbox 565 3552 622 3573; x_wconf 79' lang='lat' dir='ltr'>was</span> <span class='ocrx_word' id='word_1_1264' title='bbox 639 3540 798 3577; x_wconf 69' lang='lat' dir='ltr'>discharged</span> <span class='ocrx_word' id='word_1_1265' title='bbox 818 3540 854 3578; x_wconf 89' lang='lat' dir='ltr'>by</span> <span class='ocrx_word' id='word_1_1266' title='bbox 875 3537 992 3577; x_wconf 80' lang='lat' dir='ltr'>Symon’s</span> <span class='ocrx_word' id='word_1_1267' title='bbox 1011 3535 1139 3567; x_wconf 89' lang='lat' dir='ltr'>Consent</span> <span class='ocrx_word' id='word_1_1268' title='bbox 1155 3544 1207 3566; x_wconf 91' lang='lat' dir='ltr'>out</span> <span class='ocrx_word' id='word_1_1269' title='bbox 1219 3535 1255 3565; x_wconf 81' lang='lat' dir='ltr'>of</span> <span class='ocrx_word' id='word_1_1270' title='bbox 1274 3536 1336 3566; x_wconf 90' lang='lat' dir='ltr'>Pri·</span> 
     </span>
     <span class='ocr_line' id='line_1_138' title="bbox 279 3574 1338 3620; baseline -0.008 -8"><span class='ocrx_word' id='word_1_1271' title='bbox 279 3584 330 3612; x_wconf 86' lang='lat' dir='ltr'>son</span> <span class='ocrx_word' id='word_1_1272' title='bbox 341 3594 349 3618; x_wconf 67' lang='lat'>3</span> <span class='ocrx_word' id='word_1_1273' title='bbox 360 3583 411 3611; x_wconf 72' lang='lat' dir='ltr'>and</span> <span class='ocrx_word' id='word_1_1274' title='bbox 429 3583 485 3611; x_wconf 75' lang='lat' dir='ltr'>:hat</span> <span class='ocrx_word' id='word_1_1275' title='bbox 500 3580 644 3620; x_wconf 70' lang='lat' dir='ltr'>Symonfim</span> <span class='ocrx_word' id='word_1_1276' title='bbox 659 3577 789 3616; x_wconf 79' lang='lat' dir='ltr'>deparred</span> <span class='ocrx_word' id='word_1_1277' title='bbox 806 3586 857 3607; x_wconf 86' lang='lat' dir='ltr'>out</span> <span class='ocrx_word' id='word_1_1278' title='bbox 870 3577 908 3607; x_wconf 85' lang='lat' dir='ltr'>of</span> <span class='ocrx_word' id='word_1_1279' title='bbox 920 3575 1138 3614; x_wconf 79' lang='lat' dir='ltr'>Plinmouth,to</span> <span class='ocrx_word' id='word_1_1280' title='bbox 1155 3575 1205 3605; x_wconf 87' lang='lat' dir='ltr'>the</span> <span class='ocrx_word' id='word_1_1281' title='bbox 1220 3574 1338 3604; x_wconf 76' lang='lat' dir='ltr'>Maior&#39;s</span> 
     </span>
     <span class='ocr_line' id='line_1_139' title="bbox 281 3613 1340 3656; baseline -0.008 -6"><span class='ocrx_word' id='word_1_1282' title='bbox 281 3618 514 3656; x_wconf 67' lang='lat' dir='ltr'>understanciing,</span> <span class='ocrx_word' id='word_1_1283' title='bbox 530 3620 596 3650; x_wconf 85' lang='lat' dir='ltr'>well</span> <span class='ocrx_word' id='word_1_1284' title='bbox 610 3617 781 3649; x_wconf 85' lang='lat' dir='ltr'>contented:</span> <span class='ocrx_word' id='word_1_1285' title='bbox 800 3615 898 3646; x_wconf 90' lang='lat' dir='ltr'>which</span> <span class='ocrx_word' id='word_1_1286' title='bbox 910 3615 996 3653; x_wconf 82' lang='lat' dir='ltr'>being</span> <span class='ocrx_word' id='word_1_1287' title='bbox 1009 3613 1057 3650; x_wconf 87' lang='lat' dir='ltr'>so,</span> <span class='ocrx_word' id='word_1_1288' title='bbox 1073 3613 1128 3644; x_wconf 86' lang='lat' dir='ltr'>and</span> <span class='ocrx_word' id='word_1_1289' title='bbox 1146 3613 1175 3642; x_wconf 86' lang='lat' dir='ltr'>in</span> <span class='ocrx_word' id='word_1_1290' title='bbox 1194 3621 1254 3650; x_wconf 81' lang='lat' dir='ltr'>part</span> <span class='ocrx_word' id='word_1_1291' title='bbox 1266 3622 1340 3643; x_wconf 88' lang='lat' dir='ltr'>con-</span> 
     </span>
     <span class='ocr_line' id='line_1_140' title="bbox 283 3651 1339 3696; baseline -0.008 -7"><span class='ocrx_word' id='word_1_1292' title='bbox 283 3659 370 3690; x_wconf 64' lang='lat' dir='ltr'>fess‘ed</span> <span class='ocrx_word' id='word_1_1293' title='bbox 387 3659 422 3696; x_wconf 86' lang='lat' dir='ltr'>by</span> <span class='ocrx_word' id='word_1_1294' title='bbox 436 3658 483 3687; x_wconf 69' lang='lat' dir='ltr'>the</span> <span class='ocrx_word' id='word_1_1295' title='bbox 499 3658 595 3694; x_wconf 78' lang='lat' dir='ltr'>King&#39;s</span> <span class='ocrx_word' id='word_1_1296' title='bbox 615 3657 726 3695; x_wconf 83' lang='lat' dir='ltr'>Letter,</span> <span class='ocrx_word' id='word_1_1297' title='bbox 745 3657 767 3686; x_wconf 88' lang='lat' dir='ltr'>it</span> <span class='ocrx_word' id='word_1_1298' title='bbox 787 3655 808 3684; x_wconf 94' lang='lat' dir='ltr'>is</span> <span class='ocrx_word' id='word_1_1299' title='bbox 825 3653 894 3684; x_wconf 80' lang='lat' dir='ltr'>hard</span> <span class='ocrx_word' id='word_1_1300' title='bbox 911 3653 969 3684; x_wconf 84' lang='lat' dir='ltr'>that</span> <span class='ocrx_word' id='word_1_1301' title='bbox 987 3653 1017 3682; x_wconf 91' lang='lat' dir='ltr'>in</span> <span class='ocrx_word' id='word_1_1302' title='bbox 1034 3653 1081 3682; x_wconf 86' lang='lat' dir='ltr'>the</span> <span class='ocrx_word' id='word_1_1303' title='bbox 1098 3651 1174 3682; x_wconf 85' lang='lat' dir='ltr'>same</span> <span class='ocrx_word' id='word_1_1304' title='bbox 1189 3652 1287 3681; x_wconf 87' lang='lat' dir='ltr'>Letter</span> <span class='ocrx_word' id='word_1_1305' title='bbox 1301 3652 1339 3681; x_wconf 88' lang='lat' dir='ltr'>he</span> 
     </span>
     <span class='ocr_line' id='line_1_141' title="bbox 282 3689 1338 3734; baseline -0.009 -7"><span class='ocrx_word' id='word_1_1306' title='bbox 282 3697 342 3727; x_wconf 77' lang='lat' dir='ltr'>will</span> <span class='ocrx_word' id='word_1_1307' title='bbox 354 3697 436 3726; x_wconf 90' lang='lat' dir='ltr'>write</span> <span class='ocrx_word' id='word_1_1308' title='bbox 452 3696 511 3725; x_wconf 57' lang='lat' dir='ltr'>that</span> <span class='ocrx_word' id='word_1_1309' title='bbox 535 3697 583 3726; x_wconf 88' lang='lat' dir='ltr'>the</span> <span class='ocrx_word' id='word_1_1310' title='bbox 609 3695 703 3726; x_wconf 90' lang='lat' dir='ltr'>Pirate</span> <span class='ocrx_word' id='word_1_1311' title='bbox 727 3692 905 3734; x_wconf 79' lang='lat' dir='ltr'>impudently</span> <span class='ocrx_word' id='word_1_1312' title='bbox 932 3691 1061 3721; x_wconf 90' lang='lat' dir='ltr'>insulteth</span> <span class='ocrx_word' id='word_1_1313' title='bbox 1076 3690 1131 3720; x_wconf 88' lang='lat' dir='ltr'>and</span> <span class='ocrx_word' id='word_1_1314' title='bbox 1153 3689 1259 3728; x_wconf 82' lang='lat' dir='ltr'>against</span> <span class='ocrx_word' id='word_1_1315' title='bbox 1276 3689 1338 3719; x_wconf 86' lang='lat' dir='ltr'>him</span> 
     </span>
     <span class='ocr_line' id='line_1_142' title="bbox 283 3728 1341 3773; baseline -0.008 -8"><span class='ocrx_word' id='word_1_1316' title='bbox 283 3736 404 3773; x_wconf 74' lang='lat' dir='ltr'>nothing</span> <span class='ocrx_word' id='word_1_1317' title='bbox 427 3735 448 3763; x_wconf 88' lang='lat' dir='ltr'>is</span> <span class='ocrx_word' id='word_1_1318' title='bbox 467 3735 609 3770; x_wconf 75' lang='lat' dir='ltr'>decreed3</span> <span class='ocrx_word' id='word_1_1319' title='bbox 634 3734 690 3764; x_wconf 91' lang='lat' dir='ltr'>and</span> <span class='ocrx_word' id='word_1_1320' title='bbox 712 3732 851 3769; x_wconf 84' lang='lat' dir='ltr'>unkindly</span> <span class='ocrx_word' id='word_1_1321' title='bbox 877 3729 1020 3761; x_wconf 88' lang='lat' dir='ltr'>missiketh</span> <span class='ocrx_word' id='word_1_1322' title='bbox 1040 3729 1102 3760; x_wconf 91' lang='lat' dir='ltr'>that</span> <span class='ocrx_word' id='word_1_1323' title='bbox 1126 3728 1200 3759; x_wconf 88' lang='lat' dir='ltr'>these</span> <span class='ocrx_word' id='word_1_1324' title='bbox 1229 3728 1341 3766; x_wconf 85' lang='lat' dir='ltr'>thinges</span> 
     </span>
     <span class='ocr_line' id='line_1_143' title="bbox 284 3766 1338 3804; baseline -0.008 -1"><span class='ocrx_word' id='word_1_1325' title='bbox 284 3773 385 3804; x_wconf 72' lang='lat' dir='ltr'>ssmuld</span> <span class='ocrx_word' id='word_1_1326' title='bbox 400 3775 434 3802; x_wconf 85' lang='lat' dir='ltr'>be</span> <span class='ocrx_word' id='word_1_1327' title='bbox 450 3773 568 3801; x_wconf 75' lang='lat' dir='ltr'>referred</span> <span class='ocrx_word' id='word_1_1328' title='bbox 584 3772 675 3802; x_wconf 82' lang='lat' dir='ltr'>rothe</span> <span class='ocrx_word' id='word_1_1329' title='bbox 697 3769 944 3802; x_wconf 85' lang='lat' dir='ltr'>Commiffioners</span> <span class='ocrx_word' id='word_1_1330' title='bbox 970 3777 1037 3799; x_wconf 87' lang='lat' dir='ltr'>new</span> <span class='ocrx_word' id='word_1_1331' title='bbox 1050 3766 1216 3799; x_wconf 71' lang='lat' dir='ltr'>raffembled</span> <span class='ocrx_word' id='word_1_1332' title='bbox 1234 3789 1243 3804; x_wconf 86' lang='lat'>‚</span> <span class='ocrx_word' id='word_1_1333' title='bbox 1273 3776 1338 3804; x_wconf 89' lang='lat' dir='ltr'>pro-</span> 
     </span>
     <span class='ocr_line' id='line_1_144' title="bbox 288 3804 1338 3847; baseline -0.005 -8"><span class='ocrx_word' id='word_1_1334' title='bbox 288 3811 479 3847; x_wconf 69' lang='lat' dir='ltr'>gnoi’cicating</span> <span class='ocrx_word' id='word_1_1335' title='bbox 495 3810 592 3839; x_wconf 76' lang='lat' dir='ltr'>before</span> <span class='ocrx_word' id='word_1_1336' title='bbox 605 3810 682 3840; x_wconf 87' lang='lat' dir='ltr'>hand</span> <span class='ocrx_word' id='word_1_1337' title='bbox 696 3808 867 3846; x_wconf 84' lang='lat' dir='ltr'>that,whilst</span> <span class='ocrx_word' id='word_1_1338' title='bbox 881 3808 947 3847; x_wconf 87' lang='lat' dir='ltr'>they</span> <span class='ocrx_word' id='word_1_1339' title='bbox 959 3808 995 3838; x_wconf 91' lang='lat' dir='ltr'>be</span> <span class='ocrx_word' id='word_1_1340' title='bbox 1011 3808 1041 3835; x_wconf 88' lang='lat' dir='ltr'>in</span> <span class='ocrx_word' id='word_1_1341' title='bbox 1052 3805 1199 3844; x_wconf 83' lang='lat' dir='ltr'>Treating,</span> <span class='ocrx_word' id='word_1_1342' title='bbox 1206 3804 1249 3834; x_wconf 89' lang='lat' dir='ltr'>his</span> <span class='ocrx_word' id='word_1_1343' title='bbox 1264 3804 1338 3835; x_wconf 90' lang='lat' dir='ltr'>Sub-</span> 
     </span>
     <span class='ocr_line' id='line_1_145' title="bbox 282 3843 1339 3923; baseline -0.007 -5"><span class='ocrx_word' id='word_1_1344' title='bbox 282 3849 591 3923; x_wconf 49' lang='lat' dir='ltr'>{ssff—ishffssossetS-issss&#39;</span> <span class='ocrx_word' id='word_1_1345' title='bbox 597 3846 994 3922; x_wconf 56' lang='grc' dir='ltr'>ἐέἴιῗὲοὸῗζτὲἰὲἰῗέηῇἓέ</span> <span class='ocrx_word' id='word_1_1346' title='bbox 1010 3844 1108 3912; x_wconf 61' lang='lat'>3232?</span> <span class='ocrx_word' id='word_1_1347' title='bbox 1110 3844 1146 3912; x_wconf 63' lang='lat'><em>‘1³13</em></span> <span class='ocrx_word' id='word_1_1348' title='bbox 1162 3844 1298 3912; x_wconf 46' lang='lat' dir='ltr'>*22²2ss</span> <span class='ocrx_word' id='word_1_1349' title='bbox 1310 3843 1339 3911; x_wconf 64' lang='lat'>³5}</span> 
     </span>
     <span class='ocr_line' id='line_1_146' title="bbox 286 3892 1338 3963; baseline -0.006 -8"><span class='ocrx_word' id='word_1_1350' title='bbox 286 3926 336 3956; x_wconf 82' lang='lat' dir='ltr'>last</span> <span class='ocrx_word' id='word_1_1351' title='bbox 362 3909 459 3955; x_wconf 66' lang='lat' dir='ltr'>Eetrer</span> <span class='ocrx_word' id='word_1_1352' title='bbox 482 3925 576 3954; x_wconf 85' lang='lat' dir='ltr'>before</span> <span class='ocrx_word' id='word_1_1353' title='bbox 599 3924 669 3963; x_wconf 72' lang='lat' dir='ltr'>this,</span> <span class='ocrx_word' id='word_1_1354' title='bbox 689 3925 740 3954; x_wconf 84' lang='lat' dir='ltr'>her</span> <span class='ocrx_word' id='word_1_1355' title='bbox 762 3923 882 3963; x_wconf 61' lang='lat' dir='ltr'>Majesty</span> <span class='ocrx_word' id='word_1_1356' title='bbox 894 3923 962 3952; x_wconf 83' lang='lat' dir='ltr'>hath</span> <span class='ocrx_word' id='word_1_1357' title='bbox 985 3930 1013 3952; x_wconf 87' lang='lat' dir='ltr'>at</span> <span class='ocrx_word' id='word_1_1358' title='bbox 1028 3922 1077 3952; x_wconf 91' lang='lat' dir='ltr'>her</span> <span class='ocrx_word' id='word_1_1359' title='bbox 1103 3930 1163 3950; x_wconf 90' lang='lat' dir='ltr'>oun</span> <span class='ocrx_word' id='word_1_1360' title='bbox 1187 3920 1256 3950; x_wconf 89' lang='lat' dir='ltr'>Sute</span> <span class='ocrx_word' id='word_1_1361' title='bbox 1282 3892 1338 3950; x_wconf 59' lang='lat' dir='ltr'>a‘rgid</span> 
     </span>
     <span class='ocr_line' id='line_1_147' title="bbox 285 3958 1337 4001; baseline -0.007 -6"><span class='ocrx_word' id='word_1_1362' title='bbox 285 3965 399 4001; x_wconf 83' lang='lat' dir='ltr'>Charge</span> <span class='ocrx_word' id='word_1_1363' title='bbox 415 3964 513 3993; x_wconf 78' lang='lat' dir='ltr'>caused</span> <span class='ocrx_word' id='word_1_1364' title='bbox 530 3963 620 3991; x_wconf 77' lang='lat' dir='ltr'>Ward</span> <span class='ocrx_word' id='word_1_1365' title='bbox 635 3973 665 3992; x_wconf 91' lang='lat' dir='ltr'>to</span> <span class='ocrx_word' id='word_1_1366' title='bbox 679 3964 714 3993; x_wconf 90' lang='lat' dir='ltr'>be</span> <span class='ocrx_word' id='word_1_1367' title='bbox 727 3972 814 4001; x_wconf 84' lang='lat' dir='ltr'>agayn</span> <span class='ocrx_word' id='word_1_1368' title='bbox 828 3960 1024 3999; x_wconf 83' lang='lat' dir='ltr'>apprehended</span> <span class='ocrx_word' id='word_1_1369' title='bbox 1034 3983 1044 3998; x_wconf 86' lang='lat'>‚</span> <span class='ocrx_word' id='word_1_1370' title='bbox 1061 3959 1116 3990; x_wconf 86' lang='lat' dir='ltr'>and</span> <span class='ocrx_word' id='word_1_1371' title='bbox 1140 3958 1258 3997; x_wconf 87' lang='lat' dir='ltr'>keepeth</span> <span class='ocrx_word' id='word_1_1372' title='bbox 1274 3958 1337 3988; x_wconf 90' lang='lat' dir='ltr'>him</span> 
     </span>
     <span class='ocr_line' id='line_1_148' title="bbox 283 3996 1336 4040; baseline -0.008 -7"><span class='ocrx_word' id='word_1_1373' title='bbox 283 4005 312 4033; x_wconf 88' lang='lat' dir='ltr'>in</span> <span class='ocrx_word' id='word_1_1374' title='bbox 327 4002 429 4034; x_wconf 88' lang='lat' dir='ltr'>Prison</span> <span class='ocrx_word' id='word_1_1375' title='bbox 443 4001 482 4031; x_wconf 74' lang='lat' dir='ltr'>till</span> <span class='ocrx_word' id='word_1_1376' title='bbox 497 4000 545 4031; x_wconf 83' lang='lat' dir='ltr'>the</span> <span class='ocrx_word' id='word_1_1377' title='bbox 559 4000 649 4031; x_wconf 85' lang='lat' dir='ltr'>Cause</span> <span class='ocrx_word' id='word_1_1378' title='bbox 662 4011 727 4040; x_wconf 87' lang='lat' dir='ltr'>may</span> <span class='ocrx_word' id='word_1_1379' title='bbox 745 4003 780 4032; x_wconf 89' lang='lat' dir='ltr'>be</span> <span class='ocrx_word' id='word_1_1380' title='bbox 794 4000 954 4035; x_wconf 83' lang='lat' dir='ltr'>examined‚</span> <span class='ocrx_word' id='word_1_1381' title='bbox 972 3998 1027 4028; x_wconf 86' lang='lat' dir='ltr'>and</span> <span class='ocrx_word' id='word_1_1382' title='bbox 1039 3997 1147 4036; x_wconf 88' lang='lat' dir='ltr'>Justice</span> <span class='ocrx_word' id='word_1_1383' title='bbox 1164 3997 1230 4035; x_wconf 86' lang='lat' dir='ltr'>fully</span> <span class='ocrx_word' id='word_1_1384' title='bbox 1243 3996 1336 4026; x_wconf 86' lang='lat' dir='ltr'>admi-</span> 
     </span>
     <span class='ocr_line' id='line_1_149' title="bbox 281 4034 1340 4105; baseline -0.009 -31"><span class='ocrx_word' id='word_1_1385' title='bbox 281 4041 387 4074; x_wconf 83' lang='lat' dir='ltr'>nistred</span> <span class='ocrx_word' id='word_1_1386' title='bbox 403 4042 433 4071; x_wconf 84' lang='lat' dir='ltr'>in</span> <span class='ocrx_word' id='word_1_1387' title='bbox 446 4040 505 4072; x_wconf 81' lang='lat' dir='ltr'>that</span> <span class='ocrx_word' id='word_1_1388' title='bbox 520 4038 616 4071; x_wconf 86' lang='lat' dir='ltr'>which</span> <span class='ocrx_word' id='word_1_1389' title='bbox 631 4039 756 4073; x_wconf 80' lang='lat' dir='ltr'>wanteth</span> <span class='ocrx_word' id='word_1_1390' title='bbox 773 4037 897 4076; x_wconf 85' lang='lat' dir='ltr'>through</span> <span class='ocrx_word' id='word_1_1391' title='bbox 910 4037 959 4070; x_wconf 83' lang='lat' dir='ltr'>the</span> <span class='ocrx_word' id='word_1_1392' title='bbox 975 4036 1056 4075; x_wconf 82' lang='lat' dir='ltr'>Party</span> <span class='ocrx_word' id='word_1_1393' title='bbox 1065 4034 1207 4069; x_wconf 84' lang='lat' dir='ltr'>Plaintiffe</span> <span class='ocrx_word' id='word_1_1394' title='bbox 1222 4035 1340 4105; x_wconf 54' lang='lat' dir='ltr'>higasud-</span> 
     </span>
    </p>

    <p class='ocr_par' dir='ltr' id='par_1_30' title="bbox 1284 4082 1341 4115">
     <span class='ocr_line' id='line_1_150' title="bbox 1284 4082 1341 4115; baseline -0.018 -9"><span class='ocrx_word' id='word_1_1395' title='bbox 1284 4082 1341 4115; x_wconf 62' lang='grc' dir='ltr'>γης</span> 
     </span>
    </p>
   </div>
   <div class='ocr_carea' id='block_1_24' title="bbox 1361 2991 2446 4101">
    <p class='ocr_par' dir='ltr' id='par_1_31' title="bbox 1361 2991 2437 3302">
     <span class='ocr_line' id='line_1_151' title="bbox 1361 2991 2437 3036; baseline 0.006 -12"><span class='ocrx_word' id='word_1_1396' title='bbox 1361 3006 1476 3033; x_wconf 72' lang='lat' dir='ltr'>guerre3</span> <span class='ocrx_word' id='word_1_1397' title='bbox 1494 3006 1528 3025; x_wconf 85' lang='lat' dir='ltr'>en</span> <span class='ocrx_word' id='word_1_1398' title='bbox 1561 2997 1605 3024; x_wconf 84' lang='lat' dir='ltr'>uoi</span> <span class='ocrx_word' id='word_1_1399' title='bbox 1616 2993 1643 3024; x_wconf 93' lang='lat' dir='ltr'>le</span> <span class='ocrx_word' id='word_1_1400' title='bbox 1653 2992 1713 3023; x_wconf 90' lang='lat' dir='ltr'>Roi</span> <span class='ocrx_word' id='word_1_1401' title='bbox 1721 2991 1786 3032; x_wconf 83' lang='lat' dir='ltr'>fait</span> <span class='ocrx_word' id='word_1_1402' title='bbox 1800 2993 1938 3024; x_wconf 82' lang='lat' dir='ltr'>d&#39;autant</span> <span class='ocrx_word' id='word_1_1403' title='bbox 1948 2993 2010 3033; x_wconf 81' lang='lat' dir='ltr'>plus</span> <span class='ocrx_word' id='word_1_1404' title='bbox 2027 2996 2060 3024; x_wconf 82' lang='lat' dir='ltr'>de</span> <span class='ocrx_word' id='word_1_1405' title='bbox 2073 3003 2132 3026; x_wconf 86' lang='lat' dir='ltr'>tort</span> <span class='ocrx_word' id='word_1_1406' title='bbox 2148 2996 2166 3025; x_wconf 75' lang='grc' dir='ltr'><em>ἃ</em></span> <span class='ocrx_word' id='word_1_1407' title='bbox 2181 2995 2216 3027; x_wconf 88' lang='lat' dir='ltr'>Sa</span> <span class='ocrx_word' id='word_1_1408' title='bbox 2224 2995 2347 3036; x_wconf 72' lang='lat' dir='ltr'>Majeste</span> <span class='ocrx_word' id='word_1_1409' title='bbox 2359 3010 2394 3030; x_wconf 83' lang='lat' dir='ltr'>en</span> <span class='ocrx_word' id='word_1_1410' title='bbox 2408 3011 2437 3030; x_wconf 75' lang='lat' dir='ltr'>ce</span> 
     </span>
     <span class='ocr_line' id='line_1_152' title="bbox 1364 3005 2437 3077; baseline 0.006 -15"><span class='ocrx_word' id='word_1_1411' title='bbox 1364 3033 1434 3076; x_wconf 77' lang='lat' dir='ltr'>qu’il</span> <span class='ocrx_word' id='word_1_1412' title='bbox 1443 3005 1559 3073; x_wconf 45' lang='lat' dir='ltr'>l&#39;accullze</span> <span class='ocrx_word' id='word_1_1413' title='bbox 1573 3043 1624 3074; x_wconf 85' lang='lat' dir='ltr'>que</span> <span class='ocrx_word' id='word_1_1414' title='bbox 1636 3038 1705 3062; x_wconf 82' lang='lat' dir='ltr'>cette</span> <span class='ocrx_word' id='word_1_1415' title='bbox 1718 3030 1825 3070; x_wconf 54' lang='lat' dir='ltr'>respons}</span> <span class='ocrx_word' id='word_1_1416' title='bbox 1839 3043 1874 3061; x_wconf 81' lang='lat' dir='ltr'>ne</span> <span class='ocrx_word' id='word_1_1417' title='bbox 1881 3031 1941 3071; x_wconf 64' lang='lat' dir='ltr'>fir!</span> <span class='ocrx_word' id='word_1_1418' title='bbox 1954 3045 2005 3074; x_wconf 84' lang='lat' dir='ltr'>que</span> <span class='ocrx_word' id='word_1_1419' title='bbox 2012 3033 2044 3062; x_wconf 87' lang='lat' dir='ltr'>de</span> <span class='ocrx_word' id='word_1_1420' title='bbox 2058 3033 2163 3073; x_wconf 80' lang='lat' dir='ltr'>de‘faite</span> <span class='ocrx_word' id='word_1_1421' title='bbox 2171 3042 2239 3073; x_wconf 89' lang='lat' dir='ltr'>pour</span> <span class='ocrx_word' id='word_1_1422' title='bbox 2239 3035 2273 3074; x_wconf 76' lang='lat' dir='ltr'>fi’</span> <span class='ocrx_word' id='word_1_1423' title='bbox 2280 3036 2437 3077; x_wconf 83' lang='lat' dir='ltr'>debaraffer</span> 
     </span>
     <span class='ocr_line' id='line_1_153' title="bbox 1365 3070 2435 3117; baseline 0.005 -15"><span class='ocrx_word' id='word_1_1424' title='bbox 1365 3074 1398 3104; x_wconf 82' lang='lat' dir='ltr'>de</span> <span class='ocrx_word' id='word_1_1425' title='bbox 1417 3073 1447 3103; x_wconf 84' lang='lat' dir='ltr'>Ia</span> <span class='ocrx_word' id='word_1_1426' title='bbox 1468 3072 1559 3112; x_wconf 74' lang='lat' dir='ltr'>cauft,</span> <span class='ocrx_word' id='word_1_1427' title='bbox 1601 3071 1702 3117; x_wconf 83' lang='lat' dir='ltr'>ndant</span> <span class='ocrx_word' id='word_1_1428' title='bbox 1716 3081 1766 3112; x_wconf 82' lang='lat' dir='ltr'>que</span> <span class='ocrx_word' id='word_1_1429' title='bbox 1787 3070 1826 3105; x_wconf 50' lang='grc' dir='ltr'>όν</span> <span class='ocrx_word' id='word_1_1430' title='bbox 1841 3070 1886 3114; x_wconf 67' lang='lat' dir='ltr'>fir</span> <span class='ocrx_word' id='word_1_1431' title='bbox 1894 3078 2002 3109; x_wconf 69' lang='lat' dir='ltr'>propres-</span> <span class='ocrx_word' id='word_1_1432' title='bbox 2016 3073 2107 3110; x_wconf 77' lang='lat' dir='ltr'>Sujets</span> <span class='ocrx_word' id='word_1_1433' title='bbox 2129 3071 2167 3108; x_wconf 57' lang='grc' dir='ltr'>(ἐν</span> <span class='ocrx_word' id='word_1_1434' title='bbox 2192 3085 2258 3104; x_wconf 79' lang='lat' dir='ltr'>ceux</span> <span class='ocrx_word' id='word_1_1435' title='bbox 2277 3076 2323 3105; x_wconf 81' lang='lat' dir='ltr'>des</span> <span class='ocrx_word' id='word_1_1436' title='bbox 2342 3085 2435 3107; x_wconf 82' lang='lat' dir='ltr'>autres</span> 
     </span>
     <span class='ocr_line' id='line_1_154' title="bbox 1366 3109 2415 3155; baseline 0.003 -13"><span class='ocrx_word' id='word_1_1437' title='bbox 1366 3115 1475 3142; x_wconf 84' lang='lat' dir='ltr'>Princes</span> <span class='ocrx_word' id='word_1_1438' title='bbox 1488 3119 1539 3142; x_wconf 85' lang='lat' dir='ltr'>ont</span> <span class='ocrx_word' id='word_1_1439' title='bbox 1549 3118 1568 3148; x_wconf 89' lang='lat' dir='ltr'>p</span> <span class='ocrx_word' id='word_1_1440' title='bbox 1582 3118 1717 3140; x_wconf 81' lang='lat' dir='ltr'>ernement</span> <span class='ocrx_word' id='word_1_1441' title='bbox 1731 3110 1891 3148; x_wconf 59' lang='lat' dir='ltr'>{orouve‘sa</span> <span class='ocrx_word' id='word_1_1442' title='bbox 1900 3109 1991 3150; x_wconf 62' lang='lat' dir='ltr'>piens&amp;</span> <span class='ocrx_word' id='word_1_1443' title='bbox 2011 3110 2164 3151; x_wconf 53' lang='lat' dir='ltr'>dispo-finon</span> <span class='ocrx_word' id='word_1_1444' title='bbox 2178 3112 2197 3142; x_wconf 61' lang='lat' dir='ltr'>a*</span> <span class='ocrx_word' id='word_1_1445' title='bbox 2213 3113 2310 3144; x_wconf 84' lang='lat' dir='ltr'>rendre</span> <span class='ocrx_word' id='word_1_1446' title='bbox 2321 3114 2415 3155; x_wconf 75' lang='lat' dir='ltr'>justice</span> 
     </span>
     <span class='ocr_line' id='line_1_155' title="bbox 1366 3138 2433 3190; baseline 0.004 -10"><span class='ocrx_word' id='word_1_1447' title='bbox 1366 3149 1464 3181; x_wconf 73' lang='lat' dir='ltr'>tanto&#39;t</span> <span class='ocrx_word' id='word_1_1448' title='bbox 1476 3162 1510 3180; x_wconf 83' lang='lat' dir='ltr'>en</span> <span class='ocrx_word' id='word_1_1449' title='bbox 1523 3149 1584 3179; x_wconf 80' lang='lat' dir='ltr'>leur</span> <span class='ocrx_word' id='word_1_1450' title='bbox 1599 3149 1721 3178; x_wconf 69' lang='lat' dir='ltr'>rendunt</span> <span class='ocrx_word' id='word_1_1451' title='bbox 1729 3159 1756 3177; x_wconf 85' lang='lat' dir='ltr'>ce</span> <span class='ocrx_word' id='word_1_1452' title='bbox 1771 3151 1818 3188; x_wconf 82' lang='lat' dir='ltr'>qui</span> <span class='ocrx_word' id='word_1_1453' title='bbox 1829 3146 1887 3176; x_wconf 76' lang='lat' dir='ltr'>leur</span> <span class='ocrx_word' id='word_1_1454' title='bbox 1902 3152 1982 3188; x_wconf 58' lang='grc' dir='ltr'>(εὐαέι</span> <span class='ocrx_word' id='word_1_1455' title='bbox 1997 3148 2038 3178; x_wconf 80' lang='lat' dir='ltr'>e&#39;te</span> <span class='ocrx_word' id='word_1_1456' title='bbox 2046 3153 2105 3187; x_wconf 79' lang='lat' dir='ltr'>pris</span> <span class='ocrx_word' id='word_1_1457' title='bbox 2113 3150 2168 3190; x_wconf 67' lang='lat' dir='ltr'>ficr</span> <span class='ocrx_word' id='word_1_1458' title='bbox 2183 3153 2249 3181; x_wconf 83' lang='lat' dir='ltr'>Mer</span> <span class='ocrx_word' id='word_1_1459' title='bbox 2284 3153 2382 3183; x_wconf 70' lang='lat' dir='ltr'>tantot</span> <span class='ocrx_word' id='word_1_1460' title='bbox 2396 3138 2433 3184; x_wconf 61' lang='lat' dir='ltr'>en,</span> 
     </span>
     <span class='ocr_line' id='line_1_156' title="bbox 1367 3175 2433 3229; baseline 0 -11"><span class='ocrx_word' id='word_1_1461' title='bbox 1367 3189 1426 3218; x_wconf 86' lang='lat' dir='ltr'>leur</span> <span class='ocrx_word' id='word_1_1462' title='bbox 1431 3188 1547 3228; x_wconf 59' lang='lat' dir='ltr'>saisiant</span> <span class='ocrx_word' id='word_1_1463' title='bbox 1559 3188 1663 3218; x_wconf 81' lang='lat' dir='ltr'>donner</span> <span class='ocrx_word' id='word_1_1464' title='bbox 1678 3198 1730 3216; x_wconf 84' lang='lat' dir='ltr'>une</span> <span class='ocrx_word' id='word_1_1465' title='bbox 1736 3185 2014 3226; x_wconf 63' lang='lat' dir='ltr'>justefiztisfac‘z‘ion‚</span> <span class='ocrx_word' id='word_1_1466' title='bbox 2034 3188 2071 3220; x_wconf 55' lang='grc' dir='ltr'>(ἐν</span> <span class='ocrx_word' id='word_1_1467' title='bbox 2088 3189 2189 3220; x_wconf 66' lang='lat' dir='ltr'>tanto&#39;t</span> <span class='ocrx_word' id='word_1_1468' title='bbox 2202 3201 2234 3218; x_wconf 78' lang='lat' dir='ltr'>en</span> <span class='ocrx_word' id='word_1_1469' title='bbox 2246 3175 2386 3229; x_wconf 68' lang='lat' dir='ltr'>p&#39;uniffiznt</span> <span class='ocrx_word' id='word_1_1470' title='bbox 2399 3192 2433 3221; x_wconf 77' lang='lat' dir='ltr'>de</span> 
     </span>
     <span class='ocr_line' id='line_1_157' title="bbox 1370 3222 2431 3270; baseline 0.004 -14"><span class='ocrx_word' id='word_1_1471' title='bbox 1370 3234 1441 3257; x_wconf 84' lang='lat' dir='ltr'>mort</span> <span class='ocrx_word' id='word_1_1472' title='bbox 1452 3227 1489 3255; x_wconf 83' lang='lat' dir='ltr'>les</span> <span class='ocrx_word' id='word_1_1473' title='bbox 1504 3229 1614 3256; x_wconf 81' lang='lat' dir='ltr'>Parties</span> <span class='ocrx_word' id='word_1_1474' title='bbox 1628 3228 1675 3265; x_wconf 84' lang='lat' dir='ltr'>qui</span> <span class='ocrx_word' id='word_1_1475' title='bbox 1687 3229 1804 3254; x_wconf 76' lang='lat' dir='ltr'>avaient</span> <span class='ocrx_word' id='word_1_1476' title='bbox 1817 3222 1930 3263; x_wconf 66' lang='lat' dir='ltr'>Qffl’nse&#39;,</span> <span class='ocrx_word' id='word_1_1477' title='bbox 1949 3237 1985 3256; x_wconf 88' lang='lat' dir='ltr'>au</span> <span class='ocrx_word' id='word_1_1478' title='bbox 1998 3225 2061 3256; x_wconf 59' lang='lat' dir='ltr'>delei</span> <span class='ocrx_word' id='word_1_1479' title='bbox 2081 3228 2113 3257; x_wconf 84' lang='lat' dir='ltr'>de</span> <span class='ocrx_word' id='word_1_1480' title='bbox 2127 3239 2154 3258; x_wconf 79' lang='lat' dir='ltr'>ce</span> <span class='ocrx_word' id='word_1_1481' title='bbox 2175 3227 2310 3270; x_wconf 81' lang='lat' dir='ltr'>qu’aucun</span> <span class='ocrx_word' id='word_1_1482' title='bbox 2324 3231 2376 3260; x_wconf 83' lang='lat' dir='ltr'>Roi</span> <span class='ocrx_word' id='word_1_1483' title='bbox 2397 3241 2431 3260; x_wconf 84' lang='lat' dir='ltr'>ou</span> 
     </span>
     <span class='ocr_line' id='line_1_158' title="bbox 1370 3262 1907 3302; baseline -0.004 -7"><span class='ocrx_word' id='word_1_1484' title='bbox 1370 3269 1466 3296; x_wconf 80' lang='lat' dir='ltr'>Prince</span> <span class='ocrx_word' id='word_1_1485' title='bbox 1479 3264 1528 3294; x_wconf 85' lang='lat' dir='ltr'>n’a</span> <span class='ocrx_word' id='word_1_1486' title='bbox 1534 3266 1640 3302; x_wconf 70' lang='lat' dir='ltr'>jamais</span> <span class='ocrx_word' id='word_1_1487' title='bbox 1650 3262 1714 3301; x_wconf 84' lang='lat' dir='ltr'>fait</span> <span class='ocrx_word' id='word_1_1488' title='bbox 1733 3274 1766 3292; x_wconf 84' lang='lat' dir='ltr'>ou</span> <span class='ocrx_word' id='word_1_1489' title='bbox 1775 3271 1812 3299; x_wconf 85' lang='lat' dir='ltr'>pu</span> <span class='ocrx_word' id='word_1_1490' title='bbox 1819 3262 1907 3302; x_wconf 72' lang='lat' dir='ltr'>faire.</span> 
     </span>
    </p>

    <p class='ocr_par' dir='ltr' id='par_1_32' title="bbox 1364 3300 2442 4076">
     <span class='ocr_line' id='line_1_159' title="bbox 1407 3300 2442 3346; baseline 0.004 -14"><span class='ocrx_word' id='word_1_1491' title='bbox 1407 3303 1509 3342; x_wconf 68' lang='lat' dir='ltr'>Qum</span> <span class='ocrx_word' id='word_1_1492' title='bbox 1523 3302 1628 3346; x_wconf 37' lang='lat' dir='ltr'>a-Jean</span> <span class='ocrx_word' id='word_1_1493' title='bbox 1647 3301 1741 3331; x_wconf 85' lang='lat' dir='ltr'>Ward</span> <span class='ocrx_word' id='word_1_1494' title='bbox 1762 3302 1796 3330; x_wconf 81' lang='lat' dir='ltr'>de</span> <span class='ocrx_word' id='word_1_1495' title='bbox 1816 3300 1957 3332; x_wconf 80' lang='lat' dir='ltr'>Plimouth</span> <span class='ocrx_word' id='word_1_1496' title='bbox 1970 3325 1981 3340; x_wconf 84' lang='lat'>‚</span> <span class='ocrx_word' id='word_1_1497' title='bbox 2005 3306 2053 3345; x_wconf 83' lang='lat' dir='ltr'>qui</span> <span class='ocrx_word' id='word_1_1498' title='bbox 2072 3303 2109 3345; x_wconf 78' lang='lat' dir='ltr'>cst</span> <span class='ocrx_word' id='word_1_1499' title='bbox 2129 3302 2223 3344; x_wconf 54' lang='grc' dir='ltr'><em>ατη-[ἔ</em></span> <span class='ocrx_word' id='word_1_1500' title='bbox 2238 3304 2353 3335; x_wconf 81' lang='lat' dir='ltr'>d’avoir</span> <span class='ocrx_word' id='word_1_1501' title='bbox 2366 3305 2442 3345; x_wconf 80' lang='lat' dir='ltr'>pille&#39;</span> 
     </span>
     <span class='ocr_line' id='line_1_160' title="bbox 1372 3340 2432 3383; baseline 0.002 -11"><span class='ocrx_word' id='word_1_1502' title='bbox 1372 3340 1694 3380; x_wconf 71' lang='lat' dir='ltr'>RaynaudSrmrmson,</span> <span class='ocrx_word' id='word_1_1503' title='bbox 1711 3342 1838 3377; x_wconf 76' lang='lat' dir='ltr'>Danais,</span> <span class='ocrx_word' id='word_1_1504' title='bbox 1855 3340 1978 3379; x_wconf 71' lang='lat' dir='ltr'>ilparoit</span> <span class='ocrx_word' id='word_1_1505' title='bbox 1989 3349 2044 3380; x_wconf 86' lang='lat' dir='ltr'>par</span> <span class='ocrx_word' id='word_1_1506' title='bbox 2058 3354 2112 3373; x_wconf 80' lang='lat' dir='ltr'>une</span> <span class='ocrx_word' id='word_1_1507' title='bbox 2124 3342 2288 3383; x_wconf 63' lang='lat' dir='ltr'>attestation</span> <span class='ocrx_word' id='word_1_1508' title='bbox 2302 3344 2339 3373; x_wconf 87' lang='lat' dir='ltr'>du</span> <span class='ocrx_word' id='word_1_1509' title='bbox 2354 3344 2432 3375; x_wconf 85' lang='lat' dir='ltr'>Mai-</span> 
     </span>
     <span class='ocr_line' id='line_1_161' title="bbox 1372 3377 2432 3420; baseline 0.005 -11"><span class='ocrx_word' id='word_1_1510' title='bbox 1372 3393 1401 3412; x_wconf 87' lang='lat' dir='ltr'>re</span> <span class='ocrx_word' id='word_1_1511' title='bbox 1416 3380 1449 3410; x_wconf 89' lang='lat' dir='ltr'>de</span> <span class='ocrx_word' id='word_1_1512' title='bbox 1465 3377 1616 3415; x_wconf 81' lang='lat' dir='ltr'>Plimouth,</span> <span class='ocrx_word' id='word_1_1513' title='bbox 1633 3390 1683 3420; x_wconf 82' lang='lat' dir='ltr'>que</span> <span class='ocrx_word' id='word_1_1514' title='bbox 1697 3377 1816 3408; x_wconf 85' lang='lat' dir='ltr'>d’abord</span> <span class='ocrx_word' id='word_1_1515' title='bbox 1824 3377 1872 3416; x_wconf 75' lang='grc' dir='ltr'>[ἷιν</span> <span class='ocrx_word' id='word_1_1516' title='bbox 1884 3378 1915 3409; x_wconf 85' lang='lat' dir='ltr'>la</span> <span class='ocrx_word' id='word_1_1517' title='bbox 1925 3378 2036 3417; x_wconf 83' lang='lat' dir='ltr'>plainte</span> <span class='ocrx_word' id='word_1_1518' title='bbox 2047 3380 2080 3410; x_wconf 84' lang='lat' dir='ltr'>de</span> <span class='ocrx_word' id='word_1_1519' title='bbox 2092 3380 2258 3419; x_wconf 79' lang='lat' dir='ltr'>Simonstm,</span> <span class='ocrx_word' id='word_1_1520' title='bbox 2276 3382 2369 3413; x_wconf 84' lang='lat' dir='ltr'>Ward</span> <span class='ocrx_word' id='word_1_1521' title='bbox 2375 3380 2432 3419; x_wconf 77' lang='lat' dir='ltr'>fut</span> 
     </span>
     <span class='ocr_line' id='line_1_162' title="bbox 1370 3416 2415 3460; baseline 0.001 -12"><span class='ocrx_word' id='word_1_1522' title='bbox 1370 3418 1436 3459; x_wconf 67' lang='lat' dir='ltr'><em>[211¹st</em></span> <span class='ocrx_word' id='word_1_1523' title='bbox 1447 3417 1465 3447; x_wconf 69' lang='grc' dir='ltr'><em>ἃ</em></span> <span class='ocrx_word' id='word_1_1524' title='bbox 1480 3416 1638 3454; x_wconf 62' lang='lat' dir='ltr'>Phnoum,</span> <span class='ocrx_word' id='word_1_1525' title='bbox 1656 3416 1694 3451; x_wconf 60' lang='grc' dir='ltr'><strong><em>ὠ</em></strong></span> <span class='ocrx_word' id='word_1_1526' title='bbox 1710 3418 1838 3446; x_wconf 68' lang='lat' dir='ltr'>examine*</span> <span class='ocrx_word' id='word_1_1527' title='bbox 1851 3426 1905 3456; x_wconf 78' lang='lat' dir='ltr'>par</span> <span class='ocrx_word' id='word_1_1528' title='bbox 1926 3417 1952 3447; x_wconf 87' lang='lat' dir='ltr'>le</span> <span class='ocrx_word' id='word_1_1529' title='bbox 1965 3418 2076 3458; x_wconf 79' lang='lat' dir='ltr'>Maire,</span> <span class='ocrx_word' id='word_1_1530' title='bbox 2096 3418 2135 3455; x_wconf 65' lang='grc' dir='ltr'>ό·</span> <span class='ocrx_word' id='word_1_1531' title='bbox 2156 3421 2258 3450; x_wconf 76' lang='lat' dir='ltr'>envoie‘</span> <span class='ocrx_word' id='word_1_1532' title='bbox 2272 3430 2306 3450; x_wconf 86' lang='lat' dir='ltr'>en</span> <span class='ocrx_word' id='word_1_1533' title='bbox 2319 3420 2415 3460; x_wconf 64' lang='lat' dir='ltr'>prison</span> 
     </span>
     <span class='ocr_line' id='line_1_163' title="bbox 1364 3444 2434 3498; baseline -0.002 -10"><span class='ocrx_word' id='word_1_1534' title='bbox 1364 3458 1478 3498; x_wconf 83' lang='lat' dir='ltr'>jusques</span> <span class='ocrx_word' id='word_1_1535' title='bbox 1491 3455 1509 3484; x_wconf 76' lang='grc' dir='ltr'><em>ἃ</em></span> <span class='ocrx_word' id='word_1_1536' title='bbox 1521 3466 1550 3485; x_wconf 85' lang='lat' dir='ltr'>ce</span> <span class='ocrx_word' id='word_1_1537' title='bbox 1563 3455 1692 3496; x_wconf 76' lang='lat' dir='ltr'>qu’aiant</span> <span class='ocrx_word' id='word_1_1538' title='bbox 1708 3455 1793 3486; x_wconf 80' lang='lat' dir='ltr'>rendu</span> <span class='ocrx_word' id='word_1_1539' title='bbox 1806 3460 1938 3486; x_wconf 81' lang='lat' dir='ltr'>certaincs</span> <span class='ocrx_word' id='word_1_1540' title='bbox 1953 3457 2153 3496; x_wconf 71' lang='lat' dir='ltr'>marchandifi’s</span> <span class='ocrx_word' id='word_1_1541' title='bbox 2170 3459 2189 3487; x_wconf 72' lang='grc' dir='ltr'><em>ἃ</em></span> <span class='ocrx_word' id='word_1_1542' title='bbox 2204 3459 2356 3489; x_wconf 87' lang='lat' dir='ltr'>Simonson</span> <span class='ocrx_word' id='word_1_1543' title='bbox 2371 3483 2379 3493; x_wconf 26' lang='grc' dir='ltr'>ἢ</span> <span class='ocrx_word' id='word_1_1544' title='bbox 2394 3444 2434 3494; x_wconf 60' lang='lat'>&amp;3</span> 
     </span>
     <span class='ocr_line' id='line_1_164' title="bbox 1373 3492 2434 3536; baseline 0 -9"><span class='ocrx_word' id='word_1_1545' title='bbox 1373 3499 1458 3527; x_wconf 82' lang='lat' dir='ltr'>e‘tant</span> <span class='ocrx_word' id='word_1_1546' title='bbox 1473 3504 1598 3524; x_wconf 78' lang='lat' dir='ltr'>convena</span> <span class='ocrx_word' id='word_1_1547' title='bbox 1615 3504 1683 3524; x_wconf 73' lang='lat' dir='ltr'>avec</span> <span class='ocrx_word' id='word_1_1548' title='bbox 1696 3492 1733 3523; x_wconf 79' lang='lat' dir='ltr'>Im·</span> <span class='ocrx_word' id='word_1_1549' title='bbox 1742 3503 1796 3531; x_wconf 82' lang='lat' dir='ltr'>par</span> <span class='ocrx_word' id='word_1_1550' title='bbox 1808 3505 1846 3524; x_wconf 88' lang='lat' dir='ltr'>un</span> <span class='ocrx_word' id='word_1_1551' title='bbox 1861 3503 1943 3525; x_wconf 82' lang='lat' dir='ltr'>autre</span> <span class='ocrx_word' id='word_1_1552' title='bbox 1956 3497 2066 3534; x_wconf 84' lang='lat' dir='ltr'>accord,</span> <span class='ocrx_word' id='word_1_1553' title='bbox 2091 3497 2184 3527; x_wconf 82' lang='lat' dir='ltr'>Ward</span> <span class='ocrx_word' id='word_1_1554' title='bbox 2198 3495 2253 3536; x_wconf 83' lang='lat' dir='ltr'>fut</span> <span class='ocrx_word' id='word_1_1555' title='bbox 2273 3494 2388 3526; x_wconf 68' lang='lat' dir='ltr'>reldch&#39;e‘</span> <span class='ocrx_word' id='word_1_1556' title='bbox 2401 3498 2434 3527; x_wconf 84' lang='lat' dir='ltr'>de</span> 
     </span>
     <span class='ocr_line' id='line_1_165' title="bbox 1374 3532 2432 3578; baseline 0.002 -15"><span class='ocrx_word' id='word_1_1557' title='bbox 1374 3534 1404 3565; x_wconf 85' lang='lat' dir='ltr'>Ia</span> <span class='ocrx_word' id='word_1_1558' title='bbox 1417 3532 1509 3578; x_wconf 73' lang='lat' dir='ltr'>prifim</span> <span class='ocrx_word' id='word_1_1559' title='bbox 1522 3533 1558 3562; x_wconf 88' lang='lat' dir='ltr'>du</span> <span class='ocrx_word' id='word_1_1560' title='bbox 1572 3532 1770 3572; x_wconf 74' lang='lat' dir='ltr'>confintement</span> <span class='ocrx_word' id='word_1_1561' title='bbox 1785 3532 1868 3563; x_wconf 66' lang='lat' dir='ltr'>mb&#39;me</span> <span class='ocrx_word' id='word_1_1562' title='bbox 1880 3534 1912 3563; x_wconf 83' lang='lat' dir='ltr'>de</span> <span class='ocrx_word' id='word_1_1563' title='bbox 1925 3534 2090 3571; x_wconf 66' lang='lat' dir='ltr'>Simonsom</span> <span class='ocrx_word' id='word_1_1564' title='bbox 2108 3532 2147 3568; x_wconf 57' lang='grc' dir='ltr'>ἐν</span> <span class='ocrx_word' id='word_1_1565' title='bbox 2161 3545 2212 3575; x_wconf 85' lang='lat' dir='ltr'>que</span> <span class='ocrx_word' id='word_1_1566' title='bbox 2226 3534 2377 3565; x_wconf 88' lang='lat' dir='ltr'>Simonson</span> <span class='ocrx_word' id='word_1_1567' title='bbox 2395 3535 2432 3575; x_wconf 70' lang='lat' dir='ltr'>est</span> 
     </span>
     <span class='ocr_line' id='line_1_166' title="bbox 1368 3570 2438 3612; baseline 0.001 -9"><span class='ocrx_word' id='word_1_1568' title='bbox 1368 3580 1447 3612; x_wconf 70' lang='lat' dir='ltr'>parti</span> <span class='ocrx_word' id='word_1_1569' title='bbox 1461 3571 1494 3600; x_wconf 85' lang='lat' dir='ltr'>de</span> <span class='ocrx_word' id='word_1_1570' title='bbox 1501 3570 1640 3601; x_wconf 83' lang='lat' dir='ltr'>Plimouth</span> <span class='ocrx_word' id='word_1_1571' title='bbox 1652 3572 1712 3601; x_wconf 75' lang='lat' dir='ltr'>bien</span> <span class='ocrx_word' id='word_1_1572' title='bbox 1728 3578 1957 3610; x_wconf 76' lang='lat' dir='ltr'>content‚comme</span> <span class='ocrx_word' id='word_1_1573' title='bbox 1970 3571 1994 3601; x_wconf 83' lang='lat' dir='ltr'>le</span> <span class='ocrx_word' id='word_1_1574' title='bbox 2008 3574 2102 3601; x_wconf 80' lang='lat' dir='ltr'>Maire</span> <span class='ocrx_word' id='word_1_1575' title='bbox 2115 3583 2148 3601; x_wconf 77' lang='lat' dir='ltr'>en</span> <span class='ocrx_word' id='word_1_1576' title='bbox 2160 3584 2179 3601; x_wconf 87' lang='lat' dir='ltr'><em>a</em></span> <span class='ocrx_word' id='word_1_1577' title='bbox 2201 3573 2248 3601; x_wconf 77' lang='lat' dir='ltr'>e‘te‘</span> <span class='ocrx_word' id='word_1_1578' title='bbox 2256 3571 2389 3610; x_wconf 74' lang='lat' dir='ltr'>informe&#39;:</span> <span class='ocrx_word' id='word_1_1579' title='bbox 2410 3584 2438 3604; x_wconf 82' lang='lat' dir='ltr'>ce</span> 
     </span>
     <span class='ocr_line' id='line_1_167' title="bbox 1375 3609 2437 3653; baseline 0.003 -15"><span class='ocrx_word' id='word_1_1580' title='bbox 1375 3615 1420 3653; x_wconf 67' lang='lat' dir='ltr'>qm·</span> <span class='ocrx_word' id='word_1_1581' title='bbox 1435 3611 1514 3640; x_wconf 79' lang='lat' dir='ltr'>e&#39;tant</span> <span class='ocrx_word' id='word_1_1582' title='bbox 1530 3610 1614 3650; x_wconf 75' lang='lat' dir='ltr'>ainfi,</span> <span class='ocrx_word' id='word_1_1583' title='bbox 1630 3609 1668 3645; x_wconf 59' lang='grc' dir='ltr'>(ξφ</span> <span class='ocrx_word' id='word_1_1584' title='bbox 1683 3621 1716 3640; x_wconf 78' lang='lat' dir='ltr'>en</span> <span class='ocrx_word' id='word_1_1585' title='bbox 1727 3615 1821 3650; x_wconf 85' lang='lat' dir='ltr'>partie</span> <span class='ocrx_word' id='word_1_1586' title='bbox 1834 3613 1987 3647; x_wconf 77' lang='lat' dir='ltr'>avoue‘par</span> <span class='ocrx_word' id='word_1_1587' title='bbox 2000 3609 2029 3640; x_wconf 87' lang='lat' dir='ltr'>la</span> <span class='ocrx_word' id='word_1_1588' title='bbox 2044 3612 2146 3639; x_wconf 80' lang='lat' dir='ltr'>Lettre</span> <span class='ocrx_word' id='word_1_1589' title='bbox 2158 3609 2281 3645; x_wconf 83' lang='lat' dir='ltr'>dulRoi,</span> <span class='ocrx_word' id='word_1_1590' title='bbox 2299 3610 2323 3640; x_wconf 88' lang='lat' dir='ltr'>il</span> <span class='ocrx_word' id='word_1_1591' title='bbox 2333 3611 2369 3651; x_wconf 77' lang='lat' dir='ltr'>est</span> <span class='ocrx_word' id='word_1_1592' title='bbox 2384 3613 2437 3643; x_wconf 82' lang='lat' dir='ltr'>dur</span> 
     </span>
     <span class='ocr_line' id='line_1_168' title="bbox 1374 3647 2435 3690; baseline -0.004 -11"><span class='ocrx_word' id='word_1_1593' title='bbox 1374 3661 1426 3690; x_wconf 79' lang='lat' dir='ltr'>que</span> <span class='ocrx_word' id='word_1_1594' title='bbox 1440 3648 1464 3678; x_wconf 85' lang='lat' dir='ltr'>le</span> <span class='ocrx_word' id='word_1_1595' title='bbox 1476 3651 1527 3677; x_wconf 83' lang='lat' dir='ltr'>Roi</span> <span class='ocrx_word' id='word_1_1596' title='bbox 1542 3659 1654 3690; x_wconf 83' lang='lat' dir='ltr'>marque</span> <span class='ocrx_word' id='word_1_1597' title='bbox 1667 3649 1737 3679; x_wconf 82' lang='lat' dir='ltr'>danr</span> <span class='ocrx_word' id='word_1_1598' title='bbox 1751 3649 1779 3679; x_wconf 81' lang='lat' dir='ltr'>la</span> <span class='ocrx_word' id='word_1_1599' title='bbox 1795 3649 1879 3679; x_wconf 61' lang='lat' dir='ltr'>mbme</span> <span class='ocrx_word' id='word_1_1600' title='bbox 1893 3651 1994 3678; x_wconf 81' lang='lat' dir='ltr'>Lettre</span> <span class='ocrx_word' id='word_1_1601' title='bbox 2007 3660 2058 3690; x_wconf 82' lang='lat' dir='ltr'>que</span> <span class='ocrx_word' id='word_1_1602' title='bbox 2073 3647 2097 3677; x_wconf 84' lang='lat' dir='ltr'>le</span> <span class='ocrx_word' id='word_1_1603' title='bbox 2111 3650 2208 3677; x_wconf 86' lang='lat' dir='ltr'>Pirate</span> <span class='ocrx_word' id='word_1_1604' title='bbox 2228 3648 2330 3686; x_wconf 70' lang='lat' dir='ltr'>infitlte</span> <span class='ocrx_word' id='word_1_1605' title='bbox 2348 3654 2435 3689; x_wconf 78' lang='lat' dir='ltr'>impu-</span> 
     </span>
     <span class='ocr_line' id='line_1_169' title="bbox 1380 3685 2416 3728; baseline 0.002 -11"><span class='ocrx_word' id='word_1_1606' title='bbox 1380 3689 1516 3719; x_wconf 84' lang='lat' dir='ltr'>demment</span> <span class='ocrx_word' id='word_1_1607' title='bbox 1530 3686 1569 3721; x_wconf 62' lang='grc' dir='ltr'>ὠν</span> <span class='ocrx_word' id='word_1_1608' title='bbox 1581 3699 1631 3728; x_wconf 79' lang='lat' dir='ltr'>que</span> <span class='ocrx_word' id='word_1_1609' title='bbox 1645 3691 1705 3717; x_wconf 78' lang='lat' dir='ltr'>rien</span> <span class='ocrx_word' id='word_1_1610' title='bbox 1720 3687 1769 3718; x_wconf 88' lang='lat' dir='ltr'>n&#39;a</span> <span class='ocrx_word' id='word_1_1611' title='bbox 1789 3689 1837 3718; x_wconf 60' lang='lat' dir='ltr'>e&#39;tl</span> <span class='ocrx_word' id='word_1_1612' title='bbox 1850 3688 1945 3726; x_wconf 66' lang='lat' dir='ltr'>statue‘</span> <span class='ocrx_word' id='word_1_1613' title='bbox 1958 3696 2050 3716; x_wconf 80' lang='lat' dir='ltr'>contre</span> <span class='ocrx_word' id='word_1_1614' title='bbox 2068 3686 2126 3723; x_wconf 71' lang='lat' dir='ltr'>lui,</span> <span class='ocrx_word' id='word_1_1615' title='bbox 2143 3685 2181 3721; x_wconf 65' lang='grc' dir='ltr'>ό»</span> <span class='ocrx_word' id='word_1_1616' title='bbox 2197 3685 2222 3715; x_wconf 76' lang='lat' dir='ltr'>il</span> <span class='ocrx_word' id='word_1_1617' title='bbox 2233 3687 2416 3726; x_wconf 76' lang='lat' dir='ltr'>defizpprouve</span> 
     </span>
     <span class='ocr_line' id='line_1_170' title="bbox 1375 3714 2436 3764; baseline 0.001 -9"><span class='ocrx_word' id='word_1_1618' title='bbox 1375 3727 1462 3757; x_wconf 80' lang='lat' dir='ltr'>d’une</span> <span class='ocrx_word' id='word_1_1619' title='bbox 1475 3729 1594 3755; x_wconf 75' lang='lat' dir='ltr'>muniere</span> <span class='ocrx_word' id='word_1_1620' title='bbox 1607 3726 1804 3764; x_wconf 77' lang='lat' dir='ltr'>derobligeante</span> <span class='ocrx_word' id='word_1_1621' title='bbox 1835 3737 1866 3755; x_wconf 81' lang='lat' dir='ltr'>ue</span> <span class='ocrx_word' id='word_1_1622' title='bbox 1879 3736 1919 3754; x_wconf 78' lang='lat' dir='ltr'>ces</span> <span class='ocrx_word' id='word_1_1623' title='bbox 1935 3724 2021 3764; x_wconf 62' lang='lat' dir='ltr'>choses</span> <span class='ocrx_word' id='word_1_1624' title='bbox 2027 3725 2119 3764; x_wconf 79' lang='lat' dir='ltr'>soient</span> <span class='ocrx_word' id='word_1_1625' title='bbox 2132 3726 2271 3755; x_wconf 69' lang='lat' dir='ltr'>renvoie‘ex</span> <span class='ocrx_word' id='word_1_1626' title='bbox 2285 3738 2347 3756; x_wconf 74' lang='lat' dir='ltr'>aux·</span> <span class='ocrx_word' id='word_1_1627' title='bbox 2357 3714 2436 3758; x_wconf 61' lang='lat' dir='ltr'>Com:</span> 
     </span>
     <span class='ocr_line' id='line_1_171' title="bbox 1375 3738 2438 3804; baseline 0.002 -11"><span class='ocrx_word' id='word_1_1628' title='bbox 1375 3764 1505 3804; x_wconf 67' lang='lat' dir='ltr'>miffaires</span> <span class='ocrx_word' id='word_1_1629' title='bbox 1517 3764 1718 3795; x_wconf 79' lang='lat' dir='ltr'>nouvellement</span> <span class='ocrx_word' id='word_1_1630' title='bbox 1732 3738 1884 3804; x_wconf 52' lang='lat' dir='ltr'>affernZles,</span> <span class='ocrx_word' id='word_1_1631' title='bbox 1900 3763 2059 3802; x_wconf 66' lang='lat' dir='ltr'>presbgeant</span> <span class='ocrx_word' id='word_1_1632' title='bbox 2074 3762 2229 3801; x_wconf 65' lang='lat' dir='ltr'>d&#39;avarzce,</span> <span class='ocrx_word' id='word_1_1633' title='bbox 2247 3775 2298 3804; x_wconf 81' lang='lat' dir='ltr'>que</span> <span class='ocrx_word' id='word_1_1634' title='bbox 2313 3766 2438 3804; x_wconf 82' lang='lat' dir='ltr'>pendant</span> 
     </span>
     <span class='ocr_line' id='line_1_172' title="bbox 1374 3800 2439 3845; baseline 0 -13"><span class='ocrx_word' id='word_1_1635' title='bbox 1374 3803 1457 3845; x_wconf 75' lang='lat' dir='ltr'>qu&#39;i&#39;lr</span> <span class='ocrx_word' id='word_1_1636' title='bbox 1465 3800 1580 3840; x_wconf 65' lang='lat' dir='ltr'>sontssen</span> <span class='ocrx_word' id='word_1_1637' title='bbox 1595 3807 1776 3840; x_wconf 78' lang='lat' dir='ltr'>negociation,</span> <span class='ocrx_word' id='word_1_1638' title='bbox 1784 3803 1831 3842; x_wconf 78' lang='lat' dir='ltr'>fi’s</span> <span class='ocrx_word' id='word_1_1639' title='bbox 1842 3802 1933 3839; x_wconf 76' lang='lat' dir='ltr'>Sujets</span> <span class='ocrx_word' id='word_1_1640' title='bbox 1940 3800 2036 3840; x_wconf 83' lang='lat' dir='ltr'>seront</span> <span class='ocrx_word' id='word_1_1641' title='bbox 2045 3800 2083 3830; x_wconf 43' lang='lat' dir='ltr'>ide</span> <span class='ocrx_word' id='word_1_1642' title='bbox 2098 3812 2222 3831; x_wconf 63' lang='grc' dir='ltr'>παίουσαι(</span> <span class='ocrx_word' id='word_1_1643' title='bbox 2231 3805 2290 3841; x_wconf 71' lang='lat' dir='ltr'>pris</span> <span class='ocrx_word' id='word_1_1644' title='bbox 2303 3803 2341 3839; x_wconf 49' lang='grc' dir='ltr'>ὠ,</span> <span class='ocrx_word' id='word_1_1645' title='bbox 2355 3804 2439 3843; x_wconf 72' lang='lat' dir='ltr'>pille‘s</span> 
     </span>
     <span class='ocr_line' id='line_1_173' title="bbox 1376 3838 2440 3906; baseline 0 -34"><span class='ocrx_word' id='word_1_1646' title='bbox 1376 3853 1445 3872; x_wconf 81' lang='lat' dir='ltr'>avec</span> <span class='ocrx_word' id='word_1_1647' title='bbox 1458 3842 1593 3880; x_wconf 77' lang='lat' dir='ltr'>rapacite&#39;,</span> <span class='ocrx_word' id='word_1_1648' title='bbox 1613 3842 1641 3871; x_wconf 65' lang='lat' dir='ltr'>la</span> <span class='ocrx_word' id='word_1_1649' title='bbox 1657 3842 1689 3871; x_wconf 59' lang='grc' dir='ltr'>οἱ(</span> <span class='ocrx_word' id='word_1_1650' title='bbox 1703 3853 1736 3871; x_wconf 87' lang='lat' dir='ltr'>en</span> <span class='ocrx_word' id='word_1_1651' title='bbox 1750 3840 1899 3880; x_wconf 65' lang='lat' dir='ltr'>veritffier</span> <span class='ocrx_word' id='word_1_1652' title='bbox 1914 3839 1944 3869; x_wconf 87' lang='lat' dir='ltr'>la</span> <span class='ocrx_word' id='word_1_1653' title='bbox 1958 3842 2080 3870; x_wconf 82' lang='lat' dir='ltr'>mention</span> <span class='ocrx_word' id='word_1_1654' title='bbox 2078 3838 2175 3906; x_wconf 64' lang='lat' dir='ltr'>Rfaioe</span> <span class='ocrx_word' id='word_1_1655' title='bbox 2190 3841 2229 3873; x_wconf 70' lang='lat' dir='ltr'>Ae</span> <span class='ocrx_word' id='word_1_1656' title='bbox 2251 3849 2320 3872; x_wconf 76' lang='lat' dir='ltr'>rette</span> <span class='ocrx_word' id='word_1_1657' title='bbox 2338 3842 2440 3878; x_wconf 68' lang='lat' dir='ltr'>affbire</span> 
     </span>
     <span class='ocr_line' id='line_1_174' title="bbox 1376 3875 2438 3919; baseline 0 -9"><span class='ocrx_word' id='word_1_1658' title='bbox 1376 3882 1448 3910; x_wconf 78' lang='lat' dir='ltr'>dans</span> <span class='ocrx_word' id='word_1_1659' title='bbox 1461 3879 1491 3908; x_wconf 88' lang='lat' dir='ltr'>la</span> <span class='ocrx_word' id='word_1_1660' title='bbox 1507 3882 1608 3909; x_wconf 77' lang='lat' dir='ltr'>Lettre</span> <span class='ocrx_word' id='word_1_1661' title='bbox 1624 3881 1660 3910; x_wconf 90' lang='lat' dir='ltr'>du</span> <span class='ocrx_word' id='word_1_1662' title='bbox 1677 3880 1738 3910; x_wconf 90' lang='lat' dir='ltr'>Roi</span> <span class='ocrx_word' id='word_1_1663' title='bbox 1758 3879 1891 3909; x_wconf 81' lang='lat' dir='ltr'>touchant</span> <span class='ocrx_word' id='word_1_1664' title='bbox 1905 3877 2014 3915; x_wconf 86' lang='lat' dir='ltr'>Ward,</span> <span class='ocrx_word' id='word_1_1665' title='bbox 2032 3876 2061 3906; x_wconf 90' lang='lat' dir='ltr'>Ia</span> <span class='ocrx_word' id='word_1_1666' title='bbox 2110 3881 2172 3909; x_wconf 86' lang='lat' dir='ltr'>eine</span> <span class='ocrx_word' id='word_1_1667' title='bbox 2186 3878 2222 3917; x_wconf 81' lang='lat' dir='ltr'>fit</span> <span class='ocrx_word' id='word_1_1668' title='bbox 2240 3875 2320 3919; x_wconf 61' lang='lat' dir='ltr'>ffiffir</span> <span class='ocrx_word' id='word_1_1669' title='bbox 2342 3878 2438 3912; x_wconf 87' lang='lat' dir='ltr'>Ward</span> 
     </span>
     <span class='ocr_line' id='line_1_175' title="bbox 1377 3915 2440 3960; baseline 0.001 -12"><span class='ocrx_word' id='word_1_1670' title='bbox 1377 3920 1410 3949; x_wconf 77' lang='lat' dir='ltr'>de</span> <span class='ocrx_word' id='word_1_1671' title='bbox 1425 3929 1551 3960; x_wconf 60' lang='lat' dir='ltr'>nou-‘peau</span> <span class='ocrx_word' id='word_1_1672' title='bbox 1567 3918 1584 3947; x_wconf 77' lang='grc' dir='ltr'><em>ἃ</em></span> <span class='ocrx_word' id='word_1_1673' title='bbox 1593 3918 1628 3956; x_wconf 75' lang='lat' dir='ltr'>siz</span> <span class='ocrx_word' id='word_1_1674' title='bbox 1636 3927 1730 3957; x_wconf 85' lang='lat' dir='ltr'>propre</span> <span class='ocrx_word' id='word_1_1675' title='bbox 1745 3917 1864 3959; x_wconf 82' lang='lat' dir='ltr'>instance</span> <span class='ocrx_word' id='word_1_1676' title='bbox 1877 3915 1916 3950; x_wconf 74' lang='lat'><em>&amp;</em></span> <span class='ocrx_word' id='word_1_1677' title='bbox 1931 3916 1950 3945; x_wconf 72' lang='grc' dir='ltr'><em>ἃ</em></span> <span class='ocrx_word' id='word_1_1678' title='bbox 1956 3915 2003 3954; x_wconf 80' lang='lat' dir='ltr'>fi’s</span> <span class='ocrx_word' id='word_1_1679' title='bbox 2012 3923 2121 3954; x_wconf 62' lang='lat' dir='ltr'>propre-t</span> <span class='ocrx_word' id='word_1_1680' title='bbox 2127 3915 2215 3956; x_wconf 64' lang='lat' dir='ltr'>frdix</span> <span class='ocrx_word' id='word_1_1681' title='bbox 2229 3916 2267 3952; x_wconf 58' lang='grc' dir='ltr'>ῤ’</span> <span class='ocrx_word' id='word_1_1682' title='bbox 2283 3918 2307 3948; x_wconf 82' lang='lat' dir='ltr'>le</span> <span class='ocrx_word' id='word_1_1683' title='bbox 2321 3922 2391 3949; x_wconf 75' lang='lat' dir='ltr'>tient</span> <span class='ocrx_word' id='word_1_1684' title='bbox 2405 3929 2440 3950; x_wconf 79' lang='lat' dir='ltr'>en</span> 
     </span>
     <span class='ocr_line' id='line_1_176' title="bbox 1373 3955 2441 3998; baseline 0.001 -11"><span class='ocrx_word' id='word_1_1685' title='bbox 1373 3956 1467 3996; x_wconf 74' lang='lat' dir='ltr'>prison</span> <span class='ocrx_word' id='word_1_1686' title='bbox 1474 3956 1588 3997; x_wconf 55' lang='lat' dir='ltr'>jusqu&#39;zi</span> <span class='ocrx_word' id='word_1_1687' title='bbox 1605 3969 1631 3986; x_wconf 82' lang='lat' dir='ltr'>ce</span> <span class='ocrx_word' id='word_1_1688' title='bbox 1646 3969 1697 3998; x_wconf 77' lang='lat' dir='ltr'>que</span> <span class='ocrx_word' id='word_1_1689' title='bbox 1711 3957 1741 3986; x_wconf 89' lang='lat' dir='ltr'>la</span> <span class='ocrx_word' id='word_1_1690' title='bbox 1760 3956 1848 3995; x_wconf 63' lang='lat' dir='ltr'><em>caus?</em></span> <span class='ocrx_word' id='word_1_1691' title='bbox 1854 3955 1912 3994; x_wconf 71' lang='lat' dir='ltr'>firit</span> <span class='ocrx_word' id='word_1_1692' title='bbox 1925 3956 2064 3984; x_wconf 73' lang='lat' dir='ltr'>examine‘e</span> <span class='ocrx_word' id='word_1_1693' title='bbox 2078 3955 2116 3989; x_wconf 59' lang='grc' dir='ltr'>ῤ’</span> <span class='ocrx_word' id='word_1_1694' title='bbox 2135 3956 2163 3985; x_wconf 81' lang='lat' dir='ltr'>la</span> <span class='ocrx_word' id='word_1_1695' title='bbox 2179 3955 2441 3996; x_wconf 59' lang='lat' dir='ltr'>justicelpleinement</span> 
     </span>
     <span class='ocr_line' id='line_1_177' title="bbox 1377 3993 2441 4035; baseline -0.001 -9"><span class='ocrx_word' id='word_1_1696' title='bbox 1377 3996 1475 4026; x_wconf 75' lang='lat' dir='ltr'>rendae</span> <span class='ocrx_word' id='word_1_1697' title='bbox 1489 4006 1522 4024; x_wconf 85' lang='lat' dir='ltr'>en</span> <span class='ocrx_word' id='word_1_1698' title='bbox 1537 4006 1564 4024; x_wconf 86' lang='lat' dir='ltr'>ce</span> <span class='ocrx_word' id='word_1_1699' title='bbox 1577 3996 1645 4035; x_wconf 81' lang='lat' dir='ltr'>qu&#39;il</span> <span class='ocrx_word' id='word_1_1700' title='bbox 1651 4008 1672 4034; x_wconf 87' lang='lat' dir='ltr'>y</span> <span class='ocrx_word' id='word_1_1701' title='bbox 1688 4007 1804 4035; x_wconf 64' lang='lat' dir='ltr'>mamque</span> <span class='ocrx_word' id='word_1_1702' title='bbox 1811 4003 1866 4033; x_wconf 84' lang='lat' dir='ltr'>par</span> <span class='ocrx_word' id='word_1_1703' title='bbox 1883 3993 1909 4022; x_wconf 86' lang='lat' dir='ltr'>le</span> <span class='ocrx_word' id='word_1_1704' title='bbox 1921 3993 2019 4030; x_wconf 73' lang='lat' dir='ltr'>de‘part</span> <span class='ocrx_word' id='word_1_1705' title='bbox 2026 3993 2104 4031; x_wconf 72' lang='lat' dir='ltr'>sicbit</span> <span class='ocrx_word' id='word_1_1706' title='bbox 2119 3995 2155 4024; x_wconf 83' lang='lat' dir='ltr'>du</span> <span class='ocrx_word' id='word_1_1707' title='bbox 2170 3994 2329 4035; x_wconf 54' lang='lat' dir='ltr'>Dkfffendeur</span> <span class='ocrx_word' id='word_1_1708' title='bbox 2341 3996 2441 4025; x_wconf 85' lang='lat' dir='ltr'>d’An-</span> 
     </span>
     <span class='ocr_line' id='line_1_178' title="bbox 1373 4029 2441 4076; baseline -0.003 -10"><span class='ocrx_word' id='word_1_1709' title='bbox 1373 4034 1510 4076; x_wconf 74' lang='lat' dir='ltr'>gleterre,</span> <span class='ocrx_word' id='word_1_1710' title='bbox 1528 4045 1562 4066; x_wconf 78' lang='lat' dir='ltr'>en</span> <span class='ocrx_word' id='word_1_1711' title='bbox 1574 4038 1636 4075; x_wconf 75' lang='lat' dir='ltr'>quoi</span> <span class='ocrx_word' id='word_1_1712' title='bbox 1649 4045 1683 4064; x_wconf 88' lang='lat' dir='ltr'>on</span> <span class='ocrx_word' id='word_1_1713' title='bbox 1697 4045 1730 4064; x_wconf 83' lang='lat' dir='ltr'>ne</span> <span class='ocrx_word' id='word_1_1714' title='bbox 1746 4033 1855 4073; x_wconf 68' lang='lat' dir='ltr'>stauror&#39;t</span> <span class='ocrx_word' id='word_1_1715' title='bbox 1877 4029 1981 4062; x_wconf 68' lang='lat' dir='ltr'>bldmer</span> <span class='ocrx_word' id='word_1_1716' title='bbox 2003 4031 2136 4073; x_wconf 78' lang='lat' dir='ltr'>personne</span> <span class='ocrx_word' id='word_1_1717' title='bbox 2156 4043 2206 4075; x_wconf 78' lang='lat' dir='ltr'>que</span> <span class='ocrx_word' id='word_1_1718' title='bbox 2226 4032 2375 4072; x_wconf 61' lang='lat' dir='ltr'>lui-meme,</span> <span class='ocrx_word' id='word_1_1719' title='bbox 2393 4035 2441 4075; x_wconf 72' lang='lat' dir='ltr'>qui</span> 
     </span>
    </p>

    <p class='ocr_par' dir='ltr' id='par_1_33' title="bbox 2394 4082 2446 4101">
     <span class='ocr_line' id='line_1_179' title="bbox 2394 4082 2446 4101; baseline 0 0"><span class='ocrx_word' id='word_1_1720' title='bbox 2394 4082 2446 4101; x_wconf 63' lang='lat' dir='ltr'>ain</span> 
     </span>
    </p>
   </div>
  </div>
 </body>
</html>
