2557 4279
758 213 866 257 ET
954 216 1216 259 ACTA
1299 218 1769 264 PUBLICA„

12 307 83 349 Ain-1,
97 310 140 342 D,
168 335 170 338 ,
196 307 240 338 [T
251 307 323 342 ΞΜ,
340 302 530 347 Conventum
550 301 760 347 concordatum
781 303 816 334 &
828 301 996 334 conclusum
1013 301 1072 340 est,
1088 302 1167 342 quod
1182 302 1209 333 ei

28 351 114 384 rin-o.
156 355 190 377 ex
213 343 426 375 Confoederatis
443 351 530 380 quem
551 342 649 379 aliquis
670 339 818 380 Aggreffus
837 340 886 378 fit,
903 342 972 376 alter
986 340 1210 372 confoederatus

11 391 137 430 8Jac..r.
150 385 232 426 justo.
249 382 355 414 Precio
378 379 499 417 vendet,
521 379 542 409 fi
563 381 723 411 commode
741 379 834 410 facere
849 381 974 418 poterit,
1001 389 1047 411 aut
1069 380 1153 410 vendi
1174 381 1209 411 &

3 1882 111 1911 *XVL

1 1921 64 1958 698.

152 421 326 460 transportari
350 421 368 449 e
394 420 443 449 suo
461 417 571 457 Regno
591 418 680 456 sinet,
704 417 873 457 Sclopetos,
898 418 1018 456 Galeas,
1039 418 1206 456 Thoraces,

152 460 304 492 Pulverem
318 456 539 488 bombardicum
548 480 559 496 ,
573 456 707 494 Globos,
724 456 858 495 Sulphur,
876 456 1039 495 Salnitrum,
1056 457 1090 488 &
1104 457 1207 496 reliqua

152 500 209 537 ejus
223 497 333 536 generis
349 505 413 533 quae
425 495 461 527 ad
474 497 629 527 arcendum
643 494 752 525 Hostes
766 495 943 526 conducunt.

164 570 169 574 Ὺ
187 536 231 566 Ia*
243 545 261 565 a
272 543 317 573 M,
335 533 524 566 Conventum
538 534 747 565 concordatum
763 533 796 563 &
813 533 980 563 conclusum
992 532 1048 571 est,
1065 533 1164 574 quod,
1184 533 1203 563 fi

148 573 264 605 fortasse
289 573 454 613 Principes,
471 571 659 610 Respublica«,
688 572 734 602 seu
755 571 848 601 Status
872 572 1051 613 quicunque,
1071 572 1129 602 ullo
1150 582 1203 602 un-

147 622 232 651 quam
247 621 376 650 tempore
390 611 589 650 imposterum,
603 611 710 649 jusserit
724 617 770 639 aut
784 610 937 646 permiserit
950 609 1128 641 Mercatores
1141 611 1203 640 An-

145 651 206 691 glos
220 650 325 681 Scotos
336 658 384 681 aut
401 649 557 688 Hibernos,
572 659 619 680 aur
633 649 699 678 alios
714 648 900 685 quoscunque
913 651 992 685 Regis
1006 651 1120 685 Magnae
1137 652 1203 678 Bri-

147 692 252 719 tanniae
276 689 425 726 Subditos,
443 697 599 728 eorumque
619 686 733 716 Merces
754 684 949 728 Mercimonia
967 695 1013 717 aut
1028 686 1106 717 Bona
1122 697 1199 725 quae-

147 736 278 765 cunque,
291 729 320 758 in
337 727 549 766 quibuscunque
565 724 673 764 Regnis
688 722 837 754 Dominiis
849 724 904 754 five
920 724 1016 754 Terris
1032 725 1201 762 Principum

146 767 195 797 seu
209 766 498 804 Rerumpublicarum
513 772 767 803 quorumcunque,
785 761 927 793 molestari
940 764 1070 800 intercipi
1084 764 1201 794 detineri

148 813 198 836 aut
210 804 345 843 arrestari,
364 804 529 842 quodtunc
543 804 576 834 &
589 802 618 832 in
634 811 670 832 eo
685 800 772 839 Casu,
786 800 876 830 dietus
892 800 1126 841 Christianifflmus
1140 805 1202 831 Rex

147 843 285 875 Haeredes
306 845 339 875 &
360 840 538 873 Succeffores
556 841 612 877 sui,
630 839 767 878 ejusmodi
790 838 952 877 Principem
969 840 1014 870 seu
1029 840 1203 878 Rempubli—

147 891 211 913 cam
231 892 302 915 cum
323 881 406 913 omni
423 879 565 918 diligentia
580 880 614 910 &
630 879 786 914 celeritate,
803 886 852 916 per
870 877 977 908 Literas
990 880 1045 908 suas
1064 879 1097 908 &
1111 878 1147 908 N
1149 889 1202 909 un-

147 924 227 952 cium
243 921 322 952 suurn
337 919 372 950 ad
387 919 414 949 id
429 918 580 957 specialiter
592 916 780 953 destinandOS,
798 917 992 953 submovebit,
1008 925 1054 947 aut
1070 919 1203 955 requiret,

147 960 359 991 submonebunt
381 959 415 988 ὃς
428 957 586 994 requirent,
602 964 634 986 ut
650 955 743 986 diCtos
757 954 866 992 Anglos
881 954 984 985 Scotos
997 956 1031 986 &
1044 955 1202 994 Hibernos,

150 999 206 1029 una
220 1007 286 1029 cum
299 997 352 1027 suis
365 994 514 1025 Mercibus
528 996 562 1026 &c
580 993 666 1024 Bonis
682 992 894 1031 quibuscunque
902 993 1068 1031 Principum
1084 994 1128 1024 seu
1139 993 1201 1024 Re-

148 1035 390 1074 rumpublicarum
406 1032 589 1072 Regionibus
603 1033 691 1072 captis
705 1031 836 1062 distristis
851 1032 907 1062 sive
919 1032 1048 1070 detentis,
1065 1033 1093 1062 in
1108 1031 1201 1071 pristi-

148 1084 215 1106 nam
230 1074 402 1103 Libertatem
420 1072 453 1103 &
470 1070 675 1102 Poiseffionem
692 1070 832 1108 restituat,
848 1080 882 1101 ac
899 1070 1018 1101 liberam
1031 1070 1136 1101 eisdem
1149 1070 1202 1101 dis-

147 1111 267 1145 cedendi
288 1120 355 1142 cum
378 1111 513 1141 omnibus
527 1109 612 1140 Bonis
626 1111 659 1141 &
679 1108 826 1140 Mercibus
839 1108 1002 1140 facultatem
1016 1110 1203 1147 permittat&

148 1150 304 1186 concedat,
321 1150 484 1187 permittant
507 1149 540 1179 &
565 1146 738 1186 concedant,
755 1148 788 1178 ὃς
810 1147 874 1177 casu
898 1157 957 1185 quo
977 1148 1106 1186 praedicti
1121 1147 1203 1177 Prin-

146 1198 213 1228 ceps
225 1191 270 1219 seu
285 1188 458 1226 Respublica
473 1187 528 1226 fic,
547 1195 579 1218 ut
592 1186 758 1224 praefertur,
774 1186 951 1216 submonitus
971 1186 1018 1217 vel
1039 1186 1204 1217 submonita

145 1228 290 1265 requisitus
307 1227 353 1257 seu
371 1226 515 1264 requisita,
532 1226 568 1255 ita
583 1226 676 1256 facere
690 1225 837 1265 denegarit
853 1225 899 1255 vel
912 1224 1058 1262 distulerit,
1075 1234 1204 1256 conven-

144 1274 208 1296 tum
231 1266 445 1297 concordatum
467 1265 502 1296 &
525 1263 695 1295 conclusum
710 1262 769 1301 est,
785 1263 865 1302 qubd
881 1272 950 1293 tunc
965 1263 1205 1304 Christiamffi'mus

145 1307 207 1334 Rex
226 1303 361 1335 Haeredes
377 1304 411 1334 &
434 1302 614 1334 Successores
629 1303 669 1333 sui
680 1324 690 1340 ,
708 1302 764 1333 sine
778 1303 862 1332 omni
874 1302 925 1332 alia
941 1311 1022 1333 mora
1034 1302 1136 1341 absque
1149 1311 1203 1333 ter-

145 1342 344 1381 giversatione,
362 1343 444 1372 omni
465 1342 587 1378 Allegati
609 1350 644 1372 ne
664 1342 698 1373 ὃς
712 1340 898 1371 Excusatione
910 1341 1087 1379 postpositis,
1103 1350 1206 1372 omnes

146 1383 181 1413 &
197 1381 321 1421 singulos
335 1381 509 1411 Mercatores
522 1351 649 1419 praedicti
662 1379 802 1417 Principis
815 1379 860 1409 seu
874 1380 1072 1416 praedic'tarum
1079 1379 1205 1410 Rerum-

145 1420 323 1458 publicarum
336 1419 487 1456 Subditos,
501 1427 549 1450 aut
560 1417 647 1449 Cives
661 1419 689 1447 in
700 1417 782 1449 dietis
797 1417 977 1455 Regionibus
993 1418 1148 1448 incolentes
1158 1426 1206 1448 aut

146 1468 261 1488 moram
281 1458 434 1496 trahentes,
453 1458 498 1488 seu
520 1456 716 1487 Mercimonia
737 1456 845 1486 ibidem
867 1457 1057 1494 quovismodo
1070 1465 1207 1486 exercen-

147 1505 208 1535 tes,
224 1506 325 1527 eorum
347 1496 481 1526 Factores
504 1495 627 1526 Antores
649 1504 683 1525 ac
701 1494 896 1534 Negotiorum
922 1494 1073 1532 Gestores,
1091 1504 1207 1525 necnon

150 1535 263 1565 Merces
276 1534 376 1564 Terras
391 1533 530 1564 Redditus
543 1535 576 1565 ὃς
586 1533 774 1571 Patrimonia,
792 1532 872 1563 Bona
886 1534 1003 1563 mobilia
1018 1535 1052 1565 &
1067 1535 1207 1563 immobi-

148 1574 183 1603 lia
198 1582 395 1611 quaecunque,
410 1574 440 1602 in
455 1572 580 1610 ejusdem
595 1571 704 1610 Regnis
718 1572 816 1602 Terris
830 1571 977 1601 Dominiis
990 1572 1023 1602 &
1040 1571 1208 1601 Ditionibus

149 1620 220 1642 tunc
235 1611 378 1641 existentia
398 1618 546 1648 comperta
563 1611 596 1640 δί
611 1611 738 1648 inventa,
749 1609 895 1640 arrestabit
909 1609 1056 1648 distringet
1074 1611 1106 1640 δε
1120 1611 1207 1640 inter-

148 1651 250 1688 cipiet,
265 1650 298 1679 &
314 1650 346 1680 iri
363 1648 502 1679 Custodia
520 1649 567 1678 sua
581 1648 718 1679 detinebit
731 1648 778 1679 seu
788 1648 974 1685 detinebunt,
990 1658 1083 1686 neque
1098 1657 1146 1678 eos
1160 1656 1207 1678 aut

148 1698 248 1719 eorum
264 1687 343 1719 Bona
363 1688 438 1728 prius
456 1687 584 1717 dimittet
602 1695 650 1717 aut
666 1686 806 1723 restituet,
824 1686 970 1717 dimittent
985 1694 1033 1716 aut
1047 1685 1210 1724 restituent,

148 1727 206 1757 ullo
228 1727 317 1756 modo
334 1728 422 1765 quam
438 1725 535 1764 singuli
551 1724 641 1762 Angli
654 1724 737 1755 Scoti
751 1727 784 1756 &
799 1724 952 1755 Hibernici
970 1724 1026 1762 sic,
1045 1733 1076 1755 ut
1092 1725 1207 1762 praefer-

148 1773 207 1804 tur,
226 1764 348 1796 attestati
368 1765 424 1795 sive
437 1764 544 1795 detenti
556 1763 660 1794 fuerint
673 1765 703 1794 in
718 1763 840 1794 Prisotiis
854 1763 965 1801 penitus
980 1762 1102 1801 liberati,
1122 1763 1209 1794 Bonis

150 1804 202 1835 suis
216 1804 349 1835 omnibus
364 1803 398 1834 ὃς
414 1803 525 1841 singulis
538 1802 573 1832 ad
587 1802 704 1840 plenum
723 1803 889 1841 integreque
904 1801 1050 1832 restitutis:

187 1842 266 1880 Qiae
295 1842 376 1879 plena
401 1842 434 1872 &
457 1844 565 1880 integra
588 1840 745 1871 Restitutio
759 1863 769 1879 ,
799 1841 818 1871 si
841 1849 877 1870 ex
899 1839 1111 1871 Mercatoribus
1134 1849 1207 1879 ptae-

149 1880 233 1912 diCtis
254 1881 372 1919 praefatis
393 1879 518 1918 Principi
539 1887 585 1909 aut
606 1878 790 1916 Reipublicae
813 1878 941 1917 Subitis,
958 1888 1066 1909 eorum
1081 1878 1100 1898 ³*
1115 1877 1208 1908 Aero-

149 1920 225 1950 ribus
236 1920 402 1950 Factoribus
416 1920 451 1950 &
468 1918 672 1958 Negotiorum
684 1917 871 1955 Gestoribus,
887 1917 1006 1955 Terris,
1024 1916 1208 1954 Redditibus,

149 1957 235 1989 Bonis
258 1958 412 1989 mobilibus
425 1959 459 1989 &
473 1956 691 1994 immobilibus,
709 1965 779 1987 tunc
795 1956 918 1987 inventis
930 1957 964 1989 δε
981 1955 1132 1991 arrestatis,
1147 1955 1207 1985 sieri

146 2007 208 2027 non
224 1997 317 2035 posfit,
334 2005 513 2027 conventum
528 1994 739 2026 concordatum
752 1994 960 2027 &conclusum
973 1994 1025 2032 est,
1039 1993 1120 2033 quod
1134 2002 1206 2024 tunc

147 2036 250 2066 iterum
272 2045 353 2073 atque
373 2035 477 2065 iterum
495 2034 532 2064 de
546 2043 677 2073 tempore
691 2035 720 2063 in
733 2042 848 2072 ,tempus
884 2032 1083 2063 Mercatorum
1100 2033 1134 2064 &
1149 2031 1206 2063 Bo-

148 2083 253 2104 norum
274 2070 479 2113 praedictorum
492 2073 637 2104 toties&
656 2070 762 2103 tamdiu
784 2055 925 2103 Aresiatio
940 2070 988 2107 fiet
1008 2071 1042 2102 ὃς
1063 2070 1206 2102 Detentio

148 2122 198 2149 per
223 2111 331 2143 dietum
353 2110 603 2151 Chrislianffmum
625 2114 721 2147 Regem
736 2110 871 2147 Haeredes
886 2111 918 2141 ὅτ.
933 2108 1114 2141 Successores
1127 2109 1206 2148 suos,

147 2150 294 2188 quousque
306 2149 381 2180 dieta
394 2149 550 2180 Restitutio
566 2145 649 2187 plena
662 2149 812 2186 succedat,
827 2150 860 2185 &
876 2148 981 2178 eisdem
998 2146 1208 2179 Mercatoribus

143 2190 182 2257 s&
197 2189 256 2257 aflues
270 2192 348 2226 Regis
363 2191 476 2226 Magnae
492 2188 787 2221 BritanniaeSubditis
799 2188 908 2226 integre
924 2186 1009 2219 fuerit
1024 2187 1056 2217 in
1069 2187 1208 2218 omnibus

157 2227 203 2258 atis
216 2229 321 2258 aclum.
653 2229 657 2233 “

152 2295 156 2297 .
182 2266 291 2304 ITEM,
308 2265 498 2301 Conventum
511 2264 721 2301 concordatum
735 2265 769 2296 &
784 2264 952 2299 conclusum
966 2264 1026 2302 est,
1044 2264 1125 2303 quod
1141 2264 1209 2295 huic

147 2305 188 2335 rei
211 2303 385 2343 adplenum
406 2305 435 2334 in
459 2304 594 2334 omnibus
617 2304 835 2335 circumstantiis
852 2303 905 2334 suis
930 2304 1131 2342 exequendum
1153 2313 1207 2340 pro

148 2343 292 2379 mittendo
313 2343 435 2380 Nuncio
456 2344 491 2374 ad
513 2343 658 2379 Principes
668 2366 677 2380 ,
694 2352 746 2380 pro
761 2342 857 2373 eundo
871 2345 905 2373 ὅς
920 2342 1066 2373 redeundo
1080 2352 1113 2373 ac
1128 2341 1204 2372 Sub-

148 2383 312 2420 monitione
329 2381 475 2419 facienda,
490 2391 542 2421 pro
558 2380 750 2412 Restitutione
761 2381 914 2419 praedid‘ca,
933 2381 966 2411 &
981 2390 1035 2418 pro
1050 2379 1137 2410 Mora
1150 2390 1205 2419 qua

189 2421 288 2451 uncius
301 2420 386 2451 debet
400 2421 547 2457 expediam
560 2418 738 2458 Responsum
749 2420 788 2450 ab
798 2419 918 2457 eisdem,
934 2419 1155 2450 determinatum
1170 2419 1204 2449 &

147 2459 295 2496 praefixum
317 2458 358 2489 est
378 2459 448 2488 inter
472 2458 539 2489 Nos
562 2457 680 2494 spatium
702 2457 881 2493 limitandum
897 2457 1063 2488 odlodecim
1079 2456 1204 2487 Dietum

148 2507 202 2534 pro
216 2497 397 2534 Regionibus
412 2495 511 2535 Belgii,
530 2505 587 2526 tam
599 2506 664 2534 quae
678 2496 879 2530 Archiducibus
894 2493 1060 2530 Alberto&
1072 2495 1206 2535 Ifizbellae,

148 2536 238 2573 quam
249 2545 313 2575 quae
331 2535 479 2565 Ordinibus
496 2533 692 2573 Confoederatis
708 2534 840 2573 fiibsunt,
856 2543 937 2571 atque
957 2544 1009 2573 pro
1026 2536 1205 2564 Vicinioribus

146 2577 303 2604 Germaniae
324 2577 420 2611 Locis,
437 2583 470 2603 ac
485 2583 538 2611 pro
549 2572 827 2613 Hispaniqkltalia,
844 2572 972 2609 Palania,
990 2581 1073 2611 atque
1087 2582 1138 2609 pro
1153 2575 1206 2601 Re-

147 2613 304 2643 motioribus
319 2615 475 2641 Germanice
493 2614 572 2641 Locis
583 2635 592 2650 ,
609 2607 726 2650 spatium
743 2611 922 2649 quadraginta
939 2610 1063 2642 Dierum
1077 2620 1129 2647 pro
1142 2609 1205 2640 lon—

147 2652 222 2690 giori
237 2650 340 2688 Mora,
358 2659 441 2689 atque
458 2650 508 2681 illis
522 2650 646 2680 Dieruin
660 2650 752 2688 spatiis
765 2650 870 2687 elapsis,
890 2657 960 2680 tunc
977 2649 1072 2680 statim
1088 2650 1121 2681 ὃς
1134 2648 1206 2678 indi-

148 2691 222 2728 late,
239 2691 322 2725 omni
334 2688 388 2720 alia
404 2687 493 2719 Mora
507 2687 612 2719 sublata
626 2690 659 2720 ὃ(
673 2690 753 2720 omni
766 2689 944 2720 excusatione
959 2687 1101 2725 cessante,
1120 2686 1207 2718 Arre-

150 2728 238 2759 statio'
248 2727 438 2760 &Detentio
447 2725 498 2758 ’fiet
512 2735 542 2757 ut
555 2727 742 2765 supi-adrerum
756 2726 806 2759 est.

185 2766 314 2804 ITEM,
331 2765 524 2797 Conventum
546 2765 756 2796 concordatum
780 2767 814 2797 &
835 2764 1004 2795 conclusum
1025 2764 1066 2794 est
1083 2787 1093 2802 ,
1123 2763 1203 2802 quod

152 2807 213 2843 Rex
240 2808 353 2842 Magne
375 2807 532 2835 Britanniae
560 2804 699 2839 Haeredes
726 2805 758 2836 &
788 2803 968 2835 Successbres
994 2803 1034 2834 sui
1061 2804 1205 2834 tenebitur

151 2844 185 2874 &
206 2845 376 2873 tenebuntur
395 2844 502 2872 mutuo
521 2843 554 2874 &
573 2843 699 2873 viciffim
726 2844 801 2874 idem
833 2844 924 2874 facere
945 2843 978 2873 ὅ(
1002 2841 1130 2879 praestare
1151 2851 1204 2881 pro

151 2880 276 2916 Subditis
295 2881 364 2913 dieti
387 2883 466 2918 Regis
489 2880 701 2926 Christianiffimi
721 2891 820 2912 eorum
839 2881 926 2912 Bonis
941 2881 974 2910 δε
990 2880 1156 2919 Mercibus,
1174 2881 1204 2910 in

151 2919 262 2958 Regnis
277 2919 375 2950 Pat'riis
390 2919 489 2950 Terris
512 2918 656 2949 Dominiis
671 2921 704 2950 &
727 2920 896 2950 Ditionibus
916 2918 986 2949 dieti
1002 2918 1141 2957 Principis
1155 2929 1206 2949 cu-

146 2958 315 2996 juscumque
329 2965 381 2990 aut
402 2957 583 2995 Reipublicae
595 2957 727 2989 arrestatis
740 2958 870 2989 districtis
884 2958 917 2988 &
932 2957 1094 2996 interceptis
1103 2981 1111 2995 ,
1126 2957 1204 2996 quod

150 2995 562 3033 superiori,Articuro‘cautum
574 2996 614 3026 est
628 2999 725 3034 Regem
738 2994 999 3037 Chrestiamffimum,
1015 3005 1067 3033 pro
1081 2995 1207 3027 Subditis

151 3034 223 3064 dicti
238 3033 396 3073 Serenifflmi
415 3035 492 3070 Regis
509 3033 618 3071 facere,
638 3034 748 3066 debere.

185 3071 296 3102 ITEM
313 3094 322 3110 ,
346 3071 536 3101 Conventum
560 3073 768 3103 concordatum
789 3074 822 3105 ὃς
846 3072 1017 3102 conclusum
1033 3072 1074 3104 est
1090 3095 1100 3110 ,
1126 3071 1206 3111 quod

151 3110 268 3141 Merces
289 3110 322 3141 &
344 3110 442 3141 omnia
458 3108 559 3147 Bona,
579 3111 642 3148 quae
661 3110 711 3140 sub
725 3110 888 3148 hujusmodi
902 3117 1037 3146 praetextu
1052 3111 1207 3149 intercepta

151 3150 272 3187 fuerint,
292 3150 331 3179 ita
345 3148 507 3181 dividentur
522 3151 552 3179 ut
568 3149 720 3187 rependant
736 3148 964 3188 compensent&
978 3148 1094 3180 sarciant
1105 3149 1205 3188 jactu-

149 3191 213 3219 ra'm
229 3186 445 3225 Dampnum&
460 3186 614 3225 Sumptus,
630 3198 663 3218 ea
678 3188 713 3218 de
726 3186 806 3218 causa
820 3186 906 3224 faeta,
923 3196 972 3225 per
985 3186 1119 3218 Subditos
1134 3197 1207 3225 prae-

148 3227 296 3258 didiorum
308 3221 514 3262 Regii‘Ma'gnae
530 3227 686 3256 Britanniae
701 3227 734 3258 ὃς
750 3228 829 3263 Regis
842 3225 942 3255 Galliae
955 3225 1119 3266 respedtive.

189 3264 236 3295 Ιτ
248 3274 265 3295 E
275 3274 315 3302 M,
331 3264 520 3295 Conventum
535 3265 742 3295 concordatum
754 3266 787 3296 δε
804 3264 968 3295 conclusum
981 3264 1034 3302 est,
1044 3265 1124 3303 qued
1142 3265 1206 3297 casu

149 3314 209 3344 quo
225 3304 354 3342 praefatus
368 3302 504 3339 Princeps
514 3324 524 3339 ,
544 3312 657 3340 propter
671 3303 791 3342 aliquam
808 3302 929 3334 Causam
945 3303 1023 3334 Rem
1042 3312 1089 3334 aut
1108 3303 1204 3335 Mate-

151 3346 222 3375 riam
238 3342 345 3381 justam
366 3351 399 3372 ac
413 3339 608 3378 probabilem,
625 3343 658 3373 &
672 3342 776 3380 quaein
790 3342 928 3380 prioribus
943 3341 1025 3372 Pacis
1042 3343 1076 3373 &
1091 3341 1205 3374 Amici-

151 3385 199 3413 tiae
222 3380 403 3415 Foederibus‚
422 3380 497 3409 inter
516 3379 686 3416 praedictum
708 3379 870 3419 Principem
896 3379 1096 3412 submonitum
1111 3382 1144 3411 ὃς
1159 3381 1204 3412 di-

150 3422 213 3452 &os
225 3419 372 3456 Principes
383 3417 604 3459 Confcederatos
615 3440 625 3455 ,
640 3418 700 3456 jam
716 3428 794 3449 antea
807 3419 883 3449 initis
897 3419 930 3449 ὃς
945 3419 1084 3450 conclusis
1093 3442 1102 3457 ,
1120 3429 1203 3451 com-

151 3458 283 3498 prehensa
295 3457 336 3488 est
345 3479 354 3495 ,
366 3456 508 3495 justitiam
523 3457 571 3485 sibi
586 3464 632 3486 aut
643 3457 766 3487 Subditis
778 3458 813 3487 ab
826 3457 913 3488 altero
929 3456 1076 3488 distorum
1091 3458 1202 3489 Princi-

149 3508 221 3536 pum
236 3496 393 3526 Haeredum
410 3497 443 3527 &
457 3494 659 3537 Successorum
673 3494 787 3526 suorum
800 3496 858 3525 fieri
871 3496 905 3526 δι’.
921 3496 1126 3534 administrari,
1147 3499 1204 3534 pri-

151 3537 236 3567 mum
259 3534 423 3566 authentice
446 3534 614 3571 requisierit,
632 3533 665 3563 &
685 3534 781 3571 postea
788 3557 798 3573 ,
814 3535 845 3564 in
858 3534 921 3565 casu
935 3534 1204 3574 DenegationisJu-

149 3575 236 3606 stitiae'
247 3573 282 3604 ad
295 3583 362 3604 eum
381 3571 501 3602 modum
513 3571 668 3610 requisitae,
684 3572 788 3611 aliquos
804 3572 982 3603 Mercatorec
997 3574 1106 3604 alterius
1120 3574 1204 3605 Prin-

153 3614 220 3651 cipis
240 3611 390 3650 Subditos,
406 3620 508 3641 eorum
533 3609 613 3641 Bona
633 3611 732 3641 Naves
747 3610 859 3640 Merces
871 3619 918 3641 aut
932 3610 1142 3651 Mercimonia‚
1159 3614 1203 3644 di-

146 3652 215 3682 *erus
233 3648 370 3688 Princeps
390 3648 564 3680 arrestaverit
585 3656 632 3680 aut
652 3647 775 3679 arrestari
801 3649 970 3688 permiserit,
988 3658 1060 3681 tunc
1074 3651 1107 3682 ὃς
1123 3651 1152 3682 in
1165 3662 1202 3684 eo

149 3690 216 3721 casu
236 3688 307 3719 dieti
329 3689 474 3728 Principes
494 3686 635 3718 Haeredes
655 3688 689 3718 ὃς
704 3686 883 3718 Successores
893 3687 934 3717 sui
946 3687 981 3718 ad
998 3688 1205 3721 Restitutiones

154 3726 282 3766 Partibus
293 3726 493 3764 damnificata,
511 3734 543 3756 ut
556 3726 633 3765 supra
647 3725 885 3764 comprehensum
902 3725 953 3763 est,
968 3726 1129 3759 faciendum
1146 3731 1203 3759 vir-

151 3767 218 3796 tute'
233 3762 413 3798 Praesentiurn
428 3766 550 3795 minime
564 3764 684 3802 obligati
696 3765 748 3795 sint
761 3771 810 3795 aut
824 3763 1003 3805 censeantur,
1021 3766 1043 3796 si
1056 3767 1147 3798 modo
1160 3768 1204 3797 in-

159 3808 206 3834 tra
214 3802 390 3836 tresM'enses
404 3805 508 3836 dietam
516 3803 775 3834 Submonitionem
789 3803 925 3841 proximo
939 3802 1091 3843 sequentes,
1100 3807 1206 3843 praefati

157 3841 319 3880 Principes,
337 3853 384 3880 per
407 3842 546 3881 legitimas
565 3842 753 3873 Probationes
776 3841 918 3879 praedictis
932 3843 996 3880 Regi
1010 3846 1122 3880 Magnae
1137 3847 1205 3875 Bri-

154 3881 263 3920 tannia·
281 3880 314 3910 &
333 3884 399 3918 Regi
414 3881 515 3911 Galliae
535 3881 579 3912 vel
599 3880 768 3911 Haeredibus
789 3881 822 3912 ὃ(
833 3878 1045 3912 Succefforibus
1057 3883 1126 3922 suis,
1144 3884 1205 3915 evi-

151 3917 258 3949 ·deriter
279 3918 445 3957 &liquido
466 3919 594 3951 constare
616 3919 729 3956 fecerit,
749 3918 829 3957 quod
850 3925 962 3956 propter
973 3921 1119 3957 praedidtas
1130 3921 1206 3952 dun-

157 3963 231 3987 taxat
252 3954 354 3986 Causas
373 3958 406 3989 &
428 3957 560 3990 Materias
581 3959 615 3990 &
631 3967 692 3988 non
706 3958 786 3994 alias,
803 3957 895 3987 dictos
906 3956 1080 3991 Mercatores
1095 3961 1203 3991 alterius

157 3994 305 4039 dictorum
317 3993 482 4036 Principum
494 3996 648 4035 Subditos,
666 4004 697 4028 ut
708 3996 866 4035 praefertur,
883 3994 1054 4028 arrestaverit
1069 3999 1124 4030 five
1140 4008 1202 4038 per-

157 4033 260 4064 miserit
277 4031 570 4076 'anestarl,*‘alioquin
589 4036 669 4066 enim
693 4041 873 4067 conventum
896 4035 930 4066 &
955 4036 1122 4068 conclusum
1146 4037 1205 4076 est,

152 4071 240 4111 =quod
255 4067 325 4100 dim
344 4072 520 4116 Sermffmus
543 4077 622 4112 Rex,
639 4075 673 4106 ὃς
690 4076 750 4104 Rex
769 4071 1003 4112 Christianiffimus
1017 4084 1119 4106 eorum
1134 4075 1207 4107 Hae-

160 4111 239 4151 redes
257 4109 292 4141 ὃς
309 4107 502 4150 Succeffores,
518 4114 624 4145 mutuo
648 4113 773 4145 invicem
793 4113 964 4144 tenebuntur
984 4112 1019 4144 ad
1043 4112 1139 4146 statim
1154 4123 1209 4147 tra-

2230 242 2305 283 173

1247 302 1374 347 desidum
1388 306 1421 336 ὃς
1436 304 1647 337 deliberandum
1656 330 1665 345 ,
1682 310 1753 346 quiri
1764 310 1846 340 etiarn
1860 312 1979 343 totaliter
1992 312 2218 344 convertendum
2237 324 2302 345 om-

1247 352 1294 373 nia
1305 343 1338 373 ὅτ.
1355 343 1458 381 singula
1474 342 1570 381 Bona,
1588 345 1625 375 sic
1640 356 1687 383 per
1702 356 1750 377 eos
1766 348 1894 380 arrestata
1907 352 1939 381 &
1954 352 2083 389 detenta,
2102 353 2131 381 in
2146 352 2296 383 utilitatem

2319 314 2396 346 Ann.
2407 314 2449 345 D.

2338 354 2424 383 1610,

1247 381 1281 410 &
1299 381 1515 412 satisfactionem
1532 382 1716 413 Subditorum
1731 385 1844 416 suorum
1858 388 2026 432 respecstive,
2047 399 2181 429 quorum,
2199 391 2298 421 videli-
2314 391 2405 429 SJac.
2426 402 2447 416 ι.

1245 427 1313 462 cet,
1323 418 1405 450 Bona
1424 419 1574 463 praediditis
1588 420 1720 465 Princeps
1734 424 1788 460 sic,
1804 434 1834 455 ut
1848 435 2044 464 praemittitur,
2063 430 2136 465 prius
2149 429 2299 460 arrestave-

1245 466 1281 487 rit
1295 460 1352 487 sive
1366 457 1537 495 permiserit,
1555 458 1692 500 arrestari:
1713 460 1831 491 Proviso
1849 463 1958 500 semper
1973 466 2052 502 quod
2068 467 2138 497 dieti
2154 466 2299 505 Principes

1245 494 1384 539 Haeredes
1405 497 1438 527 &
1461 496 1641 527 Succeflores
1654 498 1709 535 sui,
1725 500 1839 529 interim
1855 503 1888 532 ὅς
1903 502 1998 532 medio
2015 512 2143 541 tempore
2158 505 2229 536 dum
2242 507 2296 544 Ju-

1244 533 1316 577 stitia
1334 535 1505 578 ¹hujusmodi
1527 535 1740 573 Arrestationis,
1765 547 1799 566 ex
1823 540 1909 569 causis
1929 541 2085 579 praedictis,
2111 552 2159 581 per
2182 544 2295 575 dietum

1243 571 1408 610 Principem
1431 574 1515 604 fact-ae
1535 574 1610 620 apud
1632 573 1742 604 eosdem
1764 575 1902 614 legittime
1923 580 2106 618 approbetur,
2125 582 2245 613 debeant
2262 585 2296 615 &

1242 619 1403 650 teneantur,
1423 622 1481 642 non
1504 612 1597 642 solum
1617 614 1754 643 continue
1771 616 1803 643 ὅς
1816 613 1851 642 de
1866 623 1995 652 tempore
2008 619 2037 646 in
2051 626 2161 655 tempus
2195 630 2296 652 omnes

1241 649 1275 679 &
1300 650 1420 689 singulos
1446 651 1584 688 Principis
1610 650 1718 688 praefati
1744 651 1878 681 Subditos
1892 675 1901 688 ,
1926 663 2026 683 eorum
2052 655 2127 686 Bona
2147 643 2246 688 lxiaves
2264 661 2298 690 &

1243 687 1458 726 Mercimonia‚
1476 699 1560 726 prout
1576 688 1696 728 superius
1709 688 1751 719 est
1766 690 1952 727 explicatum,
1969 692 2094 723 arrestare
2108 695 2141 724 ὃς
2155 697 2281 727 detinere

1243 727 1345 756 verum
1366 729 1453 758 etiam
1475 727 1555 766 quod
1578 728 1598 757 si
1617 730 1764 766 contingat
1788 727 1866 758 Bona
1885 730 1994 760 alterius
2010 729 2147 768 Principis
2163 723 2298 765 Subdito3

1242 774 1305 794 rum
1320 766 1374 803 sic,
1391 776 1421 797 ut
1435 766 1630 804 praemittitur,
1650 775 1698 804 per
1715 766 1863 803 praefatum
1880 766 2040 804 Principem
2054 769 2196 810 arrestata,
2214 783 2301 804 exce-

1244 802 1310 833 dere
1335 806 1369 836 &
1393 804 1515 841 superare
1532 804 1642 842 justum
1667 804 1837 835 Numerum
1855 803 1983 835 Pretium
1997 806 2030 836 &
2047 807 2180 839 Valorem
2197 821 2298 842 eorum

1245 841 1411 880 Bonorum,
1427 853 1551 881 quorum
1574 844 1691 872 nomine
1711 844 1743 874 &
1764 851 1900 882 praetextu
1922 843 1995 873 dicta
2019 843 2175 876 Arrestatio
2195 858 2242 884 per
2256 851 2299 880 dj-

1244 879 1326 910 ‹stum
1342 880 1509 921 Principem
1522 881 1592 911 facta
1608 881 1699 911 fuerat
1710 904 1718 919 ,
1737 891 1805 911 tunc
1820 881 1892 911 dieti
1909 881 2006 918 Reges
2024 881 2162 913 Haeredes
2175 885 2208 915 &
2227 887 2300 918 Suc-

1244 918 1366 962 cessores
1388 920 1427 949 sui
1449 920 1620 950 tenebuntur
1638 920 1799 957 restituere,
1817 920 1836 939 ²*
1855 921 1889 951 &
1911 921 2036 957 tradere,
2054 921 2177 951 Subditis
2196 924 2302 956 alterius

1244 956 1384 994 Principis
1398 957 1552 995 respective
1566 958 1603 988 fic
1619 958 1818 995 damnificatis,
1837 967 1944 989 tantum
1963 960 1999 989 de
2014 959 2099 989 Bonis
2114 959 2301 994 Subditorum

1245 994 1385 1032 Principis
1399 996 1528 1035 praedifti
1543 1006 1590 1033 per
1602 1007 1650 1026 eos
1662 996 1795 1028 attestatis
1811 998 1843 1028 ὅτ.
1859 997 1995 1035 detentis,
2014 1007 2155 1036 quantum
2166 1007 2218 1036 pro
2229 1001 2302 1038 justa

1245 1032 1443 1064 satisfactione
1466 1035 1499 1064 &
1520 1033 1761 1072 Compensatione
1781 1035 1950 1066 eorumdem
1973 1046 2026 1074 pro
2047 1036 2128 1067 dicto
2145 1036 2247 1069 Valore
2265 1041 2311 1071 sic·

1247 1072 1403 1103 excedente
1416 1074 1449 1104 ὅ(
1465 1072 1607 1110 superante
1618 1073 1705 1103 valeat
1721 1074 1754 1104 &
1769 1074 1870 1105 debeat
1883 1074 2017 1105 sufficere.

1283 1109 1411 1153 ITEM,
1430 1110 1623 1154 Conventum
1646 1112 1854 1143 concordatum
1876 1113 1909 1144 δε
1929 1113 2096 1143 conclusum
2114 1113 2172 1153 est,
2190 1116 2269 1154 quod
2285 1117 2304 1148 fi

1247 1146 1383 1188 Princeps
1405 1149 1556 1188 praedictus
1570 1160 1629 1179 non
1647 1151 1716 1180 ultra
1731 1152 1875 1188 quinque,
1893 1162 1941 1182 aut
1954 1152 1989 1182 ad
2003 1151 2147 1182 summum
2162 1154 2206 1183 sex
2223 1154 2306 1185 Mer-

1247 1195 1354 1230 catores
1370 1188 1479 1218 alterius
1492 1188 1659 1225 Principum
1673 1189 1827 1227 Subditos,
1842 1200 1941 1220 eorum
1957 1190 2035 1220 Bona
2048 1190 2081 1220 N
2084 1201 2147 1222 aves
2160 1201 2206 1222 aut
2222 1193 2306 1223 Mer·

1248 1227 1394 1268 cimonia,
1409 1226 1504 1264 juste,
1522 1235 1554 1257 ut
1569 1227 1746 1265 praedicitur,
1763 1228 1934 1259 arrestaverit
1956 1229 2003 1258 seu
2022 1230 2175 1267 permiserit
2190 1232 2305 1262 arresta-

1247 1273 1288 1301 ri,
1306 1266 1340 1296 &
1362 1265 1396 1295 ad
1416 1265 1444 1295 id
1469 1265 1604 1303 quidem,
1625 1274 1739 1303 propter
1761 1267 1923 1304 particulare
1944 1268 2089 1298 dumtaxat
2113 1268 2252 1308 Factum,
2270 1272 2304 1302 ὃς

1246 1304 1390 1346 privatum
1404 1303 1520 1341 aliquod
1535 1304 1665 1334 interesse
1680 1305 1757 1344 quod
1770 1306 1840 1334 inter
1852 1305 1922 1344 ipsos
1937 1307 1969 1337 δε
1985 1306 2130 1343 praefaturn
2139 1307 2306 1347 Principem

1249 1343 1306 1371 sive
1329 1351 1387 1380 ejus
1409 1341 1546 1373 Subditos
1572 1343 1707 1379 vertitur,
1726 1352 1793 1373 tunc
1816 1344 1849 1374 ὃ(
1871 1345 1900 1373 in
1920 1354 1956 1374 eo
1969 1345 2047 1381 casu,
2066 1355 2127 1374 non
2143 1347 2306 1379 censeantur

1248 1380 1319 1423 dicti
1343 1381 1489 1418 Principes
1510 1380 1650 1411 Haeredes
1671 1381 1704 1411 &
1720 1380 1901 1412 successores
1914 1382 1971 1420 sui,
1989 1384 2092 1414 virtute
2106 1383 2306 1423 praesentium,

1248 1418 1381 1456 obligati,
1401 1427 1430 1448 ut
1450 1420 1484 1449 ad
1506 1420 1608 1457 aliquas
1630 1419 1867 1450 Submoriitiones
1883 1421 1916 1451 ὃς
1933 1421 2121 1451 Detentiones
2136 1423 2165 1452 in
2179 1424 2307 1462 praesenti

1250 1456 1388 1494 Capitulo
1404 1458 1624 1497 comprehensas
1640 1459 1804 1495 procedant.

1287 1495 1331 1525 Ιτ
1342 1505 1359 1525 E
1371 1503 1409 1534 M,
1427 1495 1615 1527 Conventum
1628 1496 1837 1527 concordatum
1853 1497 1886 1527 &
1901 1497 2067 1527 conclusum
2082 1498 2133 1537 est,
2152 1500 2231 1537 quod
2247 1511 2307 1532 non

1250 1535 1394 1570 permittet
1408 1538 1468 1563 Rex
1477 1534 1710 1573 Christianiffimus
1720 1545 1811 1573 neque
1818 1535 1997 1565 Successores
2009 1536 2059 1574 sui,
2067 1546 2228 1575 quenquam
2238 1543 2306 1569 Ma-

1246 1583 1308 1608 gnae
1330 1576 1481 1602 Briianniae
1496 1577 1574 1610 Regis
1591 1573 1791 1611 Subditorum,
1809 1575 1849 1603 ob
1865 1573 2046 1612 Religionem
2062 1585 2138 1605 nunc
2155 1578 2183 1605 in
2200 1577 2307 1617 Magna

1251 1610 1391 1641 Britannia
1407 1613 1608 1650 approbatam,
1627 1621 1675 1649 per
1690 1613 1872 1650 inquisitores,
1889 1620 1936 1642 aut
1954 1613 2013 1642 ullo
2028 1612 2083 1642 alio
2098 1614 2197 1652 modo,
2216 1619 2309 1647 vexari

1251 1649 1297 1679 vel
1317 1650 1347 1679 in
1366 1648 1499 1687 Corpore
1519 1650 1565 1681 vel
1585 1651 1614 1679 iri
1639 1649 1743 1689 Bonis,
1762 1650 1806 1680 sed
1823 1650 1902 1688 siquis
1917 1650 1972 1681 ulla
1986 1661 2113 1689 unquam
2130 1652 2310 1686 Authoritate

1249 1687 1318 1731 illud
1342 1689 1508 1726 conabitur,
1529 1688 1710 1718 Authoritate
1733 1689 1898 1726 prohibebit
1920 1689 2012 1727 Regia
2025 1691 2058 1720 &
2077 1691 2234 1730 impediet,
2250 1703 2310 1731 quo

1252 1735 1347 1756 minus
1368 1725 1431 1763 fiat,
1456 1728 1490 1757 &
1514 1726 1642 1764 saelum,
1662 1727 1690 1756 in
1712 1727 1856 1766 integrum
1882 1726 1986 1757 restitui
2002 1729 2112 1758 curabit
2126 1752 2136 1766 ,
2161 1730 2193 1760 eri
2215 1739 2308 1763 tamen

1250 1763 1432 1832 fonditione
1444 1774 1475 1796 ut
1487 1764 1556 1795 dieti
1569 1767 1684 1802 Magnae
1703 1767 1860 1795 Britanniae
1878 1768 1955 1803 Regis
1973 1765 2090 1798 Subditi
2104 1768 2255 1801 moderate
2269 1770 2308 1801 se-

1260 1813 1276 1834 e
1310 1811 1397 1832 erant.

1288 1811 1309 1871 s
1314 1849 1336 1870 T
1347 1849 1419 1879 EM,
1437 1839 1625 1872 Conventum
1638 1842 1850 1872 concordatum
1864 1843 1897 1873 &
1912 1841 2080 1872 conclusum
2096 1843 2148 1882 est,
2165 1845 2246 1884 quod
2261 1847 2312 1878 eis-

1251 1879 1318 1910 dem
1333 1879 1544 1910 Mercatoribus
1558 1880 1645 1910 libere
1660 1881 1714 1911 erit
1729 1881 1864 1910 omnibus
1879 1881 1988 1917 diebus,
2003 1891 2190 1920 praeterquam
2204 1884 2311 1915 Domi-

1246 1919 1339 1957 nicis,
1354 1920 1388 1951 &
1409 1918 1467 1948 aliis
1490 1918 1578 1949 Festis
1598 1920 1702 1957 quibus
1726 1918 1888 1950 Mercatura
1910 1920 1953 1950 uti
1975 1918 2144 1957 Originariis
2158 1922 2313 1954 &Incolis

1246 1956 1354 1995 -Regni
1377 1957 1567 1994 interdicitur,
1586 1957 1754 1988 Venditioni
1775 1967 1933 1996 exponere,
1952 1958 2073 1988 vendere
2089 1960 2122 1990 &
2135 1969 2313 1993 commutare

1247 1994 1308 2026 suas
1324 1995 1455 2032 Merces,
1473 1996 1506 2026 &
1521 1996 1579 2025 aliis
1593 1996 1729 2026 omnibus
1744 1996 1946 2034 cujuscumque
1957 1996 2090 2026 Nationis
2103 2007 2149 2028 aut
2161 1998 2234 2030 Loci
2248 2000 2312 2030 fue-

1245 2035 1306 2069 -rint
1327 2035 1363 2064 ab
1384 2033 1488 2064 eisdem
1507 2044 1620 2073 emere,
1638 2035 1672 2066 &
1690 2044 1760 2065 cum
1775 2035 1878 2066 eisdem
1892 2043 2009 2073 propter
2022 2035 2087 2065 alias
2101 2037 2209 2075 quasvis
2225 2037 2311 2075 Mer-¹

1249 2082 1297 2104 ces
1312 2080 1504 2103 commutare.

1288 2111 1415 2149 ITEM,
1433 2110 1480 2142 Ut
1503 2111 1679 2143 Mercatores
1699 2112 1788 2142 tutius
1808 2111 1912 2150 degere
1935 2113 1968 2144 &
1989 2112 2048 2143 Res
2060 2112 2118 2143 suas
2131 2123 2212 2153 agere
2225 2125 2309 2147 com-

1252 2151 1335 2181 muni
1356 2150 1495 2189 utriusque
1518 2149 1613 2189 Regni
1628 2150 1804 2181 Commodo
1817 2150 1940 2189 possint,
1957 2160 2138 2182 conventum
2151 2155 2311 2186 concorda-

1251 2196 1316 2219 tum
1340 2190 1374 2221 &
1388 2188 1555 2219 conclusum
1570 2189 1627 2226 est,
1646 2189 1727 2227 quod
1739 2211 1748 2226 ,
1766 2190 1785 2219 si
1802 2189 1946 2220 Dissentio
1959 2198 2005 2220 aut
2023 2189 2132 2220 Bellum
2148 2193 2253 2223 oriatur
2265 2194 2311 2223 in-

1252 2236 1294 2259 ter
1310 2231 1394 2266 Reges
1412 2231 1526 2264 Magnae
1544 2229 1703 2257 Britanniae
1720 2227 1758 2263 &
1776 2231 1899 2258 Franciae
1920 2228 2008 2266 (quod
2026 2228 2107 2259 Deus
2122 2231 2238 2268 avertat)
2258 2239 2313 2262 tres

1252 2266 1369 2297 Menses
1388 2265 1598 2297 Mercatoribus
1619 2266 1776 2297 alterutrius
1799 2266 1940 2305 Principis
1954 2266 2076 2297 Subditis
2091 2267 2231 2299 dabuntur
2244 2269 2310 2308 post

1251 2306 1430 2343 publicatum
1452 2304 1562 2335 Bellum
1579 2307 1608 2336 in
1631 2315 1663 2335 ea
1686 2305 1771 2335 Urbe
1785 2306 1834 2334 ubi
1850 2306 2034 2342 habitabunt,
2053 2306 2124 2336 intra
2141 2307 2218 2344 quod
2235 2308 2310 2338 tem-

1252 2353 1304 2383 pus
1316 2344 1367 2374 illis
1378 2344 1476 2375 licebit
1487 2343 1637 2374 distrahere
1651 2343 1777 2374 vendere
1789 2352 1836 2373 aut
1852 2346 1919 2374 tuto
1933 2344 2042 2374 auferre
2054 2342 2111 2375 suas
2124 2345 2258 2385 Merces,
2277 2348 2311 2379 &

1249 2383 1298 2413 alia
1313 2383 1412 2413 omnia
1426 2382 1520 2419 Bona⁷
1539 2383 1572 2413 &
1586 2382 1677 2420 siquid
1694 2383 1763 2412 intra
1777 2382 1837 2412 hoc
1851 2391 1966 2420 tnmpus
1982 2390 2100 2421 captum
2115 2384 2159 2413 vel
2173 2384 2310 2416 sublatum

1249 2422 1286 2451 ab
1304 2422 1439 2452 alterutro
1461 2420 1594 2458 Principe
1608 2429 1655 2451 aut
1669 2420 1765 2458 aliquo
1781 2421 1895 2450 suorum
1908 2420 2092 2451 Subditorum
2108 2422 2208 2460 fuerit,
2228 2423 2311 2461 quod

1249 2460 1316 2489 illud
1335 2459 1464 2499 praefatus
1480 2459 1614 2497 Princeps
1632 2459 1666 2489 &
1680 2459 1860 2490 Succeffores
1874 2459 1913 2490 sui
1927 2459 1960 2489 ad
1974 2459 2094 2497 plenum
2109 2461 2251 2492 restituere
2262 2471 2310 2494 aut

1249 2498 1356 2529 restitui
1370 2498 1462 2528 facere
1476 2499 1616 2528 tenebitur
1630 2498 1663 2527 &
1679 2499 1858 2528 tenebuntur.

1286 2536 1329 2566 ΙΤ
1341 2546 1358 2567 E
1371 2544 1414 2572 M,
1434 2535 1506 2574 Qio
1525 2536 1625 2565 melius
1640 2535 1909 2572 Depraedationibus
1923 2534 2035 2573 aliisque
2050 2536 2221 2568 Latrociniis
2236 2539 2308 2576 pira-

1248 2576 1311 2604 ticis
1330 2575 1483 2609 obvietur,
1502 2582 1680 2604 conventum
1699 2573 1912 2604 concordatum
1926 2574 1959 2604 &
1974 2574 2138 2605 conclusum
2154 2576 2195 2606 est
2202 2599 2212 2614 ,
2229 2577 2310 2616 quod

1248 2613 1324 2642 bona
1340 2614 1372 2644 ὅ(
1394 2612 1535 2642 sufficiens
1556 2611 1664 2642 Cautio
1679 2621 1749 2641 cum
1763 2611 1980 2651 Fidejussoribus
1992 2635 2002 2650 ,
2021 2614 2056 2643 ab
2078 2612 2238 2645 Admirallo
2258 2615 2310 2645 Vi-

1248 2651 1429 2681 ceadmirallo
1441 2651 1486 2681 seu
1501 2650 1615 2680 illorum
1632 2650 1882 2688 Locatenentibus,
1890 2652 2013 2688 capiatur
2029 2653 2058 2681 in
2072 2651 2214 2684 Portubus
2229 2654 2311 2685 alter-

1247 2691 1336 2720 utrius
1357 2690 1498 2728 Principis
1520 2689 1595 2719 unde
1617 2689 1714 2726 aliquae
1731 2689 1829 2719 Naves
1843 2689 1972 2726 solvent,
1997 2690 2147 2728 videlicet,
2166 2702 2218 2730 pro
2242 2693 2308 2723 Na-

1248 2729 1332 2759 vibus
1354 2728 1553 2758 Mercatorum
1574 2727 1608 2758 &
1630 2728 1754 2757 aliorum
1777 2727 1963 2758 Subditorum
1985 2728 2102 2763 posthac
2122 2739 2190 2759 cum
2206 2731 2310 2761 bellico

1249 2767 1414 2807 Apparatu,
1434 2768 1466 2797 ὃς
1489 2764 1646 2804 Reprisaliis
1665 2766 1844 2804 emittendis,
1864 2767 1892 2795 in
1913 2765 2019 2802 duplici
2042 2766 2136 2797 Navis
2153 2768 2310 2807 Apparatus

1249 2806 1282 2836 &
1307 2805 1482 2836 Vie‘tualium
1504 2803 1626 2841 Valore,
1644 2803 1689 2834 sed
1713 2804 1749 2833 de
1765 2805 1824 2834 aliis
1837 2814 1900 2842 quae
1914 2804 2025 2834 tantum
2041 2804 2213 2836 Mercaturae
2228 2808 2311 2838 caussa

1248 2845 1437 2880 emittuntur,
1452 2844 1578 2879 juratoria
1597 2843 1722 2879 capiatur
1738 2841 1846 2874 Cautio
1859 2844 1876 2873 a
1889 2841 2035 2879 Magistris
2049 2844 2081 2873 ὃς
2101 2843 2229 2882 Reliquis
2247 2845 2310 2876 Of-

1247 2883 1356 2913 ficiariis
1379 2882 1510 2912 Navium
1529 2881 1564 2912 de
1586 2882 1611 2911 se
1626 2882 1698 2911 bene
1712 2882 1853 2919 gerendO,
1868 2890 1921 2911 nec
1933 2880 2086 2910 Piraticam
2100 2885 2309 2920 quoquomodo

1248 2921 1408 2953 exercendo
1439 2920 1533 2950 versus
1560 2919 1735 2950 Mercatores
1755 2922 1788 2951 &
1809 2921 1878 2950 alios
1898 2918 2080 2956 quoscunque
2103 2922 2309 2958 praedidiorum

1249 2960 1417 2998 Principum
1441 2959 1591 2995 Subditos,
1608 2958 1627 2987 si
1649 2962 1719 2988 ver'o
1736 2958 1804 2989 dieti
1825 2957 1997 2988 Admirallus
2018 2957 2248 2990 Viceadmirallus
2261 2960 2309 2991 seu

1249 3008 1351 3029 eorum
1367 2998 1572 3027 Locatenentes
1584 2996 1677 3026 nullos
1692 2996 1736 3025 vel
1751 2998 1843 3027 niinus
1860 2996 1979 3025 idoneos
1996 2995 2178 3034 Fidejussores
2190 3008 2309 3037 accepe-

1248 3040 1318 3075 rint,
1337 3035 1421 3075 culpa
1443 3044 1546 3065 eorum
1570 3035 1790 3074 interveniente,
1807 3036 1842 3066 de
1865 3034 1974 3072 Injuriis
1990 3034 2068 3065 illatis
2081 3036 2131 3074 ipsi
2145 3036 2310 3075 respondere

1248 3085 1402 3107 teneantur.

1284 3114 1330 3144 lT
1341 3123 1357 3144 a
1368 3122 1414 3151 M,
1433 3111 1625 3142 Conventum
1639 3110 2062 3143 concordatum&conclusurn
2077 3112 2128 3151 est,
2167 3113 2226 3144 uod
2242 3123 2309 3143 om-

1249 3153 1296 3183 nia
1319 3152 1397 3182 Bona
1423 3161 1503 3189 quae,
1519 3160 1568 3188 per
1589 3149 1761 3188 Capiraneos
1777 3150 1810 3180 ὃς
1824 3150 1890 3179 alios
1906 3149 2052 3180 Ministros
2069 3123 2208 3191 utriusiiue
2224 3152 2306 3182 Prin-

1247 3191 1329 3229 cipis,
1346 3194 1362 3221 a
1382 3190 1482 3220 Piratis
1498 3189 1543 3220 vel
1557 3188 1811 3226 Depraedatoribus
1825 3189 1855 3218 iri
1871 3187 1948 3218 Mari
1965 3198 2123 3226 recuperata
2135 3191 2255 3227 fuerint,
2271 3190 2306 3220 ad

1248 3229 1371 3260 Portum
1391 3229 1512 3267 aliquem
1536 3227 1692 3258 alterutrius
1712 3227 1807 3265 Regni
1827 3227 1982 3264 respective
1995 3228 2186 3266 advehantur,
2205 3230 2237 3260 &
2253 3229 2308 3258 ibi-

1247 3268 1315 3299 dem
1335 3268 1385 3298 sub
1400 3266 1471 3297 salva
1486 3265 1628 3296 Custodia
1644 3266 1794 3296 Admiralli
1813 3264 2035 3304 Viceadmiralli,
2053 3275 2098 3297 aut
2113 3266 2232 3296 aliorum
2248 3267 2307 3297 Of-

1247 3307 1419 3337 ficiariorum
1434 3305 1506 3335 dieti
1524 3303 1647 3342 Portus,
1666 3304 1896 3341 committentur,
1911 3304 1960 3342 qui
1973 3305 2058 3334 etiam
2073 3304 2238 3336 officiarius
2251 3314 2305 3343 pro

1245 3346 1351 3376 eisdem
1368 3345 1453 3376 Bonis
1471 3344 1587 3381 proprio
1602 3342 1652 3373 suo
1668 3343 1802 3373 Nomine
1817 3342 1983 3380 respondere
1997 3343 2178 3373 tenebuntur.

1284 3384 1413 3421 ITEM,
1439 3382 1627 3413 Conventum
1651 3381 1861 3411 concordatum
1885 3380 1918 3410 &
1943 3380 2108 3411 conclusum
2132 3381 2196 3418 est,
2223 3381 2304 3420 quod

1245 3423 1344 3453 omnia
1368 3422 1449 3453 Bona
1468 3431 1551 3460 quae,
1564 3421 1604 3450 uti
1627 3420 1736 3450 diffisum
1759 3419 1818 3457 est,
1837 3428 1916 3456 capta
1938 3420 1971 3450 ὃς
1992 3428 2150 3457 recuperata
2173 3421 2188 3449 a
2203 3420 2302 3451 Piratis

1245 3462 1365 3498 fuerint,
1385 3460 1442 3491 sive
1455 3459 1554 3490 eadem
1573 3459 1625 3488 sint
1639 3459 1750 3488 Aurum
1763 3458 1807 3488 vel
1822 3457 1979 3495 Argentum
1997 3458 2134 3495 signatum
2144 3480 2153 3494 ‚
2168 3458 2224 3490 sive
2240 3459 2302 3488 aliae

1246 3499 1361 3530 Merces
1382 3498 1571 3536 cujuscunque
1594 3497 1720 3536 generis,
1743 3496 1777 3526 ad
1801 3495 1938 3526 Subditos
1958 3495 2112 3525 alterutrius
2133 3495 2222 3535 Regis
2241 3497 2303 3537 spe-

1246 3539 1348 3570 &tantia
1364 3537 1418 3568 sive
1435 3535 1617 3574 pertinentia,
1638 3536 1709 3565 veris
1727 3534 1932 3571 Proprietariis,
1947 3533 2018 3564 faeta
2032 3534 2108 3570 prius
2121 3533 2256 3573 legittima
2267 3536 2302 3566 de

1244 3576 1419 3616 Proprietate
1433 3575 1617 3613 probatione,
1637 3573 1694 3602 sine
1710 3573 1789 3602 moi-a
1801 3572 1987 3602 restituentur.

1278 3615 1406 3652 ITEM,
1431 3613 1622 3644 Conventum
1648 3611 1854 3641 concordatum
1879 3610 1912 3639 ὃ(
1937 3608 2104 3641 conclusum
2128 3611 2169 3642 est
2185 3636 2194 3649 ,
2220 3613 2302 3651 quod

1247 3653 1468 3685 Probationibus
1483 3652 1515 3681 &
1531 3649 1765 3687 Depositionibus
1778 3648 1918 3687 legittime
1929 3647 2025 3685 factis,
2043 3658 2142 3679 coram
2152 3649 2302 3689 judicibus

1246 3692 1316 3723 illius
1336 3693 1394 3722 loci
1411 3691 1459 3721 ubi
1477 3689 1589 3719 Merces
1603 3689 1637 3719 ὃς
1653 3688 1704 3717 alia
1719 3687 1797 3717 Bona
1815 3685 1973 3723 depraedata
1987 3696 2103 3718 onerata
2117 3688 2248 3725 fuerunt,
2266 3694 2300 3721 δε

1242 3732 1406 3763 authentice
1425 3729 1475 3759 sub
1495 3727 1591 3765 Sigillo
1614 3725 1774 3766 judicum,
1801 3725 1833 3754 &
1855 3723 1947 3754 Manu
1977 3723 2095 3756 Notarii
2116 3728 2298 3766 transmissis,

1243 3769 1415 3801 tantundem
1437 3765 1576 3797 deferetur
1599 3763 1679 3801 fidei,
1697 3773 1731 3793 ac
1754 3765 1773 3791 si
1786 3762 2038 3804 illae-Probationes
2053 3764 2086 3795 ad
2104 3764 2299 3797 Commisfio-

1244 3818 1311 3839 nem
1322 3807 1429 3847 Judicis
1442 3805 1512 3835 illius
1532 3802 1627 3841 Regni
1643 3802 1693 3832 ubi
1709 3801 1765 3831 Rei
1779 3802 1988 3831 conveniuntur
2004 3801 2086 3834 faeiae
2100 3803 2232 3842 fuissent,
2250 3805 2300 3836 sal-

2323 925 2430 955 *XVL

2321 964 2386 1000 ⁶99⁴

1241 3848 1284 3878 vis
1304 3854 1401 3877 tamen
1419 3843 1481 3882 ipsis
1500 3841 1569 3872 Reis
1580 3840 1714 3870 omnibus
1727 3839 1778 3870 suis
1792 3839 1811 3859 ²¹²
1827 3839 2052 3877 Exceptionibus
2069 3842 2103 3873 &
2116 3842 2300 3875 Defensioni-
2312 3840 2331 3861 ¹*
2345 3843 2427 3871 ΧἨα

1243 3887 1297 3917 bus
1314 3885 1418 3922 dejure
1430 3879 1620 3913 admittendis.

1282 3924 1407 3959 ITEM,
1427 3920 1614 3951 Conventum
1628 3915 1883 3960 concordatum&
1896 3917 2063 3948 conclusum
2075 3918 2129 3957 est,
2139 3920 2218 3958 quod
2233 3930 2300 3951 orn—

1246 3973 1296 3993 nes
1313 3962 1348 3992 &
1362 3959 1461 3999 singuli
1477 3955 1618 3993 utriusque
1634 3954 1740 3992 praefati
1759 3954 1872 3998 Regni,
1891 3957 2082 3994 omniumque
2096 3957 2250 3989 Terrarum
2266 3959 2299 3989 &

1245 4000 1456 4032 Dominiorurn
1476 4005 1539 4034 quae
1559 3996 1595 4024 ab
1616 3993 1747 4023 utrolibet
1770 3993 1973 4032 praeditstorum
1995 3994 2110 4034 Regum
2129 3997 2301 4035 poffidemffl-

1245 4048 1292 4071 aut
1313 4035 1501 4076 imposterum
1519 4031 1733 4072 possidebuntur
1749 4054 1758 4068 ,
1781 4031 1891 4061 Incolae
1904 4054 1914 4070 ,
1943 4042 2113 4072 quacunque
2139 4035 2303 4073 agnitam,

2315 3890 2380 3916 700.

1270 4084 1421 4114 uocunque
1443 4074 1524 4104 Statu
1544 4072 1577 4101 &
1599 4069 1778 4101 Conditione
1791 4069 1963 4110 exstiterint,
1979 4080 2113 4109 poterunt
2126 4073 2179 4103 sese
2196 4072 2320 4102 mutuis·

1283 4115 1364 4148 fficiis
1378 4112 1516 4152 prosequi,
1530 4109 1698 4148 &accipere
1710 4108 1797 4140 libere
1801 4111 1875 4177 1t(uto
1887 4108 1982 4141 secure
1996 4111 2070 4143 ultro
2082 4112 2211 4149 citroque
2227 4109 2306 4157 ΤετηΑ

1851 4158 1866 4187 3
2279 4159 2307 4179 ra
