2557 4279
11 251 91 286 'Anu
103 248 148 280 D.
159 256 343 294 percipiendis
366 248 566 294 Veeiiga'libus
589 260 643 295 pro
664 256 763 289 Rebus
785 259 819 290 ὃς
845 258 994 292 Mercibus
1018 270 1084 300 quae
1100 262 1129 291 in
1146 259 1222 290 hanc
1264 260 1406 297 agendum
1425 262 1526 301 fuerit,
1552 275 1607 296 nec
1633 267 1695 298 aliae
1713 252 1765 300 liiis
1791 281 1829 303 oc

47 288 131 328 1598-
160 295 275 326 Urbem
307 297 497 332 importantur
526 304 794 341 exportantu'rque,
833 300 933 330 cedere
953 323 963 339 ,
1000 303 1084 338 quam
1119 303 1166 329 M.
1195 301 1227 328 V.
1274 298 1343 327 betis
1363 308 1457 330 autem
1476 301 1549 333 adeo
1572 312 1603 335 ut
1626 304 1761 338 lubentiae
1785 319 1824 340 no

13 338 62 367 4⁰.
77 327 148 355 Elia..

48 370 105 403 Reg.

7 971 29 995 Ψ
56 973 140 1001 XVI.

42 1021 108 1049 3542

150 1304 286 1332 *nantium
308 1303 339 1330 V.
359 1302 404 1328 M.

712 171 825 214 ET
907 170 1172 217 ACTA

161 334 284 365 Subditis
314 334 345 364 in
377 334 539 366 exercendis
575 334 715 372 Negotiis
745 336 798 367 suis
833 338 1044 378 impedimento
1070 338 1116 370 vel
1144 338 1228 368 oneri

163 373 228 403 este,

199 409 291 449 Qiod
305 417 336 439 ut
350 418 459 449 gratum
481 411 626 450 Majestati
648 411 747 451 vestrae
770 414 819 452 sit,
846 415 950 453 illaque
973 416 1075 447 exinde
1095 414 1228 445 devotio-

157 458 227 481 nem
242 456 307 487 erga
320 447 348 478 se
361 449 509 488 nostram,
528 451 561 481 δε
576 461 642 487 erga
665 451 800 482 Subditos
822 454 884 484 suos
908 453 1075 485 Studiorum
1098 453 1227 484 Officio-

154 496 276 524 mmque
294 488 572 532 promptitudinem,
591 489 742 529 agnoscere
757 491 892 528 dignetur
907 494 1015 523 obnixe
1031 493 1064 524 ὃς
1079 491 1226 523 devotiffi-

155 529 207 559 me
224 536 375 563 rogamus:

197 565 416 596 Considerantes
450 568 520 597 vero
546 569 576 596 V.
602 570 647 596 M,
673 568 702 597 in
729 566 797 596 Nos
822 575 866 598 tot
883 570 1020 607 exemplis
1037 569 1225 601 ‘demonstra-

160 612 222 636 tam
250 602 375 641 Regiam
405 604 636 636 Benevolentiam
655 626 665 643 ,
702 605 757 635 ausi
783 605 877 636 sumus
902 607 1013 637 nostros
1032 610 1116 639 etiarn
1135 609 1225 638 Cives

160 646 193 674 V.
213 644 257 672 M.
279 643 422 673 humiliter
442 643 646 674 commendare
665 665 675 681 ,
714 653 823 683 proque
843 645 875 673 iis
893 645 1064 677 intercedere
1084 656 1113 677 ut
1132 651 1174 677 M.
1192 649 1222 675 V.

156 681 266 722 placeat
289 682 375 712 etiam
403 681 518 713 illorum
545 681 714 712 Commoda
741 683 770 712 in
797 682 904 721 Regnis
928 685 962 715 δε
988 684 1134 715 Dominiis
1170 686 1223 715 suis

155 729 341 759 promovere.
554 752 558 753 .

196 759 293 797 Atque
311 760 381 790 cum
403 759 505 789 crebro
526 756 575 788 usu
599 759 695 788 veniat
717 766 747 788 ut
766 757 872 789 nostrae
894 759 1013 799 Naves,
1038 762 1067 791 in
1085 761 1219 792 latissimo

159 795 284 828 Oceano
298 805 430 837 vagantes
440 821 448 834 ‚
468 798 497 826 in
507 796 655 826 Praetorias
670 799 700 826 V.
716 800 766 827 M.
777 798 922 836 incidant,
939 799 997 829 hoc
1012 809 1100 831 unutn
1111 802 1219 830 aMJs.

157 830 325 869 humillimis
348 836 482 866 Precibus
504 834 678 873 flagitamus,
705 844 736 865 ut
759 834 891 874 dignetur
915 837 1064 868 Praefeffls
1085 838 1219 869 Navium

158 876 294 907 mandare
311 885 369 914 quo
389 873 498 904 nostros
520 874 611 909 tnagis
634 873 796 904 humaniter
811 876 897 912 quam
920 875 1074 906 secundum
1092 878 1219 913 rigorem

158 916 298 952 traetent,
315 911 479 949 nostrosque
495 910 555 940 suos
571 911 693 949 Cursus,
717 912 819 949 absque
837 915 921 943 omni
943 914 1109 946 Extorsione
1136 915 1218 945 Con-

159 953 358 992 cusfioneque,
378 952 467 981 libere
483 950 618 989 perficere
633 950 735 992 sinant,
752 960 818 990 aut,
838 952 855 981 si
871 952 932 982 illos
948 953 1053 1021 3Ιίεῇὶά
1078 962 1177 984 contra
1198 954 1217 973 ³*

160 995 206 1023 M.
224 995 255 1023 V.
274 991 376 1023 Edicta
391 988 562 1020 commisisse
583 991 769 1026 praesumant,
795 991 823 1019 in
845 989 967 1030 aliquem
1025 1001 1166 1031 egnorum
1189 995 1218 1022 V.

159 1034 204 1062 M.
229 1032 366 1062 Portuum
384 1027 524 1064 inferant,
551 1037 609 1066 quo
631 1030 646 1056 a
673 1030 703 1056 V.
719 1030 762 1057 M.
779 1028 823 1058 vel
839 1030 872 1058 iis
887 1039 1012 1068 quorum
1025 1040 1059 1060 ex
1077 1030 1220 1061 Mandato

157 1071 189 1100 V.
208 1072 255 1100 M.
273 1068 308 1099 de
321 1067 399 1097 hisce
414 1065 500 1097 causis
510 1065 751 1104 Jurisdictioest,
779 1067 888 1098 matura
907 1070 1074 1108 cognitione
1097 1069 1219 1107 praevia,

156 1108 208 1139 Lis
221 1107 334 1146 exJure
355 1106 388 1137 ὃς
409 1104 523 1143 AEquO,
546 1106 609 1135 imo
632 1106 704 1135 vero
727 1114 761 1134 ex
785 1108 815 1135 V.
836 1108 881 1136 M.
899 1106 1030 1138 Decretis
1046 1107 1191 1138 decidatur
1209 1120 1219 1145 ·‚

155 1146 236 1186 quod
252 1147 270 1176 si
286 1146 302 1175 a
318 1148 348 1175 V.
365 1147 410 1174 M.
426 1144 682 1181 impetraverimus,
702 1153 754 1179 pro
770 1152 876 1182 magno
897 1145 1057 1185 Beneficio,
1085 1156 1128 1177 eas
1152 1156 1220 1184 quas

154 1184 304 1224 possumus
321 1182 448 1219 Gratias,
466 1184 495 1212 in
509 1183 593 1212 omni
610 1181 766 1212 humilitate
780 1184 813 1214 &
825 1183 998 1223 devotione,
1008 1185 1043 1216 ad
1057 1193 1219 1215 extremum

154 1223 242 1261 usque
261 1224 403 1261 Spiritum
423 1222 605 1251 habebimus.
1197 1262 1203 1267 ·

193 1262 289 1293 Deus
306 1261 466 1291 Opi-mus
485 1258 653 1289 Maximus
670 1258 736 1290 Rex
758 1260 873 1300 Regum
890 1261 923 1291 ὃς
946 1261 1094 1292 Dominus
1110 1261 1219 1292 Domi-

428 1308 514 1367 ffiiam
541 1298 695 1328 diutissime
717 1298 868 1329 florentem
891 1301 924 1329 &
943 1300 1140 1339 incolumem,
1173 1309 1219 1330 to-

152 1342 208 1371 tius
226 1338 410 1380 Reipublicae
458 1336 600 1367 hristianae
618 1358 629 1375 ,
664 1336 698 1367 &
725 1340 756 1367 V.
781 1341 827 1367 M,
852 1337 1028 1375 Regnorum
1047 1339 1129 1370 Bono
1147 1348 1220 1371 con-

149 1378 249 1410 servet.

147 1485 151 1499 ‚
191 1459 346 1492 Dabantur
358 1457 409 1489 sub
424 1456 526 1497 Sigillo
537 1456 637 1488 nostro
657 1466 704 1487 10.
719 1456 904 1490 Novembris
926 1456 964 1488 A.
983 1458 1079 1499 1599*ae

452 1536 550 1578 Vestrae
569 1537 732 1577 Majeslati's

331 1611 488 1645 Humillimi
505 1611 544 1649 ὠ
559 1614 733 1654 Devotiffimi
749 1618 921 1653 Servitores‚

296 1695 472 1764 Consumlzs
491 1695 724 1734 SENA-rusque
743 1695 853 1727 URBIS
871 1695 1005 1728 EMEDAE
1022 1699 1050 1727 in
1068 1694 1157 1738 Frifia
1174 1700 1217 1727 Oe

346 1738 439 1766 rienta
449 1739 467 1764 i.

0 2092 67 2130 im.
76 2093 137 2129 Cot-

0 2145 54 2167 sson.
76 2143 140 2167 Nero
180 2152 183 2155 *

3 2176 124 2215 B.4.fol.

3 2221 53 2252 9¹·
69 2216 95 2245 b.

27 3611 140 3645 axvi.

32 3659 97 3689 355⁶

11 3845 137 3874 Bibien-

11 3891 62 3912 ton.
90 3889 142 3913 Ne-

14 3931 42 3949 ro
56 3927 89 3951 Β.
112 3933 142 3959 4.

2 3959 56 3997 jol.
79 3971 143 4000 ²23·

453 1858 512 1900 Ad
535 1851 680 1906 Reginam
703 1860 771 1892 Rex·
796 1862 919 1894 Daniae.

156 1944 328 1990 S‘erem‘ffimae
346 1952 466 1989 Principi
483 1952 609 1979 Domina
626 1948 935 1996 Elipabethae'An‘g-Iiae
962 1954 1085 1981 Francia»
1099 1951 1141 1999 φ’
1163 1954 1220 1983 Hi-

193 1991 418 2067 ῗίἒφνιῇῃξίἑὲίηιε
437 1987 513 2019 Fidei
531 1987 718 2027 Defenjatrtcz
736 1988 942 2028 Consangmneae
956 1989 994 2025 &
1013 1993 1103 2021 Soron
1122 1992 1219 2031 nostrae

227 2104 379 2136 HatsT1A
386 2112 449 2135 Nos

246 2142 431 2173 Vandalorum
445 2145 590 2172 Gottorum
605 2143 691 2182 Rex,
707 2143 783 2173 Dux
797 2143 904 2182 Slcsuici
918 2145 1054 2185 Holsbtiae
1064 2150 1222 2177 Stormariae

160 2182 357 2224 Dithmarjtae‚
380 2181 492 2212 Comes
515 2184 545 2210 in
561 2180 736 2219 oldmburgh
756 2181 794 2216 όν
810 2182 1017 2224 Delwwhurst,
1035 2184 1224 2217 Sereniffimae

161 2220 309 2260 Principi',
336 2221 474 2251 Dominae
498 2219 674 2250 Elizabethae
695 2220 810 2258 Angliae
834 2224 958 2253 Franciae
977 2233 1062 2262 atque
1081 2223 1224 2254 Hiberniae

158 2262 288 2298 Regina»,
323 2260 403 2290 Fidei
434 2257 622 2290 Defensatrici
634 2282 644 2297 ,
677 2258 905 2298 Consanguineae
932 2263 965 2292 &
993 2262 1091 2292 Sorori
1110 2263 1224 2295 ,nostrae

158 2298 346 2337 charissimae,
368 2298 494 2328 Salutem
517 2298 549 2327 &
563 2300 737 2329 continuum
757 2298 899 2330 felicitatis
920 2299 1148 2332 Incrementum-.

192 2337 360 2377 Serem'ffima
375 2339 502 2375 Princeps
515 2334 716 2374 Consanguinea
730 2334 769 2371 ό·
785 2340 863 2367 Soror
877 2338 1047 2379 chariffi'ma,

194 2376 404 2413 Ablegavimus
420 2375 453 2404 ad
477 2377 656 2404 serenitatem
679 2374 799 2415 vestram
823 2375 978 2408 Oratorem
1003 2377 1148 2418 nostrum,
1167 2379 1221 2411 Vi-

153 2424 221 2445 rum
229 2413 427 2445 Clarissimum
436 2437 446 2452 ,
455 2412 619 2443 Nicholaum
633 2418 760 2451 Cragium
771 2414 885 2451 Legum
895 2415 1070 2455 Doctorem,
1081 2426 1110 2448 ut
1118 2420 1222 2461 Serenj-

155 2456 216 2484 ἐπὶ
231 2453 328 2493 vestm
344 2451 475 2490 quaedam
489 2451 566 2482 Fidei
583 2451 637 2482 suae
651 2453 668 2482 a
686 2451 785 2482 Nobis
799 2454 950 2485 commiffa
968 2457 1220 2494 referar,&com-

156 2502 259 2523 munes
273 2492 460 2522 Subditorum
474 2490 640 2521 nostrorum
665 2501 680 2521 a
702 2490 801 2522 Piratis
822 2492 954 2530 Anglicis
973 2495 1094 2525 antehac
1115 2495 1218 2526 misere

154 2531 352 2569 Spoliator‘um
369 2529 490 2567 Causas,
506 2530 565 2567 jam
582 2530 711 2567 plurimis
723 2529 814 2560 Annis
829 2531 937 2562 ibidem
952 2533 980 2562 in
998 2532 1118 2570 Judicio
1131 2535 1217 2572 agita-

152 2577 209 2606 tas,
234 2578 297 2608 agat
313 2570 347 2600 ὅ(
363 2567 562 2608 prosequatur;
586 2575 672 2605 atque
686 2577 814 2599 amanter
829 2571 862 2600 ὃ(
878 2570 1003 2601 fraterne
1025 2572 1040 2600 ὲ
1063 2575 1218 2602 Serenitate

151 2607 248 2649 vestra
262 2608 384 2645 petimus
398 2615 430 2638 ut
444 2606 584 2644 eundem,
603 2606 742 2638 Mandata
754 2600 849 2638 nostra
862 2608 1054 2646 explicantem
1063 2633 1073 2648 ,
1092 2619 1152 2641 non
1173 2610 1218 2641 so-

151 2646 218 2678 mm
232 2647 387 2678 clementer
402 2645 516 2683 audire,
533 2653 616 2682 atque
631 2645 726 2676 verbis
743 2645 866 2684 ejusdem
882 2657 962 2684 eam,
980 2658 1065 2687 quam
1083 2648 1211 2681 Nobisfi

151 2692 256 2716 coram
279 2685 436 2715 adessemus
457 2684 584 2714 habitura
603 2683 689 2722 esset,
716 2683 822 2715 Fidem
847 2686 981 2717 adhibere
998 2687 1027 2717 di
1050 2693 1148 2726 netur,
1171 2688 1217 2718 sed

151 2725 242 2755 etiam
257 2722 382 2762 Regiam
396 2722 474 2753 suam
490 2722 703 2753 Authoritatem
719 2722 754 2753 ὃς
773 2723 919 2755 Officium
941 2726 1009 2756 huic
1060 2729 1145 2757 ratori
1164 2737 1218 2757 no-

151 2763 213 2794 estro
226 2762 435 2800 accomodare,
453 2769 485 2791 ut
501 2761 624 2791 demum
646 2770 747 2791 coram
767 2762 918 2800 Judicibus
938 2764 984 2796 vel
1008 2763 1219 2797 Commisiariis

149 2802 264 2831 idoneis
279 2801 423 2831 dictorum
440 2799 628 2831 Subditorum
648 2800 814 2832 nostrorum
835 2801 956 2840 Causae,
982 2812 1050 2842 quas
1071 2803 1119 2834 ille
1139 2814 1218 2844 aget,

150 2840 312 2871 secundum
322 2839 374 2878 Jus
387 2840 421 2870 &
437 2837 618 2876 AEquitatem
630 2839 738 2878 integre
759 2841 794 2871 &
815 2840 873 2872 fine
895 2842 1064 2879 ambagibus
1084 2843 1218 2874 determi-

151 2886 270 2910 nentur:
290 2878 362 2915 Quo
376 2877 498 2916 denique
513 2877 607 2907 modis
621 2875 679 2908 istis
696 2878 860 2909 miserorum
876 2880 1008 2923 Querelis
1022 2881 1055 2911 δε
1065 2880 1216 2921 Molestus,

152 2917 257 2956 quibus
270 2919 406 2946 Serenitax
420 2915 530 2955 vestra,
547 2925 608 2946 non
624 2916 717 2946 minus
731 2926 766 2947 ac
780 2917 850 2948 Nos
865 2919 934 2957 ipsi,
959 2920 1136 2951 creberrime
1149 2921 1213 2951 affi-

153 2956 246 2993 citur,
263 2954 328 2986 finis
341 2956 519 2992 imponatur:
540 2954 630 2992 Qiod
647 2954 667 2984 s1
681 2958 820 2986 serenitas
833 2957 945 2997 vestra,
960 2959 1001 2989 uti
1008 2968 1072 2989 eam
1088 2961 1214 2991 omnino

153 2994 296 3024 facturam
315 2992 504 3030 confidimus,
530 2992 647 3030 fecerit,
670 2995 725 3024 erit
743 2995 773 3024 id
789 3004 886 3027 mutua
906 2995 1002 3027 nostra
1020 2997 1156 3029 Amicitia
1172 2999 1216 3029 di-

177 3031 320 3062 niffimum
330 3054 340 3070 ,
357 3030 494 3068 totiesque
510 3030 611 3060 Nobis
626 3039 685 3061 tam
700 3041 750 3069 per
766 3032 874 3065 Literas
887 3036 972 3072 quam
989 3035 1114 3075 Legatos
1135 3037 1217 3068 fao-is

154 3041 414 3102 {ollicitationibus
429 3068 667 3106 consentaneum;
683 3076 718 3100 ac
733 3071 902 3108 pollicemur
913 3072 983 3103 Nos
998 3084 1117 3112 operam
1136 3075 1217 3106 sedu-

154 3110 187 3141 lo
205 3109 319 3140 daturos
330 3116 360 3138 ut
372 3109 507 3136 serenitas
522 3106 616 3147 vestra
630 3107 770 3145 intelligat
784 3109 853 3140 Nos
867 3110 946 3141 nulla
961 3112 990 3141 in
1005 3122 1035 3142 re
1052 3114 1121 3143 vere
1143 3115 1216 3144 arni-

153 3149 184 3180 ci
198 3147 338 3185 Principis
356 3145 501 3176 Officium
517 3154 643 3183 unquam
659 3146 828 3182 neglexisse:
855 3147 916 3179 Cui
933 3148 1130 3181 Valitudinem
1149 3162 1216 3190 pro-

152 3187 280 3225 speram,
305 3186 494 3223 omniumque
510 3188 605 3214 rerum
623 3183 797 3216 felicissimos
814 3194 948 3226 eventus,
972 3197 1007 3219 ex
1031 3190 1133 3221 animo
1150 3200 1216 3229 pre—

151 3234 265 3257 camur.

477 2102 672 2142 QUARTUS,
703 2098 763 2136 Dei
784 2094 910 2144 Gratia,
942 2108 1046 2138 Daniae
1074 2109 1223 2146 Noruagiae

190 3301 270 3332 Data
284 3301 301 3330 ὲ
314 3302 400 3338 Regia
412 3298 507 3340 nostra
521 3299 758 3345 Fridrichxkurgsa,
783 3302 920 3335 vicefimo
936 3305 1038 3342 quinto·
1056 3305 1103 3338 die
1122 3306 1213 3339 Men-

154 3339 396 3410 ffiolgfflssffibris
413 3362 424 3377 ,
463 3339 608 3377 Annoque
634 3339 783 3372 millesimo
813 3343 1037 3382 quingentesimo
1064 3349 1216 3402 nonagesi-

845 3456 1104 3492 cums-rimus.

154 3593 178 3618 *se
202 3599 261 3631 per
282 3596 433 3640 Legatum
457 3595 549 3641 Regis
573 3593 678 3626 Daniae
700 3593 840 3638 Praefatio
864 3592 919 3627 'ad
938 3595 1153 3640 Screnfflmam
1174 3603 1212 3638 &-

202 3642 430 3686 Invic'bisstmam
452 3644 622 3675 Heroinam
651 3643 819 3675 Dominam
850 3642 1070 3679 Elizabetham
1097 3649 1216 3695 ,Angliae

204 3695 334 3728 Francia
355 3693 393 3730 &0
418 3688 567 3726 Hiberniae
588 3692 733 3738 Reginam
755 3690 901 3726 inclitam.

192 3769 358 3816 Serenifflmkz
377 3773 415 3812 ὠ·
435 3776 619 3817 Invic‘Ziffima
635 3778 778 3815 Hemina,

159 3847 285 3921 VEnit
302 3852 337 3883 ad
357 3852 567 3884 Sereniffitnam
586 3852 763 3894 Majestatem
781 3860 858 3884 tuam
876 3851 1061 3889 Oratiuncula
1080 3858 1213 3897 mea,lu-

234 3891 303 3923 betis
320 3891 367 3923 ina*
381 3891 427 3922 sed
447 3893 565 3930 timens,
583 3893 618 3923 δε
635 3893 742 3924 timens
761 3892 891 3930 quidem,
908 3894 970 3932 quia
988 3896 1117 3937 impolita
1130 3898 1216 3928 &in-

161 3928 236 3960 culta
256 3928 356 3961 subibit
383 3930 526 3962 censuram
552 3931 663 3967 ingenii
679 3930 846 3962 solertiffimi
864 3933 899 3963 &
926 3933 1085 3974 cultiffitni,
1111 3935 1215 3967 deinde

162 3968 248 3998 etiam
269 3968 331 4005 quia
349 3969 502 3999 rationibus
519 3968 593 3999 haud
611 3969 669 3999 aliis
685 3967 811 4008 suffulta,
839 3971 926 4007 quam
945 3977 1010 4009 quae‘
1025 3972 1214 4004 Sereniffimae

161 4003 308 4044 Majestati
332 4011 386 4035 tuae
412 4007 508 4038 melius
534 4007 626 4038 multo
651 4017 736 4046 quam
762 4009 834 4039 mihi
854 4008 998 4040 meditatae
1016 4011 1216 4052 adhibendae,

158 4052 253 4077 tamen
271 4043 351 4084 quod
368 4043 487 4078 Causam
503 4046 616 4085 oranti,
637 4056 698 4079 non
718 4046 880 4087 simpliciter
902 4050 1039 4089 narranti,
1061 4051 1217 4083 rationibus

1255 158 1713 224 PUssLicA.
2259 209 2342 252 207

1397 339 1402 343 ¹
1501 341 1505 345 .
1549 342 1553 346 Ι
1789 348 1792 352 ¹
1827 321 1843 340 n
1866 314 1951 349 poffit
1974 315 2076 355 aliquid
2098 319 2189 356 magis
2209 320 2332 361 lubere5

1269 345 1335 366 nam
1355 339 1423 374 quid
1449 348 1587 378 antiquius
1612 343 1714 376 habere
1738 346 1826 377 velim

1832 282 1979 308 currerunt
2002 279 2266 321 convenientiores,
2290 281 2336 315 lu—
2352 280 2485 315 AnnD.

2369 321 2454 359 1598.

1854 351 1941 389 quam
1961 362 2046 386 tantae
2066 355 2191 396 Principi
2217 358 2330 390 Officio
2344 367 2378 393 41
2403 360 2475 397 Elin,

1268 382 1336 404 meo
1344 375 1502 416 gratificari,
1510 381 1556 409 cui
1565 381 1655 411 nulius
1674 393 1797 423 unquam
1806 387 1897 418 bonus
1905 390 1991 422 noluit
1999 394 2159 432 gratificari?
2167 396 2328 429 Enimvero
2379 400 2428 434 1³³8
2431 417 2438 426 ·

1268 421 1378 457 magno
1385 415 1457 445 mihi
1465 416 1569 447 honori
1585 419 1661 450 duco
1668 420 1876 455 Sereniffimam
1889 428 2063 468 Majestarem
2080 440 2157 464 tuam
2164 437 2330 467 oratiuncu-

1266 451 1323 481 lam
1333 451 1413 483 istam
1422 455 1650 498 qualemcunque
1659 460 1775 490 voluiffe
1783 462 1949 504 desiderare,
1966 470 2070 499 nedum
2081 480 2138 503 tam
2154 474 2330 505 inofficiosus

1266 489 1318 519 fitn
1328 499 1358 520 ut
1366 491 1505 539 voluerim
1514 495 1636 540 recusare
1644 519 1653 534 ,
1660 498 1768 528 utinam
1781 502 1937 538 accipiatur
1945 508 2100 545 Majestatis
2113 518 2169 541 tuae
2178 513 2256 543 vultu
2265 521 2326 544 tam

1265 527 1372 567 sereno,
1383 540 1503 576 quartia
1521 542 1566 577 me
1581 533 1681 572 scripta
1697 537 1736 566 est
1752 539 1849 568 animo
1858 539 1979 572 sincero!
2000 547 2107 577 nullum
2117 553 2194 581 certe
2208 551 2256 582 hi'c
2267 552 2325 582 elu-

1266 576 1329 611 cere
1352 571 1430 600 volui
1453 571 1505 601 nisi
1526 575 1643 611 ingenui
1664 575 1797 606 candoris
1820 576 1992 617 Vestigium:
2016 583 2220 627 Quaecumque
2245 591 2324 620 enim

1265 605 1399 650 disputata
1411 608 1447 638 de
1460 608 1578 646 Justicia
1591 611 1661 642 Fide
1674 611 1860 645 Humanitate
1872 617 1904 647 ὃς
1924 619 1970 647 reli
1992 621 2033 650 uis
2059 623 2174 656 Officiis
2188 628 2221 658 ad
2240 631 2323 659 Ami-

1266 652 1363 688 cmam
1380 647 1413 677 &
1433 646 1682 685 Conjunetionem
1699 653 1839 690 utriusque
1859 654 1957 686 vestrae
2018 660 2147 701 ajestatis,
2167 666 2200 696 &
2219 665 2325 698 Gentis

1264 682 1382 719 Angliae
1400 694 1469 716 curn
1487 685 1599 719 Danica
1615 689 1868 730 necessitudinem,
1886 693 1950 724 sunt
1966 698 2063 727 omnia
2080 701 2222 740 reliquaad
2237 714 2322 735 com⁴

1264 722 1460 764 mendandum
1485 734 1583 756 meum
1609 729 1741 759 animum
1765 739 1905 768 occupata
1930 733 1958 762 in
1983 734 2110 767 laudibus
2135 741 2324 775 Serenissimae

1262 760 1420 800 Malestatis
1439 771 1514 802 tuae,
1534 766 1634 808 quibus
1652 766 1671 795 fi
1691 768 1727 796 ita
1746 777 1792 804 par
1812 769 1881 800 estet
1899 769 2020 810 Oratio,
2038 782 2067 804 ut
2086 777 2157 806 mihi
2167 779 2255 810 Cordi
2275 792 2321 813 ea-

1263 807 1326 827 rum
1354 799 1626 842 Commemoratio,
1649 805 1720 834 nulli
1746 807 1910 838 mortalium
1940 809 1993 840 hac
2013 820 2091 848 parte
2109 818 2319 849 concederem·

1263 836 1322 867 hoc
1342 848 1461 877 meum,
1486 849 1552 879 erga
1579 842 1788 874 Sereniffimam
1808 847 1988 885 Ma'estatem
2005 858 2100 889 tuam,
2125 855 2234 885 summa
2253 844 2323 888 cuni

1262 878 1418 908 reverentia
1437 878 1492 909 fide
1512 883 1545 910 ὅτ
1564 880 1741 912 observantia
1757 882 1835 914 demi
1863 895 1912 915 um
1936 886 2060 918 studium
2082 889 2121 920 est
2140 893 2168 922 in
2189 903 2248 931 quo
2267 897 2322 926 im·

1261 916 1337 957 mori
1356 916 1443 945 velim
1465 940 1475 955 ,
1512 927 1568 947 nec
1595 929 1665 958 puto
1683 919 1893 953 Sereniffimam
1913 924 2091 965 Mascstatem
2110 937 2187 960 tuam
2207 933 2223 962 a
2243 933 2323 965 bono

1260 950 1334 982 Viro
1353 955 1465 998 qualem
1485 955 1630 999 Legatum
1647 958 1704 988 esse
1722 960 1805 991 decet
1822 963 1943 1000 amplius
1960 965 2112 997 desiderare
2133 981 2144 1006 3
2179 969 2324 1010 Equidem

1260 989 1323 1033 h3aec
1342 1002 1440 1031 paucis
1453 992 1546 1037 scripsi
1565 1016 1575 1032 ,
1613 997 1711 1026 volens
1730 1007 1794 1029 toto
1814 1001 1911 1031 animo
1929 1003 1962 1032 &
1982 1013 2104 1042 corpore
2121 1008 2217 1044 potius
2242 1009 2323 1041 Sere-

1261 1029 1382 1073 msiimae
1401 1031 1548 1070 Mayestati
1567 1041 1623 1063 tuae
1643 1037 1727 1073 quam
1747 1038 1839 1068 verbis
1856 1049 1903 1070 me
1917 1039 2094 1082 obligatum3
2126 1055 2247 1083 apponat
2273 1048 2323 1080 Se-

1264 1067 1407 1113 remffima
1434 1071 1570 1111 Mayestax
1596 1079 1645 1101 tua
1674 1074 1747 1104 mihi
1764 1077 1906 1116 viciffim,
1924 1089 1978 1116 pro
1996 1081 2135 1114 Heroicae
2152 1085 2207 1115 suae
2226 1087 2325 1119 indolis

1262 1103 1454 1150 Celsitudine,
1472 1109 1548 1152 lianc
1567 1109 1715 1151 Gratiam,
1742 1124 1777 1144 ne
1798 1115 1848 1145 sibi
1867 1117 1944 1148 aliter
1964 1118 1978 1147 a
2005 1130 2149 1159 quoquam
2169 1124 2325 1161 persuaderi

1263 1152 1380 1180 patiatur
1392 1167 1403 1184 ,
1437 1157 1514 1184 cujus
1533 1156 1590 1187 ego
1604 1150 1710 1186 justam
1731 1154 1911 1185 occasionem
1937 1157 2037 1189 volens
2055 1160 2088 1189 ὃς
2106 1160 2197 1191 sciens
2214 1163 2323 1195 nullam

1260 1184 1415 1224 praebebo,
1434 1185 1523 1230 Teste
1540 1189 1608 1217 neo
1627 1189 1656 1217 in
1676 1190 1804 1221 animam
1825 1201 1937 1231 meam;
1957 1196 2018 1233 Qui
2032 1197 2241 1231 Sereniffimam
2256 1205 2325 1232 Ma·-

1251 1221 1382 1259 yestatem
1400 1231 1478 1252 tuam
1495 1235 1524 1254 in
1543 1225 1669 1256 florentis
1685 1228 1762 1259 istius
1778 1228 1882 1262 AEtatis
1899 1233 2053 1266 Venustate
2071 1237 2104 1266 &
2123 1237 2242 1277 Gratia,
2256 1250 2322 1270 om-

1259 1262 1399 1299 niumque
1420 1261 1532 1293 Virium
1550 1266 1646 1301 vegeti
1665 1264 1805 1305 Corporis
1825 1268 1974 1310 firmitate,
2001 1275 2030 1304 in
2047 1275 2155 1307 multos
2172 1277 2273 1309 Annos
2291 1287 2323 1311 ut

1258 1297 1389 1330 sustentet
1407 1309 1442 1330 ex
1460 1304 1558 1333 animo
1575 1312 1677 1341 precor
1698 1306 1730 1335 δε
1749 1317 1854 1337 voveo.

1573 1391 1745 1432 Sereniffi‘mae
1766 1394 1924 1434 Majestaaeis
1941 1405 1996 1430 tuae

1717 1480 1925 1524 Deditifft'mm,

1984 1573 2068 1606 Nic.
2085 1575 2265 1612 Carietes.

1384 1718 1533 1764 Ejusdem
1556 1722 1667 1768 Legati
1687 1718 1798 1757 ‘Oratio
1821 1725 1866 1758 ad
1885 1725 2008 1760 eandem
2034 1731 2192 1777 Reginam.

1290 1802 1369 1834 Nter
1395 1804 1484 1835 multa
1509 1806 1560 1836 alia
1588 1817 1652 1845 quae
1679 1810 1751 1839 mihi

1310 1844 1488 1882 (Sereniffima
1507 1844 1545 1878 &a
1565 1848 1625 1876 Inv
1636 1848 1748 1887 Hiffima
1765 1852 1890 1878 Heroina

1262 1880 1326 1912 hxec
1353 1892 1419 1912 cura
1438 1893 1537 1913 animo
1557 1895 1623 1915 meo
1643 1887 1769 1925 lnce-Hit,
1793 1897 1851 1928 quo
1871 1888 1962 1919 Pac‘io
1981 1892 2142 1931 Majestatjs
2165 1904 2221 1927 tuae
2247 1900 2322 1931 Gra-

1261 1920 1330 1950 tiam
1357 1922 1391 1963 ὃς
1415 1920 1646 1954 Benevolentiam
1671 1926 1742 1955 mihi
1760 1928 1911 1958 conciliare
1929 1928 2037 1966 possem
2082 1941 2111 1963 ut
2135 1935 2323 1970 nihilominus

1262 1959 1445 2003 Serenuiimo
1469 1964 1535 1998 Regi
1560 1973 1593 1992 ac
1623 1962 1756 1995 Domino
1779 1975 1848 1995 meo
1873 1955 2106 2001 Clementiflirno
2130 1973 2218 2008 sidem
2239 1977 2324 2008 indu-

1262 1996 1414 2036 striamque
1433 2002 1585 2042 probatem
1606 2013 1615 2039 ς
1653 2012 1802 2041 utrumque
1827 2006 1905 2034 enim
1928 2006 2000 2036 mihi
2019 2009 2207 2046 praestanduin
2228 2016 2325 2047 existi-

1263 2044 1341 2067 mem
1360 2046 1392 2069 ut
1409 2036 1562 2069 Personam
1584 2050 1668 2078 quam
1686 2042 1767 2072 indui
1786 2044 1863 2073 reete
1889 2043 2050 2076 sustinerem
2076 2049 2109 2079 &
2134 2051 2239 2082 officio
2258 2054 2325 2085 fun-

1264 2083 1370 2113 gerer:
1397 2079 1567 2109 occurrebat
1591 2090 1685 2110 autem
1711 2082 1795 2112 unica
1821 2082 1884 2112 haec
1908 2084 2041 2116 modestis
2065 2085 2190 2124 Ingeniis
2215 2092 2328 2131 semper

1262 2115 1326 2144 trita
1344 2115 1407 2153 via,
1425 2126 1534 2156 quaque
1552 2118 1685 2148 incedere
1703 2121 1813 2150 nemini
1833 2130 1957 2159 unquam
1977 2125 2092 2155 crimini
2108 2127 2176 2166 fuit,
2195 2130 2231 2168 fi,
2250 2131 2326 2164 salva

1264 2154 1394 2183 Numinis
1415 2155 1629 2197 Majestatisque
1649 2164 1705 2187 tuae
1724 2161 1896 2198 reverentia,
1923 2162 2033 2192 causam
2058 2163 2153 2196 saltem
2173 2168 2266 2199 solidis
2290 2181 2325 2202 ac

1265 2194 1336 2223 vetis
1351 2194 1507 2225 rationibus
1526 2194 1663 2226 firmatam
1681 2198 1765 2235 plane
1777 2198 1809 2228 &
1828 2200 1972 2237 praecipue
1992 2211 2100 2232 orarem
2113 2207 2327 2246 ‚quod,quan-

1264 2239 1326 2262 tum
1346 2242 1388 2263 res
1406 2233 1482 2271 finit,
1501 2233 1599 2269 sedulo
1618 2234 1710 2266 facere
1729 2238 1757 2266 in
1775 2238 1872 2268 animo
1887 2239 1939 2276 est,
1956 2248 2045 2270 omne
2062 2242 2195 2274 Studium
2215 2248 2328 2278 adhibi-

1263 2277 1356 2308 turus,
1374 2281 1410 2301 ne
1426 2272 1493 2309 quid
1509 2274 1638 2303 excidere
1656 2275 1727 2304 mihi
1743 2277 1825 2312 patiar
1862 2277 1918 2307 uod
1933 2278 1966 2307 ad
1982 2278 2118 2311 offensam
2135 2285 2240 2314 merito
2254 2287 2326 2317 trahi

1261 2308 1356 2346 poffir.
1393 2309 1578 2353 Quapropter
1594 2321 1642 2342 me
1659 2323 1706 2349 per
1720 2314 1783 2344 brec
1800 2286 1923 2353 vestigia
1936 2317 2106 2357 incedente,
2134 2322 2257 2353 viciffim
2273 2325 2326 2355 Se-

1263 2348 1414 2378 reniffimae
1439 2348 1600 2388 Mayestatis
1624 2357 1680 2379 tuae
1698 2352 1798 2390 insigni
1817 2353 1920 2383 virtute
1942 2355 2063 2392 dignum
2087 2358 2172 2391 fuerit
2192 2362 2326 2401 benignas

1261 2386 1334 2416 mihi
1357 2397 1433 2417 aures
1452 2389 1692 2427 accommodare,
1717 2391 1750 2421 δε
1775 2401 1826 2430 pro
1846 2392 1979 2423 'consueta
2000 2395 2174 2429 humanitate
2195 2401 2325 2433 adverte-

1261 2433 1311 2462 νει,
1331 2426 1481 2456 enimvero
1496 2427 1621 2457 invitarit
1636 2428 1693 2458 huc
1715 2429 1926 2460 Sereniffimam
1949 2434 2120 2472 majestatem
2139 2445 2234 2477 tuam,
2260 2450 2325 2472 tum

1260 2463 1365 2494 indolis
1383 2466 1506 2502 propriae
1528 2465 1725 2503 Generofiras,
1741 2477 1803 2497 tum
1820 2468 1920 2499 Causae
1934 2471 2014 2508 ipsius
2030 2474 2156 2514 bonitas,
2183 2488 2251 2508 cum
2267 2481 2327 2510 evi-

1260 2501 1422 2533 dentiffima
1438 2504 1573 2541 aequitate
1593 2506 1767 2544 conjunfflr,
1790 2507 1888 2546 absque
1904 2517 1957 2545 qua
1977 2509 2060 2549 effer,
2080 2517 2257 2547 verecundiae
2276 2519 2326 2549 ha-

1260 2540 1381 2608 buigsem
1404 2542 1434 2570 in
1458 2541 1646 2580 conspefflmm
1668 2543 1857 2575 Serenlffimae
1871 2547 2031 2586 Majestam
2044 2557 2100 2580 tua·
2113 2553 2148 2583 ad
2169 2555 2326 2587 dicendum

1256 2587 1310 2615 pro
1332 2589 1380 2610 ire·

1297 2619 1315 2638 ²¹¹
1337 2618 1454 2649 Gnarus
1475 2619 1553 2649 enim
1575 2619 1691 2658 insignis
1715 2622 1880 2653 eruditionis
1913 2623 2070 2663 Majestatis
2094 2638 2167 2670 tuae,
2192 2642 2257 2671 quae
2271 2644 2325 2672 qua

1259 2656 1348 2688 O'rbis
1364 2666 1441 2695 patet
1455 2657 1563 2688 summa
1579 2659 1608 2688 in
1623 2659 1704 2690 laude
1719 2660 1826 2699 fertur,
1844 2660 2005 2694 existimavi
2027 2668 2180 2700 cultiffimo
2202 2671 2323 2711 ingenio

1261 2697 1293 2727 ὃς
1309 2696 1474 2735 graviffimo
1485 2695 1602 2734 Judicio
1615 2697 1735 2729 satisfieri
1752 2709 1811 2730 non
1827 2701 1907 2737 posse
1921 2702 1970 2732 nisi
1986 2705 2084 2736 exadta
2105 2708 2253 2740 Orationis
2267 2712 2324 2744 ele-

1258 2737 1352 2774 gantia
1370 2735 1403 2765 &
1419 2735 1557 2773 exquisito
1572 2737 1722 2768 verborum
1738 2738 1905 2776 splendore,
1931 2741 1946 2768 a
1963 2743 2064 2779 quibus
2081 2755 2217 2782 quantum
2232 2750 2323 2782 absim

1261 2774 1338 2805 haud
1361 2775 1505 2812 poenitet,
1530 2774 1576 2804 sed
1599 2773 1690 2806 Causa
1714 2775 1848 2807 fiduciam
1865 2777 1993 2817 addidit,
2019 2791 2054 2811 eo
2072 2787 2197 2816 maxime
2214 2798 2261 2819 me
2278 2790 2322 2820 su-

1258 2812 1378 2843 stentans
1393 2814 1426 2844 ὃς
1440 2812 1700 2857 ἀεῑεᾶαηελςαὸά
1714 2815 1810 2846 oblata
1825 2816 1893 2846 esset
1905 2826 2018 2849 occario
2030 2831 2096 2860 erga
2112 2823 2323 2859 Sereniffimam

1259 2850 1444 2890 Majestatem
1459 2860 1539 2882 tuam
1554 2852 1587 2882 &
1603 2853 1732 2884 inclitam
1754 2853 1882 2885 Gentem
1906 2856 2059 2895 Anglicam
2083 2863 2171 2892 animi
2188 2864 2322 2897 Studium

1263 2890 1445 2929 declarandi,
1464 2890 1553 2929 Quod
1569 2891 1679 2929 prorsus
1692 2893 1720 2922 in
1738 2902 1774 2923 eo
1788 2892 1828 2923 est
1849 2902 1877 2923 ut
1905 2894 2047 2933 Majestati
2072 2907 2126 2929 tuae
2151 2911 2218 2931 curn
2241 2903 2321 2935 Sere-

1257 2928 1375 2959 niffimo
1392 2932 1462 2966 Rege
1476 2938 1544 2959 meo
1559 2930 1672 2961 constet
1696 2929 1866 2962 Concordia
1886 2931 2087 2967 Benevolentia
2112 2939 2145 2968 ὃς
2164 2940 2321 2982 Amicitia,

1258 2970 1292 2999 &
1308 2969 1417 3007 utrique
1432 2967 1525 2998 Genti
1540 2967 1663 2999 Danicae
1679 2970 1711 3000 ὃ(
1730 2970 1861 3008 Anglicae
1876 2971 2002 3009 benigna
2026 2974 2201 3008 Officiorum
2226 2979 2322 3011 Com-

1259 3006 1419 3037 municatio
1444 3006 1613 3045 intercedat;
1632 3007 1705 3047 Qio
1725 3009 1795 3038 milii
1808 3010 1908 3039 omnia
1932 3011 1991 3042 hac
2010 3011 2151 3046 Oratione
2177 3017 2320 3052 referenda

1257 3052 1355 3083 erunt,
1378 3055 1431 3083 eo,
1457 3053 1489 3075 ut
1511 3044 1609 3085 spere,
1636 3045 1826 3078 Serenissimae
1851 3047 1992 3086 Majeltati
2013 3058 2068 3082 tuae
2085 3052 2176 3085 futura
2193 3059 2299 3096 gratior

1257 3083 1394 3122 quodque
1409 3084 1522 3121 cupiam
1538 3084 1685 3122 impetrare
1701 3085 1832 3116 Studium
1847 3096 1915 3117 curn
1930 3087 2049 3129 Gratia,
2069 3092 2125 3130 qua
2146 3093 2193 3131 spe
2214 3083 2318 3135 fretus,³

1257 3123 1291 3152 &
1307 3122 1458 3153 benevolae
1473 3122 1621 3154 audientiae
1634 3133 1743 3163 certus,
1761 3134 1825 3164 quae
1839 3134 1873 3156 ex
1888 3126 1965 3157 vultu
1979 3130 2189 3171 venustissimo,
2207 3133 2241 3164 ad
2251 3135 2321 3166 Cle-

1259 3162 1397 3192 mentiam
1412 3161 1522 3201 penitus
1536 3162 1716 3201 composito,
1743 3165 1876 3195 irradians
1889 3167 2080 3207 promittitur,
2107 3169 2315 3206 Mandatorum

1256 3198 1474 3238 Expofitionem
1491 3198 1567 3230 orsus
1582 3201 1745 3232 summatim
1768 3203 1920 3240 persequar.

1291 3238 1387 3276 Jussus
1403 3239 1463 3268 sum
1480 3247 1562 3276 agere
1582 3239 1761 3281 (Seremffima
1773 3243 1887 3279 Regina)
1909 3243 2019 3274 causam
2035 3245 2204 3277 miserorum
2225 3249 2257 3279 &
2271 3249 2314 3281 af-

1257 3276 1405 3308 flietorum
1417 3276 1581 3307 Hominum
1599 3277 1798 3311 Mercatoruni
1818 3280 2014 3320 Danicorum,
2035 3285 2082 3321 qui
2099 3285 2123 3314 se
2139 3287 2174 3315 ab
2186 3285 2315 3320 Excubi-

1255 3316 1378 3354 toribus‚
1394 3315 1542 3347 Praefectis
1555 3315 1703 3357 Navium,
1725 3320 1757 3350 &
1773 3318 1871 3349 Pitatis
1889 3320 2018 3357 Anglicis
2059 3323 2202 3353 uibusdam
2226 3327 2315 3357 incle-

1255 3363 1364 3386 menter
1387 3354 1537 3393 tracstatos,
1555 3355 1628 3386 male
1650 3357 1802 3396 multatos,
1826 3357 1965 3397 violatos,
1991 3359 2040 3397 spo
2055 3361 2177 3398 iatosque
2191 3373 2315 3400 querun-

1254 3401 1316 3433 tur3
1334 3392 1391 3432 qua
1402 3393 1438 3423 de
1453 3403 1483 3423 re
1497 3393 1639 3425 multoties
1652 3396 1725 3433 apud
1741 3395 1920 3435 Majestatem
1935 3405 2012 3427 tuam
2021 3421 2031 3436 ‚
2051 3408 2112 3428 tum
2128 3400 2230 3433 Literis
2247 3412 2314 3436 tum

1278 3442 1308 3463 er
1325 3432 1453 3470 Legatos
1465 3431 1578 3470 aetum,
1594 3432 1638 3464 sed
1653 3443 1814 3465 extremum
1827 3435 1901 3474 Juris
1919 3436 2062 3467 Auxilium
2087 3438 2215 3469 nondum
2231 3442 2313 3473 adhi-

1279 3471 1350 3502 itum
1373 3478 1402 3502 ut
1429 3471 1606 3510 acquiescere
1625 3472 1680 3502 laesi
1701 3474 1861 3512 potuerint,
1887 3474 1954 3512 quin
1976 3474 2110 3505 haetenus
2132 3478 2173 3507 rei
2183 3479 2310 3519 plerique

1249 3509 1400 3548 Judicium
1414 3510 1493 3539 vario
1506 3509 1691 3548 undequaque
1716 3512 1832 3550 quaefito
1855 3520 1991 3549 praetextu
2014 3513 2124 3552 eluere,
2139 3515 2308 3551 dummodo

1254 3549 1371 3589 peregre
1384 3548 1484 3585 ierint,
1504 3547 1569 3577 alias
1586 3550 1733 3588 latitarint,
1753 3550 1900 3588 aliquando
1920 3550 2061 3587 legittime
2073 3553 2150 3583 citati
2168 3554 2310 3589 Vadimo-

1253 3588 1334 3619 nium
1348 3586 1530 3624 deseruerint3
1550 3586 1683 3626 Qubus,
1701 3588 1813 3629 aliisque
1830 3586 1941 3625 effugiis
1948 3595 2060 3630 tempus
2069 3590 2200 3624 haetenus
2217 3605 2310 3628 extra-

1254 3627 1354 3665 ctum,
1379 3626 1478 3656 Annus
1498 3626 1527 3654 in
1556 3627 1673 3656 Annum
1695 3627 1800 3664 lapsus,
1822 3636 1875 3656 nec
1897 3627 2002 3657 miseris
2014 3627 2191 3670 succursum,
2208 3634 2306 3665 immo

1252 3665 1408 3702 sumptibus
1427 3663 1530 3694 damna
1551 3664 1748 3703 accumulata,
1774 3664 1987 3706 utquibusdam
2007 3668 2120 3704 optime
2140 3671 2238 3702 aetum
2260 3674 2307 3704 vix

1256 3704 1400 3735 consecuti
1417 3702 1483 3740 sint,
1500 3709 1638 3739 quantum
1654 3702 1687 3732 ad
1706 3703 1901 3741 quotidianum
1919 3703 1996 3734 Vitae
2011 3706 2087 3736 usum
2111 3707 2181 3739 dum
2197 3711 2310 3753 litigan-

1254 3742 1294 3773 do
1314 3741 1443 3772 insistunt
1464 3749 1591 3778 errogare
1616 3741 1724 3771 necesse
1742 3741 1848 3782 fuerit,
1873 3742 1981 3779 prorsus
1997 3753 2030 3774 ac
2053 3745 2072 3775 fi
2087 3746 2123 3776 ab
2138 3748 2308 3781 Adversariis

1254 3781 1312 3812 huc
1329 3788 1441 3811 tantum
1455 3780 1632 3820 tenderetur,
1649 3788 1679 3810 ut
1701 3779 1790 3821 mileti
1808 3789 1897 3810 morae
1913 3780 1999 3811 taedio
2011 3783 2045 3813 &
2067 3784 2218 3824 impendiis
2239 3788 2306 3819 fati-

1254 3827 1399 3859 garentur,
1417 3818 1510 3848 donec
1526 3816 1626 3847 Causas
1642 3817 1699 3847 suas
1715 3818 1882 3856 desererint,
1896 3819 1945 3859 ipfi
1959 3820 2072 3851 interim
2094 3824 2187 3861 praeda
2208 3827 2306 3865 inique

1255 3866 1331 3896 parta
1353 3858 1526 3895 potirentur,
1543 3866 1626 3894 quare
1647 3857 1735 3893 quum
1762 3857 1807 3886 vel
1827 3857 1919 3900 hisce,
1945 3859 1990 3888 vel
2004 3860 2173 3898 quibuicum
2187 3866 2303 3896 tandem

1255 3897 1290 3927 de
1302 3895 1398 3926 Causis
1420 3894 1591 3925 afflictorum
1612 3894 1764 3924 Danorum
1786 3905 1867 3933 pauet
1887 3897 1920 3926 ad
1931 3895 1976 3926 sua
1991 3901 2177 3939 recuperanda
2198 3903 2303 3941 aliquid

1255 3935 1446 3974 profecerint,
1480 3933 1568 3970 plures
1585 3943 1676 3975 autem
1689 3933 1783 3963 adhuc
1805 3935 1834 3963 in
1857 3934 1963 3964 damno
1982 3936 2051 3976 sint,
2076 3939 2214 3977 supplices
2225 3945 2307 3972 bere*

1257 3974 1374 4005 niffimo
1391 3975 1455 4009 Regi
1468 3972 1534 4001 facti
1547 3972 1749 4009 obtinuerunt,
1769 3981 1796 4002 ut
1814 3972 1879 4004 haec
1905 3972 2025 4012 Legatio
2047 3977 2082 4007 ad
2108 3987 2186 4008 tuam
2209 3979 2249 4010 M

1257 4009 1357 4043 statem
1371 4011 1467 4040 denuo
1482 4012 1688 4040 decerneretur.
2056 4048 2059 4051 v

1293 4050 1393 4088 Rogat
1408 4049 1494 4086 igitur
1507 4057 1560 4085 pro
1574 4047 1697 4082 fraterna
1711 4048 1914 4082 neceffitudine
1931 4052 2116 4094 Sereniffimus
2131 4057 2194 4087 Rex
2199 4077 2211 4095 ,
2237 4055 2282 4123 ᾗ
2292 4058 2310 4086 a

2285 4105 2315 4125 ²-

2250 3983 2304 4018 aje-

1777 1810 1829 1843 hac
1856 1811 1999 1848 legatione
2024 1815 2190 1850 meditanda
2209 1819 2323 1854 fuerunt
2340 1831 2473 1860 Biblssot-

1907 1854 2023 1888 Reginea
2041 1855 2150 1894 inclita)
2178 1862 2323 1900 praecipue
2341 1878 2391 1898 ton,
2422 1876 2475 1898 Ne-

2337 1919 2364 1936 ro
2383 1914 2411 1936 B.
2429 1920 2458 1944 4.

2336 1946 2460 1987 fola-25.

2364 2645 2474 2678 *xva

2373 2687 2437 2721 356·
