2557 4279
217 150 272 193 46
710 139 1942 193 CONVENTIONES,L1TERAE,

72 222 148 256 aare.
157 222 200 254 D.
1319 225 1473 259 Praemiffis
1483 233 1531 256 aut
1544 226 1641 264 aliquo
1655 227 1873 258 Praemifforum
1889 225 2069 259 tractaverint
2082 228 2194 265 egerint
2207 227 2242 259 δε
2260 227 2381 259 conclu-
2404 224 2482 256 Ann-
2493 223 2538 266 Di

90 265 175 293 1602.
1319 266 1430 303 serint,
1455 274 1544 302 eaque
1565 266 1664 295 omnia
1683 266 1717 296 &
1739 266 1844 304 fingula
1864 267 1893 295 in
1916 275 2018 296 eorum
2041 265 2177 297 Clausulas
2194 267 2227 298 &
2250 266 2384 297 Articulis
2425 263 2511 293 1602-

70 312 107 338 44
126 302 191 330 eliz.
328 306 333 318 ³
1325 305 1488 342 (quantum
1503 301 1571 332 Nos
1584 306 1781 339 concernent)
1794 303 1959 335 firmiter&
1974 305 2173 335 inviolabiliter
2194 304 2383 336 observaturas
2404 302 2520 338 44511'22

71 345 128 376 Reg.
272 338 321 371 De
337 335 479 380 Potistate
497 335 654 370 trastamdi
668 349 738 371 cum
769 336 981 383 Commiffizriis
1010 339 1099 383 Regis
1123 337 1241 369 Daniae.
1319 344 1353 374 &
1374 340 1573 378 adimpleturas
1586 363 1596 379 ,
1619 350 1652 371 ac
1674 341 1754 380 super
1772 342 1876 372 eisdem
1900 343 2009 373 Literas
2031 342 2138 374 nostras
2158 342 2386 374 Ratihabitionis
2405 345 2464 378 Reg-
2488 367 2491 371 .
2517 360 2521 364 -

1320 379 1591 418 Approbationis&
1607 378 1843 410 Confirmationis
1866 382 1897 410 in
1923 381 1998 412 bona
2020 380 2112 412 debita
2137 382 2170 413 &
2190 382 2270 422 legali
2294 383 2389 414 forma

1321 419 1431 449 daturas
1444 417 1477 448 &
1493 416 1674 450 exhibituras.

71 426 201 454 Biblon·
226 422 448 478 ELizabetha,
469 421 527 452 Dei
543 420 662 459 Gratia,
680 420 792 459 Angliae
807 422 931 451 Franaiae
950 420 989 457 ό»
1011 420 1150 451 Hiberniae
1170 422 1292 457 Regina,
1358 456 1372 486 I
1623 456 1628 461 .
1979 458 1982 462 .
2187 460 2191 465 .
2269 461 2275 466 .

1374 466 1392 486 n
1408 464 1532 493 quorum
1547 465 1683 486 omnium
1701 457 1734 487 &
1751 455 1931 492 singulorum
1952 455 2055 487 Fidem
2069 458 2329 490 &Testimonium
2338 460 2387 490 has

72 473 124 490 ron.
140 469 205 493 Nero
287 462 366 491 fidei
383 460 544 499 Defensor,
559 462 621 491 &c.
642 462 781 491 omnibus
794 459 829 491 ad
844 470 916 498 quos
929 461 1076 499 praesentes
1098 458 1204 490 Literae
1230 467 1292 496 per-

72 505 104 529 Β.
123 511 151 537 5.
157 502 209 539 fol.
226 501 370 537 venerint,
386 499 522 530 Salutem.

75 549 121 567 20.

77 1661 93 1676 ·
109 1660 192 1688 xvi.

73 1700 139 1734 4⁶5·

236 570 238 573 ,
266 538 346 568 Cum
364 546 470 576 nuper,
490 539 561 568 inter
578 537 674 577 Regni
687 536 775 568 nostri
792 536 907 576 Angliae
919 537 1053 567 Subditos
1075 535 1146 574 (qui
1166 543 1199 564 ex
1216 533 1292 572 Juris

228 573 376 606 'Gentium
390 576 554 614 praeicripto
570 577 617 607 usu
633 579 706 607 inter
723 575 870 613 Principes
884 575 1111 606 Confoederatos
1126 581 1292 610 recepto‚ac

228 615 355 650 priorum
373 613 530 645 Foederum
545 614 638 645 Paetis
654 614 825 652 Conventis,
842 613 945 652 Regna
962 613 1102 642 Dominia
1116 611 1209 641 Maria
1218 609 1292 641 Por-

224 660 270 683 tus
288 653 321 684 &
337 651 448 683 Littora
465 651 631 684 Chariffimi
654 653 756 684 Fratris
768 654 801 683 ὃς
828 651 1038 689 Consanguinei
1055 649 1142 681 nostri
1160 648 1224 679 Chri
1235 653 1284 693 'ia-

227 693 257 720 m'
274 691 404 731 Qarti,
421 694 523 721 Daniae
540 694 704 729 Norvcgiae,
721 693 798 727 Regii
813 713 822 728 ‚
847 691 888 720 ob
909 697 1045 720 mutuum
1069 687 1293 718 Commercrum

227 727 440 768 Piscationem,
457 730 501 760 vel
514 730 576 760 alias
593 730 696 761 Causas
706 729 792 767 justas
806 731 838 759 ὅ(
854 729 1024 765 legittimas,
1047 727 1225 770 frequentare
1247 726 1291 756 so-

229 767 306 801 lent)
327 777 410 806 atque
432 768 605 799 Publicanos
629 767 839 799 Theolonarios
863 766 1037 803 caeterosque
1058 764 1242 802 officiarios,
1259 774 1294 795 ac

229 805 658 884 Sffisfflssesffiffi
673 846 705 876 ἃ
718 804 1295 874 esraefrses0ss20³rnzx32⁶azzzz
1457 812 1485 840 ²*
1513 817 1628 863 Regina
1645 815 1690 850 ad
1706 819 1826 851 Ducem
1841 816 2011 862 Brunswic·
2035 820 2072 857 <e
2097 815 2271 864 Lumburg·

230 881 1296 968 {sarciat}arrianam,sseziaeSirenses&
1496 900 1670 942 veseeffime
1685 905 1811 942 mee
1835 902 2036 942 ‹esegem
2050 903 2213 943 eeffime

227 957 826 1038 esraaesigzrfuraassraarzss
839 958 1215 1028 gissffl2rfflm⁰¹⁰1²¹¹0<³⁰e
1238 968 1293 989 ”ff
1323 977 1479 1031 <meere
1494 977 1619 1018 Leeetee
1634 979 1667 1010 ee
1682 979 2045 1011 commessaeeeeem
2067 980 2125 1012 hee
2147 989 2279 1020 emeeeoe
2299 981 2389 1013 mee-

266 1036 402 1076 Cumque
419 1047 477 1069 tam
493 1038 561 1068 Nos
575 1038 661 1075 quarn
675 1036 768 1066 dietus
780 1039 881 1065 Frater
895 1035 980 1075 noster
995 1035 1105 1067 easdem
1130 1035 1294 1068 Discordias

226 1083 309 1115 atque
325 1076 536 1107 Controversias
553 1074 767 1113 quamprimum
784 1083 962 1114 componere
978 1084 1011 1105 ac
1035 1075 1114 1105 finire
1129 1074 1289 1114 summope-

228 1116 261 1145 re
280 1116 441 1153 cupiamus,
461 1116 498 1145 ne
513 1115 605 1151 forte,
624 1113 758 1152 neglectis
773 1112 938 1144 earumdem
954 1113 1062 1152 Initiis,
1087 1114 1287 1145 Amicitiarum

227 1163 317 1184 nexus
335 1155 422 1191 (quos
438 1155 569 1191 utrinque
586 1153 718 1182 volumus
733 1151 830 1182 firmos
852 1153 886 1182 ὃ(
912 1152 1079 1190 perpetuos)
1108 1152 1221 1183 diffolvi
1240 1161 1286 1184 aut

227 1191 387 1222 labefactari
403 1190 525 1229 possint,
544 1193 576 1222 δε
592 1200 651 1230 quo
665 1191 754 1228 magis
773 1190 904 1228 expedite
927 1190 1102 1222 Remedium
1127 1200 1291 1229 congruum

230 1231 265 1262 &
279 1240 454 1269 oportunum
469 1230 566 1260 iisdem
583 1230 765 1266 adhibeatur,
785 1239 833 1266 per
849 1237 958 1259 mutuas
984 1230 1056 1261 inter
1077 1229 1145 1260 Nos
1166 1230 1291 1269 Literas,

230 1269 285 1301 ‘am
302 1269 487 1300 constitutum
502 1268 534 1299 fit
544 1268 672 1307 delegare
688 1266 772 1298 Viros
789 1267 925 1305 idoneos,
943 1267 1024 1298 Pacis
1038 1277 1184 1306 amantes,
1200 1268 1290 1308 plenis

271 1306 374 1338 andatis
391 1308 516 1338 munitos
527 1329 537 1344 ,
548 1308 598 1347 qui
615 1309 645 1338 in
659 1309 785 1336 civitate
799 1306 936 1347 Bremmfi
943 1330 952 1344 ,
976 1307 1047 1337 infra
1070 1306 1289 1347 Archiepifiopa—

228 1352 287 1375 tum
302 1345 548 1385 Bremensemfita,
567 1346 775 1383 convenirent,
798 1355 831 1375 ac
855 1345 893 1375 de
911 1344 1120 1376 Controversiis
1143 1346 1175 1377 δε
1202 1345 1291 1377 Diffi—

227 1384 380 1414 cultatibus
397 1384 553 1423 praediffls,
570 1384 681 1423 aliisque
693 1384 918 1423 quibuscumque
935 1384 1048 1421 penitus
1070 1385 1234 1413 amovendis
1254 1385 1288 1415 δε

228 1422 339 1462 prorsus
354 1423 504 1462 tollendis,
522 1424 615 1454 amice
632 1423 798 1460 tra&arent,
816 1431 848 1451 ac
863 1432 893 1452 ea
909 1431 973 1459 quae
989 1424 1006 1452 ὲ
1021 1421 1104 1452 Bono
1118 1423 1151 1452 &
1174 1421 1291 1452 Utilita-

229 1469 260 1491 te
273 1461 462 1493 Subdirorum
478 1462 662 1501 nostrorum,
676 1461 710 1493 ὃ(
723 1461 741 1492 ὲ
756 1460 804 1492 Re
816 1461 848 1493 &
865 1459 1013 1501 Dignitate
1029 1458 1123 1491 nostra
1136 1468 1235 1492 mutua
1252 1461 1291 1492 es-

227 1498 303 1538 sent,
322 1502 546 1540 concluderent;

266 1538 348 1570 Hinc
363 1540 404 1570 est
417 1541 497 1580 quod
516 1541 603 1580 Nos,

264 1576 405 1610 Volentes
422 1589 476 1618 pro
489 1588 565 1619 parte
581 1579 677 1611 nostra
689 1578 816 1617 praestare
830 1579 863 1610 ὃς
878 1578 1028 1617 adimplere
1043 1578 1121 1617 quod
1137 1580 1208 1610 inter
1222 1578 1292 1611 Nos

227 1624 310 1648 antea
325 1617 517 1649 Conventum
533 1620 624 1649 extitit
641 1619 675 1648 ad
691 1618 858 1649 Trachtum
871 1620 900 1648 in
917 1617 994 1648 dieta
1007 1616 1135 1648 Civitate
1149 1618 1291 1659 Bremenfi

228 1656 415 1694 habendum,
431 1668 466 1688 ac
484 1657 522 1688 de
541 1656 559 1676 ³*
581 1656 726 1687 Fidelitate
746 1656 880 1686 industria
902 1658 935 1688 &
958 1655 1112 1687 Prudentia
1126 1679 1136 1695 ‚
1154 1657 1288 1688 Diledito-

230 1704 294 1724 rum
310 1697 342 1727 ὃς
358 1696 498 1726 Fidelium
515 1695 695 1733 nostrorum,
713 1694 850 1733 Radulphi
863 1697 938 1725 Eure
954 1694 1057 1726 Militis
1080 1698 1192 1725 Domini
1213 1697 1288 1726 Eure

230 1733 345 1764 Baronis
357 1735 392 1764 de
408 1733 549 1772 Stokcssey
564 1734 686 1764 Witton
703 1732 822 1763 Malton
839 1734 872 1764 &
898 1735 993 1773 Ayton
1007 1757 1017 1771 ,
1039 1743 1073 1763 ac
1102 1733 1138 1764 de
1158 1733 1289 1765 Consilio

229 1771 329 1803 nostro
346 1773 375 1803 in
391 1770 517 1803 Partibus
533 1772 710 1808 Borealibus,
728 1771 870 1810 Johannis
887 1772 1008 1802 Herbert
1020 1771 1132 1809 Equitis
1147 1774 1232 1804 aurati
1253 1773 1293 1804 al-

229 1812 314 1841 terius
332 1821 367 1842 ex
379 1811 539 1842 Secretariis
553 1810 671 1848 nostris,
688 1809 841 1849 Nobisque
858 1812 874 1841 a
891 1810 1076 1841 saneiioribus
1094 1810 1239 1850 Consiliis,
1253 1812 1288 1843 &

229 1849 355 1879 Danielis
368 1852 436 1879 Dan
452 1848 569 1887 Legum
587 1849 726 1879 Doetoris
740 1849 921 1880 Libellorum
944 1848 1107 1880 nostrorum
1131 1848 1289 1888 supplicum

229 1887 376 1927 Magistri,
394 1898 427 1918 ac
441 1889 526 1919 etiam
541 1889 622 1918 unius
637 1889 654 1918 e
666 1886 812 1926 Magistris
829 1888 965 1927 supremae
973 1887 1157 1919 Cancellariae
1171 1887 1288 1927 nostrae,

227 1925 384 1964 plurimum
395 1926 510 1957 confifie
520 1948 529 1965 ,
757 1942 763 1945 ·
1097 1939 1103 1942 ·

266 1964 345 2002 ipsos
358 1965 468 1995 nostros
480 1975 562 1996 veros
576 1965 720 2004 legitimos
734 1965 768 1996 δε
790 1965 965 1997 indubitatos
986 1965 1209 1998 Ambaffiatores
1234 1966 1292 1997 Le-

227 2012 307 2042 gatos
321 2005 354 2035 &
370 2003 589 2034 Commiffarios
603 2005 721 2035 fecimus
736 2006 894 2035 creavimus
914 2006 948 2036 δε
969 2004 1186 2044 constituimus,
1200 2015 1235 2036 ac
1255 2016 1290 2036 ex

227 2051 302 2072 certa
317 2043 440 2074 Scientia
454 2042 550 2074 nostra
563 2052 612 2082 per
626 2042 778 2075 Praesentes
792 2043 910 2074 facimus
933 2053 1064 2075 creamus
1084 2044 1118 2076 &
1140 2044 1292 2075 constitui-

228 2091 309 2111 mus:

267 2119 376 2151 Dantes
389 2121 423 2152 δε
436 2120 627 2151 concedentes
641 2120 740 2152 eisdem
757 2121 869 2159 plenam
887 2121 1005 2152 liberam
1028 2122 1061 2153 &
1081 2122 1287 2154 omnimodam

227 2156 403 2189 Potestatem
418 2160 652 2190 Aufflioritatem
667 2161 700 2190 ὃς
716 2159 888 2191 Mandatum
905 2160 1030 2198 generale
1044 2161 1078 2191 ὅτ.
1092 2161 1208 2198 speciale
1233 2171 1288 2200 pro

228 2196 330 2226 Nobis
344 2199 377 2228 δε
394 2197 529 2229 Nomine
542 2198 657 2236 nostro,
675 2208 743 2228 curn
761 2198 1012 2229 Ambaffiatoribus
1022 2198 1133 2237 Legatis
1148 2202 1181 2232 &
1246 2210 1290 2230 rn-

230 2235 357 2265 miffariis
382 2236 555 2267 Sereniffimi
576 2236 716 2275 Principis
738 2236 884 2276 Christiani
906 2239 1006 2267 Daniae
1036 2239 1202 2277 Norvegiae,
1227 2238 1289 2274 &c.

228 2276 306 2310 Regis
321 2274 462 2307 Fratris&
477 2275 687 2314 Consanguiner
703 2275 790 2305 nostri
806 2275 954 2306 charissimi
970 2276 1084 2313 plenum
1100 2277 1134 2306 ὃς
1147 2277 1289 2307 sufficiens

1319 493 1430 525 nostras
1444 492 1574 524 Parentes
1589 494 1698 525 Literas
1711 494 1820 525 Manfis
1841 493 1947 524 nostrae
1969 494 2172 535 subscriptione
2193 497 2385 537 signavimus,

1321 534 1355 564 &
1373 531 1494 570 Magno:
1502 532 1603 572 sigillo
1619 533 1708 564 nostri
1722 533 1892 573 appensione
1904 531 2025 564 fecimus
2041 535 2155 564 muniri.

1357 610 1471 643 Datum
1484 613 1502 644 ὲ
1514 616 1598 651 Regia
1610 613 1702 653 nostra
1715 614 1790 652 apud
1802 613 1967 652 ote-landes,
1987 613 2125 644 vicefimo
2138 623 2219 647 nono
2242 615 2300 647 Die
2322 617 2385 649 Au*

1321 650 1660 723 ξὲιίξίὀῆῇῃὲῧνῠοωίηὶ
1674 653 1825 684 millefimo
1839 652 2044 684 sexcentesimo
2056 651 2197 692 secundo,
2213 653 2325 694 Regno
2336 665 2387 688 ve-

1324 1020 1348 1035 *-
1380 1026 1456 1055 mus,
1474 1027 1546 1047 cum
1559 1018 1723 1055 deputandis
1736 1020 1752 1048 ‘a
1767 1018 2058 1050 SereniffimoDaniae
2071 1022 2141 1058 Rege
2151 1019 2248 1051 Fratre
2260 1021 2293 1051 &
2302 1019 2388 1051 Con-

2404 1024 2456 1046 ton.
2473 1024 2536 1049 Nero

1323 1053 1475 1094 sanguineo
1492 1054 1594 1085 nostro
1606 1055 1769 1087 chariffimo
1787 1065 1996 1095 conventuros3
2016 1068 2075 1096 quo
2090 1059 2118 1088 in
2133 1056 2235 1089 Itinere
2255 1060 2386 1098 Stadam,
2405 1059 2436 1084 Β·
2455 1065 2484 1091 5·

1323 1094 1393 1125 Arci
1409 1094 1510 1125 vestrae
1530 1093 1719 1135 Harburgenfi
1735 1095 1871 1126 Vicinam
1885 1118 1894 1134 ‚
1920 1096 2082 1127 transituros
2104 1095 2166 1126 illos
2188 1097 2382 1142 intelligimus:
2402 1093 2509 1132 ἰοὶ-40-

1322 1131 1389 1163 Hac
1404 1134 1487 1171 igitur
1511 1132 1661 1164 occafione
1682 1134 1826 1165 incidente
1844 1137 2023 1164 Serenitatem
2045 1134 2165 1174 vestram
2186 1135 2287 1167 Literrs
2309 1135 2387 1169 hisce

1324 1171 1426 1202 nostris
1438 1172 1532 1202 amice
1546 1169 1686 1202 sslutatam
1702 1173 1866 1211 voluimus,
1884 1173 1939 1210 ejus
1964 1175 2036 1204 vero
2059 1182 2202 1204 memores
2214 1197 2224 1211 ,
2251 1176 2328 1212 quod
2349 1175 2387 1207 de

1326 1210 1500 1241 instituendo
1522 1207 1698 1249 Conventu,
1724 1211 1758 1241 ad
1777 1210 1969 1242 Subditorurn
1986 1211 2152 1242 nostrorum
2175 1211 2389 1245 Controverfias

1324 1249 1354 1278 in
1374 1248 1502 1286 Imperio
1521 1247 1709 1287 dirimendas,
1731 1248 1863 1287 superiori
1887 1250 2041 1280 Februario
2063 1249 2097 1280 ad
2121 1248 2191 1281 Nos
2213 1251 2336 1291 scripsit,
2354 1263 2389 1284 ac

1326 1288 1459 1318 certiores
1471 1286 1555 1318 fastae
1572 1285 1703 1326 Caefhreae
1714 1287 1872 1356 Majgstatis
1885 1287 1912 1318 A
1934 1289 2181 1326 probationem12b
2194 1289 2277 1325 ipsius
2296 1290 2391 1328 Lega-

1325 1334 1358 1356 to
1372 1335 1434 1357 tum
1453 1333 1731 1364 commemoratam,
1749 1327 1779 1356 in
1800 1328 1838 1357 ies
1852 1335 1906 1365 apu
1942 1336 1996 1357 vos
2010 1326 2252 1365 expessari3huic
2277 1338 2314 1366 qu
2357 1340 2392 1361 ue

1326 1365 1478 1402 Negotio,
1496 1365 1539 1395 uti
1553 1365 1692 1404 temporis
1708 1365 1778 1396 ratio
1792 1364 1930 1404 postulat,
1948 1366 2032 1396 omni
2051 1365 2161 1395 meliori
2177 1366 2267 1396 modo
2282 1376 2335 1405 pro
2347 1370 2392 1406 pi-

1323 1402 1465 1434 ciendum
1479 1401 1560 1433 fimul
1573 1403 1723 1441 duximus,
1747 1412 1805 1442 ne,
1829 1403 1948 1434 instante
1967 1404 2028 1441 jam
2048 1403 2172 1442 Hieme,
2198 1413 2231 1435 ex
2253 1403 2392 1437 itinerum

1326 1440 1495 1472 difficultate
1509 1441 1699 1473 Nunciorum
1713 1441 1763 1473 usu
1784 1442 1907 1480 alioquin
1929 1441 2042 1473 excluso
2064 1452 2157 1473 rerum
2180 1442 2390 1477 rra&andarum

1327 1481 1526 1520 opportunitas
1539 1480 1681 1518 elabatur;
1696 1480 1716 1512 si
1731 1480 1799 1520 quid
1820 1483 1904 1520 igitur
1925 1491 1958 1511 ea
1977 1481 2013 1511 de
2035 1490 2064 1512 re
2084 1483 2218 1511 serenitas
2241 1482 2351 1522 vestra,
2374 1485 2391 1515 ὲ

1328 1518 1521 1550 strenuissimo
1533 1522 1700 1557 Imperatore
1715 1519 1851 1552 Fratre&
1861 1518 2084 1555 Consanguineo
2095 1519 2196 1550 nostro
2205 1516 2392 1561 Chariiiimo‚

1325 1558 1430 1589 interm
1441 1558 1600 1596 acceperit,
1615 1557 1695 1596 quod
1709 1559 1796 1588 nobis
1813 1559 2066 1589 communicatum
2082 1558 2164 1589 vellet
2180 1568 2248 1589 cum
2276 1558 2391 1599 Legatis

1324 1597 1359 1628 δε
1374 1596 1582 1627 Commiffariis
1595 1596 1698 1627 nostris
1712 1597 1761 1634 qui
1777 1606 1854 1627 nunc
1875 1599 1982 1626 Bremae
2002 1597 2162 1635 aliquandiu
2184 1598 2390 1637 morabuntur,

1325 1635 1362 1666 de
1375 1635 1479 1667 eodem
1491 1634 1651 1666 commode
1664 1635 1706 1674 agi
1723 1635 1804 1672 posse
1817 1634 2027 1674 existimamus,
2054 1636 2156 1672 quibus
2175 1636 2340 1675 singular-em
2356 1647 2387 1668 e-

1320 1675 1366 1712 jus
1379 1674 1417 1704 rei
1433 1682 1531 1704 curam
1547 1672 1746 1712 imposuimus,
1766 1673 1905 1713 vobisque
1918 1674 2030 1706 interim
2050 1674 2170 1706 Foelicia
2183 1676 2280 1706 omnia
2296 1676 2311 1706 a
2325 1679 2386 1707 Deo

1324 1715 1433 1751 Optimo
1449 1715 1579 1742 Maximo
1592 1721 1752 1751 precamur.

1360 1789 1430 1821 Dat.
1445 1790 1463 1821 e
1480 1792 1564 1829 Regia
1580 1788 1669 1830 nostra
1684 1788 1858 1820 otlandiana
1871 1812 1882 1829 ,
1908 1799 1972 1821 xxx.
2002 1789 2126 1830 Augusti
2149 1790 2238 1822 Anno
2257 1790 2386 1823 Domini

1328 1829 1421 1869 1602,
1436 1828 1536 1868 Regni
1549 1831 1620 1861 vere
1634 1827 1723 1860 nostri
1736 1827 1949 1868 quadragesimo
1962 1838 2070 1868 quarto.

1362 1906 1553 1986 Plffiffilriffimo
1568 1946 1685 1985 Principi
1698 1957 1729 1976 ac
1743 1948 1877 1984 Domino,
1894 1948 2016 1977 Domino
2030 1941 2137 1977 Ottoni
2150 1946 2232 1978 Duci
2245 1944 2389 1979 Brunswre-

1326 1985 1455 2016 censium
1472 1987 1505 2017 ὅ(
1521 1985 1810 2024 Luneburgensium,
1828 1984 2028 2024 Consanguineo
2045 1984 2132 2024 nostro
2152 1984 2308 2024 charissimo.

1518 2117 1586 2151 Rex
1604 2119 1707 2151 Daniae
1721 2115 1767 2148 ad
1783 2118 1911 2163 Legatos
1934 2118 2049 2163 Reginae
2068 2118 2196 2164 Angliae.

1326 2203 1663 2262 CHRIsTIANtrs
1683 2207 1906 2241 QuAR’rvs,
1926 2199 1984 2232 Dei
1996 2200 2112 2239 Gratia,
2126 2205 2228 2232 Daniae
2241 2204 2388 2242 Nor-vegiae

2439 2207 2505 2240 ibic

1392 2241 1573 2272 Vandalorum
1587 2245 1783 2280 Gottorumque
1799 2240 1887 2277 REX,
1909 2238 1983 2270 Dux
1992 2239 2102 2278 Slesvice'
2116 2240 2253 2280 Holfiitiae
2268 2245 2391 2272 Storma-
2400 2243 2450 2285 fol.
2471 2248 2532 2276 16⁰:

1324 2283 1373 2309 riae
1387 2293 1418 2311 ac
1433 2281 1613 2320 Dithmarfiae
1621 2303 1631 2318 ,
1646 2279 1703 2310 Co
1712 2287 1739 2309 M
1748 2289 1767 2310 Ε
1777 2288 1789 2309 s
1808 2282 1839 2308 in
1848 2278 2006 2315 oldenburg
2019 2277 2057 2312 ζον
2072 2278 2276 2319 Delmenhorst,
2295 2281 2392 2318 singu-

229 2311 403 2355 Mandatum
416 2314 600 2358 habentibus,
619 2315 648 2343 in
674 2314 749 2344 dieta
771 2318 897 2343 Civitate
920 2313 1059 2358 Bremqnfi
1078 2316 1291 2354 conveniendi,
1324 2319 1373 2349 lari
1387 2320 1474 2358 gratia
1488 2321 1522 2351 ὅ(
1537 2320 1635 2350 favore
1651 2319 1750 2348 nostro
1767 2317 1867 2355 Regio
1895 2317 2056 2356 praernisio,
2080 2317 2192 2347 Nobiles
2210 2329 2242 2348 ac
2267 2320 2395 2360 Generosi

229 2357 261 2380 ae
279 2355 298 2380 il
313 2362 385 2390 opus
400 2351 483 2382 fuerit
499 2353 608 2383 orfitum
625 2352 813 2383 Concentum
830 2355 861 2385 &
877 2352 1065 2390 Colloquium
1087 2355 1118 2383 in
1139 2356 1224 2389 aliurn
1246 2355 1289 2385 lo·
1316 2358 1423 2398 fincere*
1437 2368 1470 2402 ac
1485 2359 1564 2396 grate
1580 2357 1664 2387 nobis
1677 2356 1796 2393 dilecti,

229 2399 298 2420 cum
315 2400 478 2428 congruum
492 2392 524 2421 ὃ(
538 2399 714 2426 oportunum
725 2414 734 2428 ‚
751 2389 786 2422 de
811 2393 844 2423 &
869 2402 939 2422 cum
968 2391 1076 2422 assensu
1099 2392 1290 2423 Ambaffiato·

229 2438 293 2458 rum
311 2429 483 2467 Legatorum
501 2430 534 2460 &
550 2427 821 2459 Commiffiniorum
840 2430 936 2460 Fratris
959 2430 1046 2459 nostri
1071 2432 1148 2468 Regis
1172 2435 1273 2461 Daniae
1287 2456 1297 2471 ,

229 2468 449 2505 prorogandi&
465 2468 667 2505 continuandi,
692 2476 813 2504 eumque
837 2468 907 2497 insta
930 2467 1195 2535 Archieoiscopatum
1220 2473 1290 2499 Bre-

231 2503 364 2572 meffm,
382 2506 426 2535 vel
445 2506 639 2535 Territorium
660 2506 853 2543 cujuscunque
871 2505 1012 2543 Principis
1060 2507 1127 2536 icini
1150 2509 1182 2538 ὅτ.
1206 2507 1290 2537 Con-

231 2543 275 2573 foe
297 2545 364 2573 erati
379 2542 556 2582 designandi,
573 2553 605 2573 ac
618 2552 689 2573 cum
703 2544 751 2580 eis,
767 2551 826 2573 tam
839 2542 875 2572 de
889 2544 921 2573 &
939 2543 1019 2579 super
1033 2542 1182 2573 Solutione
1190 2544 1293 2574 Theo-

230 2582 377 2612 loniorurn
392 2583 424 2613 ὃς
442 2581 641 2618 vestigalium,
649 2590 805 2618 eorumque
821 2580 910 2610 modo
924 2581 957 2611 ὃ(
973 2580 1103 2617 qualitate
1118 2582 1204 2618 quaea
1217 2582 1293 2613 Sub-

233 2620 297 2650 ditis
312 2619 427 2658 nostris,
444 2630 491 2658 per
509 2619 601 2650 Maria
615 2619 720 2656 Regna
733 2619 837 2649 Patrias
851 2619 884 2649 δε
902 2618 1039 2649 Dominia
1060 2620 1190 2657 praedirfi‘ci
1214 2622 1292 2658 Regis

234 2657 337 2689 Daniae
352 2659 571 2694 tranieuntibus,
589 2659 660 2696 exigi
675 2659 708 2688 &
730 2657 802 2689 solvi
822 2657 965 2695 debeant,
990 2658 1081 2695 quarn
1100 2657 1134 2688 de
1158 2660 1191 2689 ὃς
1214 2658 1294 2698 super

234 2696 431 2735 Navigatione
447 2697 603 2727 piscatione
625 2698 658 2728 &
678 2696 772 2726 secura
793 2695 927 2726 Navium
950 2696 1078 2726 Statione
1105 2696 1293 2728 Subditorum

233 2734 398 2767 nostrorum
414 2738 442 2766 in
461 2735 599 2766 Portubus
611 2745 644 2766 ac
660 2744 707 2770 per
730 2733 823 2765 Maria
845 2736 879 2766 &
900 2735 975 2765 circa
1000 2734 1102 2765 Insulas
1125 2736 1158 2767 δι
1183 2735 1292 2767 Littera

233 2773 406 2813 Regnorum
420 2774 574 2804 Terrarum
592 2775 625 2805 &
643 2772 854 2804 Dominiorum
871 2773 997 2810 praediffl
1010 2776 1106 2811 Regii-3
1132 2775 1165 2805 δε
1187 2774 1295 2813 insuper

234 2812 271 2843 de
285 2815 420 2844 omnibus
432 2814 464 2844 &
480 2813 589 2850 singulis
604 2812 826 2843 Gravaminibus
839 2821 903 2849 quae
920 2811 1095 2842 Mercatores
1110 2813 1154 2842 vel
1179 2812 1294 2845 Subditi

232 2851 315 2881 unius
330 2852 373 2881 vel
389 2852 498 2882 alterius
513 2851 653 2888 Principis
668 2851 735 2888 fibi,
754 2850 882 2881 adversus
892 2849 1042 2880 Tenorem
1057 2851 1089 2880 ὅτ.
1114 2850 1291 2883 Sententiam

233 2890 421 2928 Traeiatuum
445 2890 702 2921 commerciorum
724 2888 932 2920 Intercursuum
955 2889 1001 2919 vel
1029 2890 1114 2919 etiam
1138 2888 1294 2921 Foederum

234 2927 377 2959 strietioris
392 2929 536 2960 Amicitiae
547 2952 557 2967 ,
575 2937 622 2959 aut
637 2929 693 2959 ario
732 2937 898 2966 uocumque
911 2927 1002 2958 modo
1015 2927 1088 2958 faeta
1104 2927 1212 2959 illatave
1236 2930 1293 2960 esse

234 2967 434 3005 proposuerint
449 2968 493 2998 vel
509 2976 690 3006 proponent,
738 2975 749 2998 t
765 2968 924 3006 generaliter
940 2967 975 2997 de
992 2966 1026 2997 &
1041 2965 1119 3005 super
1131 2966 1295 2999 Confirma-

237 3005 320 3036 tione
337 3005 553 3036 Reformatione
568 3006 760 3036 Correc‘tione
776 3029 786 3044 ,
809 3005 973 3036 Mutatione
998 3005 1232 3046 interpretatione
1255 3015 1297 3037 at-

238 3053 296 3081 que
315 3043 544 3081 Amplificatione
565 3054 818 3082 quorumcumque
840 3045 1024 3074 Traetatuum
1038 3067 1048 3080 ,
1075 3053 1133 3074 tam
1156 3044 1237 3076 Pacis
1263 3045 1296 3076 &

237 3083 385 3112 Amicitia:
397 3084 484 3120 quiam
501 3082 676 3113 Intercursus
694 3085 726 3113 ὃς
740 3083 925 3114 Commercii
941 3083 1060 3113 antehac
1073 3083 1144 3112 inter
1156 3082 1225 3113 Nos
1235 3083 1297 3114 An-

235 3120 438 3158 tecessoresque
455 3121 582 3159 nostros,
601 3121 633 3152 &
647 3121 761 3152 dffltum
781 3120 995 3151 Sereniffimum
1020 3120 1146 3151 Fratrem
1166 3121 1295 3153 nostrum

235 3160 271 3189 δε
284 3158 479 3190 Anteceffores
493 3159 566 3197 suos,
582 3159 685 3195 Regna
700 3160 733 3190 ὃ(
748 3159 888 3190 Dominia
902 3159 999 3189 nostra
1014 3160 1144 3198 utrinque
1157 3160 1294 3191 initorum

236 3199 272 3228 δε
285 3197 485 3228 conclusorum
495 3222 504 3235 ,
520 3199 613 3228 amice
631 3198 748 3237 syncere
761 3199 795 3230 &
811 3192 888 3228 boni
903 3197 958 3227 fide
970 3198 1104 3228 traaestandi
1127 3199 1294 3228 communi—

238 3236 325 3266 candi
339 3236 532 3267 concordandi
549 3238 581 3268 &
594 3236 802 3273 concludendi,
816 3236 866 3267 sub
880 3236 930 3265 illis
944 3236 1038 3267 Pastis
1053 3236 1156 3266 Modis
1170 3235 1296 3268 &Con-

240 3274 397 3306 ditionibus
410 3284 475 3314 qua:
487 3275 521 3305 ad
542 3275 707 3305 firmandam
729 3276 763 3306 &
787 3274 979 3305 roborandam
1002 3274 1188 3312 Amicitiam,
1211 3285 1297 3313 quam

242 3314 315 3343 inter
330 3313 399 3344 Nos
414 3323 463 3351 per
484 3323 578 3344 etuam
588 3314 645 3344 effe
659 3313 810 3352 vellemus,
827 3315 860 3345 &
872 3313 905 3342 ad
929 3313 1111 3350 Reipublicae
1133 3313 1247 3343 salutern
1263 3314 1297 3344 ὅ(

244 3353 369 3388 quietem
383 3375 392 3389 ,
409 3362 442 3382 ac
459 3353 648 3383 Subditorum
665 3351 827 3382 nostrorum
843 3351 1009 3388 utilitatem,
1027 3351 1090 3388 ipsis
1106 3351 1217 3389 Legatis
1225 3352 1298 3382 Am-

247 3389 442 3421 bassiatoribus
457 3393 490 3424 &
504 3390 714 3421 Commissariis
727 3390 826 3420 nostris
840 3399 873 3420 ex
895 3390 1086 3427 edire,·atque
1108 3399 1141 3418 ex
1164 3389 1211 3419 Re
1235 3390 1301 3421 Usu

249 3429 284 3469 ξε
302 3428 446 3466 Dignitate
459 3429 552 3460 nostra
565 3429 622 3458 esse
638 3428 823 3459 videbuntur:
883 3427 967 3466 osque
981 3427 1118 3458 Haeredes
1132 3428 1165 3458 &
1181 3428 1298 3459 Succes-

251 3467 326 3495 iores
338 3467 462 3506 nostros,
481 3469 515 3498 ad
528 3467 758 3498 observationem
773 3474 879 3500 certam
895 3468 927 3498 &
943 3466 1135 3496 inviolabilem
1145 3465 1300 3497 Paetorum

249 3502 472 3537 Conventorum
487 3508 519 3538 &
536 3506 768 3542 Conclusorum,
793 3506 844 3536 sub
865 3506 966 3536 debitis
986 3506 1019 3535 &
1039 3505 1138 3535 usitatis
1158 3505 1251 3534 modis
1269 3507 1302 3537 &

253 3541 352 3571 formis
364 3544 524 3583 obligandi,
543 3545 648 3576 Literas
666 3554 781 3582 quoque
803 3543 965 3581 hujusmodi
981 3543 1136 3573 Paetorum
1155 3544 1188 3574 &
1218 3543 1301 3573 Con-

253 3581 423 3610 ventionum
437 3593 487 3619 pro
504 3584 586 3614 Parte
600 3582 695 3613 nostra
710 3583 811 3620 dandi,
828 3584 860 3613 δε
874 3592 908 3612 ex
923 3583 1005 3612 altera
1019 3590 1094 3619 parte
1114 3580 1229 3620 petendi
1244 3583 1302 3612 exi-

254 3617 339 3656 gendi
355 3620 388 3649 ὃς
401 3622 567 3657 recipiendi:
584 3631 744 3659 caeteraque
754 3622 853 3652 omnia
866 3623 899 3653 ὅ(
916 3620 1019 3659 singula
1034 3619 1156 3650 faciendi
1173 3620 1206 3650 &
1220 3629 1303 3658 expe-

253 3657 349 3687 diendi
362 3666 425 3696 quae
438 3660 512 3690 circa
528 3660 671 3691 Praemissa
685 3659 834 3691 necessaria
849 3659 953 3690 fuerint
969 3658 1014 3690 seu
1031 3658 1251 3696 quomodolibet
1269 3670 1303 3690 o-

252 3703 391 3733 portuna,
407 3697 508 3727 etiamsi
526 3699 629 3736 majora
643 3699 697 3729 fint
710 3700 743 3730 ὅτ.
754 3698 925 3729 Mandatum
938 3697 974 3733 de
985 3697 1024 3728 sui
1039 3705 1132 3727 natura
1145 3699 1233 3734 magis
1247 3698 1307 3727 exi-

254 3741 320 3769 gant
334 3734 465 3772 speciale,
482 3738 510 3765 in
524 3745 580 3766 tarn
595 3738 693 3774 amplis
708 3736 797 3767 modo
814 3746 847 3767 ac
864 3736 957 3766 forma
969 3736 1070 3773 quibus
1087 3735 1170 3771 Nos,
1188 3735 1206 3765 fi
1231 3745 1305 3773 prae-

256 3772 345 3815 sentes
363 3772 481 3803 effemus
514 3775 611 3805 eadem
625 3775 717 3805 facere
727 3776 760 3806 ὃ(
773 3776 873 3813 exequi
886 3774 1039 3814 poffemus.

294 3808 334 3842 ht
348 3812 412 3847 quia
424 3811 454 3841 in
477 3796 571 3842 &aufis
591 3813 752 3850 supradietis
773 3813 956 3852 Quaestiones
975 3811 1099 3843 incidere
1120 3813 1260 3849 poterint,
1277 3813 1307 3842 in

1362 2396 1442 2427 Cum
1457 2406 1529 2427 inter
1542 2394 1610 2427 Nos
1623 2404 1657 2425 ac
1672 2394 1885 2426 Sereniffimam
1911 2392 2078 2432 Principem
2104 2391 2268 2427 Dominam
2291 2397 2393 2428 Eliza-

1326 2435 1436 2466 betham
1453 2433 1568 2473 Angliae
1583 2436 1708 2464 Franciae
1724 2440 1806 2474 atque
1822 2432 1963 2463 Hiberniae
1976 2435 2106 2470 Reginam
2121 2433 2201 2464 Fidei
2218 2434 2393 2467 Defensatri-

1324 2483 1391 2504 cern
1407 2473 1658 2511 Consanguineam
1671 2474 1704 2503 &
1719 2472 1855 2503 Sororem
1873 2470 2003 2502 nostram
2020 2471 2226 2511 chariffimam,
2246 2472 2394 2505 Commis-

1324 2513 1461 2541 sariorum
1478 2512 1610 2549 utrinque
1624 2510 1789 2540 nostrorum
1813 2508 1986 2540 Conventus
2005 2510 2040 2541 ad
2064 2509 2216 2541 instantem
2241 2513 2404 2553 vicqfimum,

1326 2552 1452 2589 quintum
1473 2548 1635 2586 Septembris
1659 2547 1750 2577 Diem
1770 2551 1876 2577 Bremae
1898 2547 2068 2579 constitutus
2090 2548 2134 2585 fit,
2165 2556 2250 2587 atque
2272 2550 2331 2587 jam
2357 2549 2394 2582 ad

1327 2587 1452 2617 eundern
1467 2586 1597 2617 Nobiles
1612 2585 1775 2616 Generosos
1790 2587 1823 2616 δε
1839 2584 2011 2624 Praeclaros,
2039 2586 2234 2625 Mandropium
2256 2588 2393 2619 Parsbur-

1323 2628 1398 2663 gium
1414 2627 1442 2655 in
1459 2623 1635 2663 Hagqlholm,
1652 2622 1810 2654 Arnoldum
1831 2622 2026 2663 Huntfeldium
2046 2625 2075 2653 in
2100 2623 2292 2665 Oldersberg‚
2319 2627 2392 2658 Hae-

1327 2663 1385 2693 red.
1407 2663 1506 2700 Regni
1526 2662 1614 2693 nostri
1630 2662 1795 2700 Senatores,
1810 2661 1918 2700 Jonam
1932 2661 2081 2702 charisium
2100 2661 2283 2702 Doetorem,
2302 2665 2391 2698 fince-

1328 2703 1358 2732 re
1375 2711 1408 2732 ac
1427 2701 1519 2732 fideles
1535 2702 1619 2732 nobis
1635 2701 1772 2738 dileetos,
1791 2700 2034 2737 ablegaverimus,
2053 2700 2133 2731 hasce
2148 2701 2182 2731 ad
2204 2701 2391 2735 Dominatio-

1324 2751 1372 2770 nes
1385 2739 1490 2770 vestras
1503 2739 1606 2770 dandas
1619 2739 1857 2775 existimavimus,
1875 2747 1910 2769 ex
1925 2739 2026 2777 quibus
2041 2748 2096 2776 pro
2108 2738 2320 2772 Commissariis
2335 2753 2387 2774 no-

1327 2778 1389 2809 stris
1402 2778 1438 2809 ad
1454 2779 1533 2809 hunc
1542 2777 1735 2808 Conventutn
1753 2777 1889 2814 deputatis
1903 2777 2136 2816 agnoscerentur5
2156 2779 2171 2808 a
2185 2779 2283 2811 vestris
2295 2782 2391 2819 itaque

1329 2817 1584 2848 Dominationibus
1595 2815 1751 2847 clementer
1766 2816 1888 2854 petimus
1903 2825 1936 2846 ac
1949 2816 2073 2854 benigne
2096 2818 2283 2857 requirimus,
2301 2828 2333 2851 ut
2346 2821 2391 2851 iis—

1329 2856 1397 2886 dem
1410 2865 1470 2886 non
1486 2854 1578 2886 solum
1596 2853 1696 2885 nostro
1710 2857 1831 2884 nominc
1843 2854 1956 2894 plenam
1973 2854 2058 2884 fidem
2072 2854 2231 2893 adhibeant,
2245 2857 2291 2888 sed
2305 2859 2392 2890 etiam

1329 2896 1358 2925 in
1373 2894 1510 2933 Negotiis
1527 2893 1599 2931 istis,
1618 2893 1654 2923 de
1672 2893 1774 2931 quibus
1799 2892 2008 2924 Sententiarum
2029 2895 2257 2926 communicatio
2278 2906 2311 2927 ac
2334 2906 2392 2928 tra-

1328 2933 1417 2964 &atio
1431 2931 1600 2963 instituenda
1615 2932 1668 2962 erit
1685 2955 1694 2970 ,
1720 2931 1925 2970 cognoscendis
1945 2938 2028 2970 atque
2048 2931 2168 2962 feliciter
2190 2935 2392 2975 terminandis,

1327 2981 1445 3010 operam
1461 2972 1494 3002 ὃ(
1513 2970 1602 3002 studia
1616 2969 1662 3000 sua
1674 2979 1743 3001 cum
1760 2969 1823 3007 ipfis
1848 2970 2040 3008 conjungant,
2068 2970 2162 3009 Qiod
2186 2973 2224 3001 uti
2246 2971 2392 3006 Domina-

1327 3011 1418 3041 tiones
1436 3009 1537 3041 vestras
1552 3008 1659 3039 sincere
1672 3008 1792 3039 faeturas
1807 3008 1889 3046 plane
1903 3007 2092 3046 confidimus,
2109 3011 2145 3039 ita
2161 3009 2257 3041 iisdem
2273 3014 2392 3050 gratiam

1327 3050 1360 3080 &
1375 3049 1503 3080 favorem
1515 3047 1648 3080 nostrum
1661 3046 1792 3086 Regium
1808 3045 1931 3078 viciffim
1953 3048 2043 3086 quam
2066 3048 2287 3081 clementissime
2311 3051 2393 3087 defen

1331 3097 1426 3120 rimus.

1365 3164 1451 3196 Datae
1468 3165 1484 3194 e
1500 3166 1583 3202 Regia
1597 3162 1689 3203 nostra
1704 3162 1826 3201 Haffiiia
1841 3161 1901 3193 Die
1921 3170 1967 3193 10.
1988 3162 2164 3201 Septembris
2176 3163 2265 3197 Anno
2287 3166 2375 3197 1602:

1918 3242 2234 3277 Cunna-mnus.

1366 3319 1504 3360 Generalis
1517 3323 1638 3350 Strenuis
1652 3319 1795 3350 Nobilibus
1811 3319 2019 3359 Praeclariffimis
2031 3324 2118 3360 viris,
2136 3324 2253 3353 Domino
2276 3321 2393 3354 Rudol-

1332 3360 1394 3397 pho
1407 3359 1508 3390 Baroni
1527 3359 1562 3389 de
1580 3358 1672 3397 Ivers,
1692 3358 1827 3389 Domino
1838 3358 1964 3397 Jcteannr
1979 3359 2126 3391 Herberto
2141 3363 2167 3390 Ε
2187 3364 2238 3390 uiti
2259 3365 2391 3400 Aurata,

1332 3398 1468 3429 Domino
1482 3397 1596 3427 Danieli
1611 3397 1723 3427 Dunne
1737 3399 1839 3435 Legum
1856 3399 1969 3427 Doc‘i'ori
1981 3421 1990 3435 ‚
2007 3398 2142 3429 Domino
2164 3400 2310 3438 Stephano
2333 3400 2392 3430 Le-

1334 3437 1422 3473 sieur,
1440 3434 1611 3473 Sereniffimae
1631 3446 1664 3464 ac
1686 3434 1876 3473 Potentiffimae
1900 3436 2013 3475 Angliae
2037 3437 2165 3467 Franciae
2191 3438 2223 3468 &
2244 3437 2393 3468 Hiberniae

1334 3475 1455 3513 Reginae
1469 3474 1545 3502 Fidei
1557 3471 1712 3513 Defrnsoris
1728 3476 1932 3513 Consiznguineae
1948 3474 1986 3510 ὠ·
1998 3479 2098 3505 Sororis
2112 3474 2208 3516 nqstrae
2223 3473 2394 3514 chariffimae,

1332 3513 1372 3544 ad
1385 3517 1555 3542 conventum
1570 3512 1680 3542 Bremae
1698 3514 1847 3551 Deputatis
1864 3516 1988 3550 Legatis.

1333 3637 1360 3663 ἢ*
1387 3639 1475 3684 Regis
1494 3637 1596 3669 Daniae
1626 3634 1781 3680 Potestates
1803 3636 1846 3669 ad
1875 3635 2070 3670 tractandum
2093 3647 2163 3668 cum
2186 3636 2398 3682 Commiffizriis

1733 3689 1847 3733 Reginae
1869 3686 1996 3732 Angliae.

1340 3770 1554 3830 CHR1s⁷r1
1565 3780 1670 3803 Anus
1689 3781 1742 3809 Qu
1753 3778 1913 3806 ARTUS,
1931 3768 1990 3799 Dei
2005 3768 2122 3808 Gratia,
2142 3772 2260 3810 Daniae,
2279 3773 2396 3804 Nerva-

1404 3813 1471 3847 giae,
1491 3810 1671 3840 Vandalorum
1685 3815 1878 3848 Gottorumque
1893 3807 1924 3838 R
1934 3817 1953 3838 Ε
1962 3817 1996 3843 x,
2016 3806 2047 3837 D
2059 3816 2081 3836 υ
2093 3816 2111 3837 x
2126 3807 2169 3837 Sle
2183 3813 2239 3838 vici
2260 3810 2397 3850 Holfatiae

2414 3656 2435 3677 ⁸
2461 3658 2541 3687 xv1.

2413 3697 2480 3733 467.

2416 3782 2478 3812 Bibl.
2486 3784 2547 3812 Cora·

2414 3828 2466 3850 ton.
2479 3825 2542 3849 Nero

256 3848 363 3891 quibus
373 3849 459 3891 opera
475 3851 506 3880 &
522 3850 655 3881 industria
669 3850 764 3881 dilecti
781 3852 814 3881 &
829 3850 914 3881 fidelis
929 3851 1016 3881 nostri
1031 3849 1159 3893 Stephani
1176 3849 1308 3891 Lefieurii
1339 3850 1495 3879 Stomariae
1510 3860 1541 3892 ag:
1558 3848 1745 3889 Dithmarsiae,
1763 3847 1819 3892 βο
1830 3854 1856 3876 M
1867 3855 1885 3875 Ε
1897 3856 1909 3877 s
1926 3849 1955 3875 in
1970 3844 2127 3883 oldenburg
2199 3847 2397 3890 Delmenhorst,
2415 3864 2444 3887 B.
2463 3868 2490 3895 5,

258 3888 274 3916 ᾖ
286 3886 435 3916 Cubiculis
450 3887 549 3918 nostris
560 3890 600 3919 uti
616 3900 637 3919 0
678 3891 778 3927 nebit,
796 3889 905 3920 idcirco
921 3891 959 3920 illi
983 3889 1163 3926 praecipimus
1180 3890 1213 3919 &
1230 3898 1310 3919 mane
1339 3895 1443 3918 notum
1460 3886 1700 3925 manifestumque
1714 3887 1833 3918 facimus
1848 3894 1896 3922 per
1912 3883 2075 3914 Praesentes.
2411 3897 2463 3936 fd·
2484 3906 2527 3923 2„

255 3925 370 3962 damus,
387 3935 419 3955 ut
433 3925 512 3955 dietis
527 3927 632 3958 Ambai
645 3928 781 3958 iatoribus
795 3927 906 3967 Legatis
919 3929 952 3960 &
973 3926 1179 3959 Commiffariis
1205 3927 1308 3958 nostris

259 3973 311 4001 pro
325 3963 504 4000 expeditione
519 3964 731 3996 Praemissornm
744 3965 860 3996 affistat:

296 4002 514 4038 Promittentes,
532 4002 607 4033 buna
623 4004 646 4033 F
648 4004 692 4033 ide
707 4005 740 4035 ὃ(
754 4014 782 4033 in
799 4003 898 4034 Verbo
914 4004 945 4034 R
982 4006 1023 4042 io,
1039 4004 1108 4035 Nos
1123 4012 1179 4034 rata
1192 4003 1308 4042 grata&

260 4039 341 4072 firma
353 4039 494 4072 habituras
506 4042 601 4072 omnia
613 4041 646 4072 ὃς
660 4041 762 4080 singula
779 4051 843 4080 quae
859 4042 930 4076 dieti
981 4042 1152 4076 ommiffarii
1173 4041 1263 4074 nostri
1281 4044 1311 4074 in

1377 3924 1477 3963 Cum,
1493 3926 1563 3955 inter
1582 3925 1666 3964 Nos,
1684 3926 1734 3963 δε,
1752 3922 1962 3955 Sereniffimam
1981 3921 2156 3961 Principem,
2173 3923 2337 3957 Dominam
2357 3929 2401 3956 Ε-

1340 3962 1507 3994 lizabetham
1521 3963 1636 4001 Angliae
1652 3967 1774 3994 Franriae
1795 3969 1878 4001 atque
1891 3960 2031 3990 Hibernia·
2046 3964 2177 3997 Reginam
2192 3964 2270 3994 Fidei
2287 3964 2399 3996 Defen-

1340 4003 1487 4038 satricem,
1506 4000 1798 4041 Confanguineam&
1817 4001 1953 4042 Sororem
1966 3998 2089 4028 nostram
2112 4001 2302 4032 charissimam
2320 4026 2331 4041 ,
2348 4014 2400 4042 per

1341 4041 1450 4073 Literas
1464 4040 1539 4073 ultre
1555 4041 1686 4080 citroque
1698 4040 1827 4075 invicem
1841 4037 2004 4077 praemlssas,
2019 4040 2187 4070 convenerit
2201 4040 2400 4075 constitutum-

2351 4089 2407 4118 que
