2557 4279
97 154 177 186 Arm⁴
190 151 231 183 D.

101 230 238 268 zoJac.1.

100 1109 119 1127 *
139 1109 239 1137 XVII.

103 1157 166 1184 379·

97 3890 116 3909 ⁴*
134 3892 234 3921 xvu.

97 3929 160 3965 380.

247 78 328 120 zu

245 152 327 192 Haste
345 165 368 191 ‚*
379 150 502 191 Jacohus
520 146 584 179 cole
606 148 639 180 &
656 147 764 178 Samuel
781 145 941 187 Deviffiher
955 146 1075 178 sciantur
1093 148 1128 179 &
1144 146 1306 178 censeantur

246 231 381 262 cabantur
400 228 456 258 five
477 227 730 262 nuncupabantur,
749 233 795 256 aut
814 233 915 255 eorum
934 225 1031 263 aliquis
1049 225 1147 254 sciatur
1166 224 1308 254 censeatur

247 276 368 300 vocetur
394 266 450 296 five
476 272 654 301 nuncupetur
671 287 681 301 ‚
706 273 752 293 aut
776 273 864 300 nuper
885 264 1022 294 sciebatur
1042 262 1202 294 censebatur
1221 272 1310 293 voca-

247 309 329 338 batur
347 306 402 335 five
422 304 650 340 nuncupabatur,
668 311 769 332 omnes
786 302 820 333 &
839 302 955 341 singulas
974 301 1153 332 Proditiones
1171 309 1229 331 tam
1248 311 1310 331 rna-

242 347 319 384 jores
337 343 423 380 quam
444 342 570 371 minores
587 350 620 370 ac
641 340 771 370 Crimina
799 341 887 371 Laesae
915 339 1068 378 Majestatis
1082 362 1091 377 ‚
1115 349 1230 369 necnon
1249 339 1311 370 Re-

249 383 384 414 belliones
413 380 635 410 Insurretstiones
663 380 695 410 ὃς
723 379 955 416 Conspirationes
981 389 1015 409 ac
1036 376 1227 416 Misprifiones
1245 388 1312 407 om-

248 422 328 450 nium
349 421 382 451 &
400 418 574 457 singulorum
593 418 762 448 eorumdem
783 417 985 448 proditionum
1004 417 1038 447 &
1057 414 1223 447 Criminum
1246 416 1313 446 Lse-

247 459 284 489 sae
304 457 460 496 Majestatis
478 465 542 486 ante
562 457 686 493 primum
705 458 780 486 diem
791 456 859 494 Julii
877 456 965 486 Anno
984 453 1080 493 Regni
1098 454 1185 484 nostri
1202 454 1314 492 Angliae

249 496 365 527 decimo
382 496 490 526 octavo
508 495 602 529 habita
619 495 691 525 sadra
710 503 864 532 perpetrata
889 494 944 524 five
972 491 1127 522 commissa
1143 496 1193 529 per
1211 492 1314 530 praedi-

251 535 315 565 (Εἰ-οε
332 534 467 573 Judaeum
485 533 651 571 Godfthalck
669 535 733 563 alias
749 531 878 571 Godftall
886 555 895 569 ,
915 530 1082 560 Theodorum
1099 531 1182 569 Hoste
1196 553 1205 567 ,
1225 530 1314 569 Jaco-

251 573 311 603 bum
325 572 386 603 Cole
400 574 433 605 &
448 572 595 602 Samuelem
612 570 788 610 Deviffcher,
807 580 852 600 aut
866 578 967 599 eorum
986 569 1112 606 aliquem
1127 569 1173 599 vel
1189 570 1315 607 aliquos,

250 622 284 642 ac
310 613 393 642 etiam
421 612 517 642 omnia
544 612 576 642 &
595 610 764 641 omnimoda
781 608 947 640 Homicidia
967 606 1098 638 Felonias
1120 606 1251 638 Roberia
1280 609 1314 638 &

250 650 410 681 Acceffaria
427 650 610 686 earumdem,

289 689 335 720 Ac
357 690 441 720 etiarn
465 689 563 718 omnia
581 689 613 718 ὃς
637 685 807 718 omnimoda
821 684 955 722 Escapia,
969 684 1003 714 &
1017 683 1170 715 Evafiones
1185 686 1244 715 tam
1261 694 1316 714 vo-

252 727 382 758 luntarias
404 729 491 766 quam
511 737 572 757 non
590 725 759 756 voluntarias
773 748 783 762 ,
810 733 843 753 ac
862 722 1058 761 Negligentias
1075 732 1317 760 quorumcunque

252 765 441 797 Proditorurn
468 765 680 795 Murdratorum
703 761 924 793 Homicidarurn
941 762 975 792 ὃς
990 761 1132 793 Felonum
1147 770 1193 792 aut
1208 760 1317 792 Acces⁴

253 804 388 837 sariorum
402 813 448 835 aut
463 803 663 841 Suspeetorum
680 801 867 838 eorumdem3
1125 828 1130 833 ,

290 843 420 874 Necnon
443 842 603 882 generaliter
625 849 727 870 omnes
743 841 776 870 ὃς
789 838 971 868 omnimodas
986 837 1117 869 Felonias
1135 837 1316 876 quascunque

252 888 311 912 tam
326 891 426 912 contra
440 888 628 911 communem
644 879 752 916 Legem
769 878 868 914 Regni
883 876 972 907 nostri
988 874 1098 915 Angliae
1113 899 1123 915 ,
1142 878 1229 915 quam
1244 886 1318 907 con-

253 927 295 951 tra
319 929 497 958 quaecunque
518 917 628 948 Statura
651 918 737 947 Actus
759 916 953 947 ordinationes
975 915 1033 946 five
1048 915 1228 946 Provifiones
1243 916 1317 953 ejus-

254 958 321 990 dem
337 959 434 996 Regni
450 956 537 987 nostri
553 956 671 986 antchac
686 955 759 985 edita
775 955 901 984 ordinata
926 954 982 984 sive
1004 953 1135 993 provisa,
1154 954 1199 984 seu
1214 963 1318 985 eorum

253 997 395 1036 aliquem,
414 1006 446 1026 ac
467 996 564 1025 omnia
586 995 618 1024 &
641 993 809 1024 omnimoda
836 993 994 1023 Acceffaria
1019 991 1134 1022 Murdri
1151 991 1315 1023 Homicidii

254 1037 289 1068 &
303 1044 535 1074 quarumcunque
551 1033 573 1062 F
575 1033 728 1063 eloniarum
748 1031 938 1062 Roberiarum
953 1031 986 1061 &
1004 1030 1116 1061 aliarum
1131 1030 1317 1062 Feloniarum

253 1082 488 1113 quarumcunque
498 1084 505 1108 ·,

292 1114 311 1132 ²¹²
331 1112 458 1142 Necnon
475 1111 573 1140 omnia
587 1111 618 1140 ὃ(
636 1108 739 1146 singula
762 1107 883 1139 Offensa
904 1107 1074 1138 Punitiones
1095 1106 1129 1139 &
1146 1107 1319 1139 Forisfaetu·

255 1161 296 1182 ras
316 1159 495 1188 quaecunque
509 1149 543 1178 <le
560 1148 737 1179 Praernunire
755 1170 764 1184 ,
790 1147 833 1177 seu
851 1147 1213 1184 communitercognitum
1231 1155 1279 1184 per
1298 1148 1319 1176 i-

252 1189 317 1219 dem
334 1188 474 1225 Nomen,
495 1197 541 1223 per
563 1186 654 1216 distos
669 1186 802 1224 Jodocum
812 1184 966 1224 Godfihalk
989 1185 1053 1215 alias
1068 1183 1211 1223 Godfiall,
1229 1184 1315 1214 Theo-

247 1228 340 1257 dorum
348 1226 445 1266 Hoste,
464 1225 599 1264 Jacohum
614 1225 674 1255 Cole
691 1227 723 1256 ὃς
740 1224 888 1254 Samuelem
896 1222 1072 1262 Devzffiher,
1089 1233 1135 1253 aut
1148 1233 1249 1254 corum
1265 1224 1315 1253 ali-

250 1276 338 1304 quem
356 1267 400 1297 vel
414 1266 520 1302 aliquos
535 1273 599 1294 ante
618 1264 787 1301 praedictum
805 1265 930 1299 primum
949 1262 1037 1292 Diem
1050 1262 1118 1300 Julii
1133 1262 1230 1292 habita
1245 1262 1319 1292 facia

250 1306 297 1335 seu
319 1303 473 1335 commiisa
491 1326 501 1341 ‚
527 1303 594 1333 licet
616 1303 702 1333 iidem
724 1301 842 1340 Jodocus
857 1325 866 1339 ,
889 1300 1056 1337 Theodorus,
1075 1299 1203 1337 Jacobus
1216 1302 1249 1331 &
1266 1303 1319 1329 Sa-

251 1342 337 1381 muel,
357 1352 403 1373 aut
423 1351 524 1373 eorum
538 1342 623 1379 aliqui
639 1341 683 1372 vel
697 1341 814 1379 aliquis,
832 1340 867 1370 de
885 1337 1039 1368 Praemiffis
1050 1339 1098 1368 ‚vel
1121 1338 1216 1376 aliquo
1239 1338 1317 1369 Prae-

250 1381 399 1412 miu'orum
421 1381 571 1411 indistatus
584 1380 734 1418 appellatus
757 1380 873 1410 sectatus
895 1376 1066 1415 adjudicatus
1090 1377 1129 1407 utl
1166 1386 1224 1407 atus
1245 1386 1318 1408 con-

250 1421 419 1458 dempnatus
441 1419 591 1450 convictus
616 1418 662 1449 vel
680 1418 815 1449 attin&us
829 1415 948 1447 existunt
964 1414 1008 1445 vel
1024 1425 1084 1445 non
1100 1417 1144 1445 exi
1172 1424 1239 1453 unt,
1258 1417 1319 1446 exi-

251 1458 299 1489 stit
315 1459 360 1489 vel
377 1469 437 1489 non
454 1457 562 1496 existit,
580 1467 612 1488 ac
627 1458 724 1488 omnia
740 1457 772 1486 ὃ(
789 1455 893 1498 singula
904 1454 1015 1492 Judicia
1026 1452 1177 1492 Utlagaria
1190 1453 1316 1485 &Con-

251 1498 394 1530 vifflones
417 1507 468 1535 pro
484 1496 588 1526 eisdem
606 1496 651 1526 seu
667 1504 768 1525 eorum
784 1495 894 1531 aliqu03

288 1538 334 1566 Ac
357 1539 440 1566 etiam
465 1534 651 1573 Ingreffiones
665 1542 752 1563 manu
767 1532 835 1563 forti
850 1532 953 1567 factas,
973 1531 1074 1561 Riotas
1085 1530 1195 1562 Routas
1210 1531 1319 1562 illicitas

254 1573 493 1606 Alsemblationes
529 1571 739 1602 Conventicula
778 1570 1052 1601 Confoederationes
1088 1569 1319 1608 conspirationes

252 1612 515 1651 Transgresfiones,
532 1611 634 1640 illicitas
649 1611 806 1640 verborum
825 1608 1014 1645 prolationes,
1032 1607 1232 1645 Exrortiones,
1253 1609 1319 1646 Op-

252 1651 421 1691 pressiones,
440 1650 514 1680 falsas
540 1649 747 1679 fabricationes
765 1646 918 1677 Cart-arum
940 1647 1120 1683 Scriptorum
1142 1645 1318 1677 Monimen-

253 1698 349 1721 torum
364 1690 407 1721 seu
425 1690 584 1726 aliquorum
601 1688 721 1718 aliorum
735 1686 914 1724 Scriptorum
931 1694 1172 1724 quorumcunque
1186 1708 1195 1723 ,
1213 1695 1246 1716 ac
1262 1686 1321 1716 Pu-

252 1727 415 1760 blicationes
432 1726 613 1763 earumdem-3

293 1767 425 1797 Necnon
440 1765 562 1803 Perjuria
577 1765 610 1794 &
626 1763 852 1794 subornationes
867 1762 1078 1800 Perjuriorum,
1096 1771 1129 1793 ac
1145 1772 1247 1792 omnes
1258 1762 1319 1792 De-

251 1806 394 1835 nariorum
410 1805 542 1835 Summas
557 1803 610 1833 five
629 1803 692 1833 alias
707 1802 766 1832 Res
781 1804 813 1833 δε
833 1802 957 1831 Munera
972 1809 1085 1838 recepta
1106 1811 1159 1839 pro
1173 1801 1319 1831 veredlfio

250 1844 374 1874 dicendo
391 1853 438 1874 aut
456 1841 556 1882 injuste
572 1840 718 1872 reddendo
733 1863 743 1877 ‚
771 1839 961 1870 Imbraciatias
977 1838 1182 1876 Cambipartias
1199 1841 1232 1870 ὃς
1252 1839 1319 1869 Ma-

251 1884 428 1913 nutcntiones
441 1890 620 1919 quaecunque
629 1889 675 1918 per
684 1879 776 1910 dictos
784 1879 918 1918 Jodocum
928 1877 1094 1917 Godschalck
1110 1878 1175 1907 alias
1183 1877 1319 1916 Godsc'all‚

250 1921 413 1952 Theodorum
429 1920 529 1959 Hoste,
548 1919 686 1958 Jacobum
708 1917 770 1948 Cole
791 1919 823 1948 ὃ(
845 1916 994 1946 Samuelem
1009 1914 1187 1955 Deviffiher,
1206 1926 1252 1947 aut
1268 1927 1318 1947 eo-

249 1969 313 1990 rum
327 1961 447 1998 aliquem
467 1957 511 1989 vel
526 1959 654 1996 aliquos,
672 1957 765 1988 solum
783 1966 832 1994 per
847 1956 871 1986 se
888 1965 932 1986 aut
949 1965 1017 1985 curn
1034 1955 1127 1992 aliqua
1147 1954 1197 1985 alia
1219 1954 1318 1986 Perio·

250 1998 288 2029 ni
301 2007 346 2028 aut
361 2009 429 2029 cum
445 1999 582 2035 aliquibus
599 1998 657 2027 aliis
681 1995 808 2025 Personis
819 2018 828 2032 ,
849 1995 943 2031 aliquo
962 2003 1092 2030 tempore
1107 1993 1165 2024 sive
1180 1993 1317 2031 aliquibus

250 2038 425 2074 temporibus
445 2046 509 2067 ante
531 2036 642 2066 dicium
662 2039 778 2074 primum
793 2034 862 2063 κύρω
877 2032 954 2071 Juln'
968 2054 978 2070 ‚
996 2032 1230 2070 qualitercunque
1244 2033 1316 2064 fasta

250 2075 345 2106 habita
360 2075 510 2106 commissa
527 2074 582 2104 five
598 2082 763 2112 perpetrata,

288 2113 481 2144 Pardonamus
496 2115 579 2144 etiam
595 2113 762 2143 remittimus
786 2111 817 2141 &
840 2110 990 2140 relaxamus
1005 2119 1052 2147 per
1071 2109 1225 2140 Praesentes
1240 2119 1313 2148 prae-

248 2152 311 2182 faris
330 2152 431 2190 Jodoco
446 2151 613 2191 Godfilsaltk
629 2152 693 2182 alias
711 2147 856 2188 Godscall,
875 2148 1011 2178 Theodoro
1028 2147 1130 2186 Hoste,
1147 2148 1252 2187 Jacobo
1262 2152 1316 2179 Co-

248 2190 273 2220 Ie
289 2192 321 2222 ἀ
344 2190 461 2220 &arandi
476 2189 637 2227 Deviffcher
650 2213 659 2227 ,
678 2190 710 2220 δε
727 2198 831 2220 eorum
847 2188 979 2225 cuilibet,
998 2197 1099 2217 ornnes
1114 2188 1148 2218 &
1163 2189 1314 2218 omnimo-

248 2232 298 2260 das
321 2229 452 2260 Offensu-
466 2231 498 2261 ἃ
523 2228 764 2268 Transgtcssiones
777 2237 830 2265 pro
845 2226 998 2256 Abrafione
1017 2225 1121 2256 Rasum
1145 2227 1179 2257 &
1202 2225 1316 2257 Interli—

247 2270 379 2299 neatione
393 2269 553 2306 aliquorum
570 2267 748 2297 Rotulorum
766 2265 972 2296 Recordorum
996 2263 1131 2295 Brevium
1145 2264 1315 2296 Warranto-

248 2316 313 2336 rum
336 2306 585 2347 Recognitionum
618 2306 674 2337 five
689 2305 818 2344 'aliorum
842 2303 1105 2334 Memorandorum
1125 2302 1290 2334 nostrorum
1305 2326 1314 2342 ,

246 2354 293 2381 aut
305 2346 419 2384 alicujus
443 2344 665 2376 Antecelsorum
687 2345 732 2374 seu
753 2344 975 2381 Progenitorum
999 2341 1162 2372 nostrorum
1177 2351 1315 2379 quorum-

249 2394 380 2421 cunque,
399 2386 427 2413 in
441 2383 533 2422 aliqua
550 2383 639 2414 Curia
663 2382 718 2412 five
735 2382 872 2420 aliquibus
889 2380 981 2410 Curiis
1001 2380 1117 2418 nostris,
1135 2390 1182 2410 aut
1197 2381 1313 2418 alicujus

249 2422 472 2452 Antecelsorum
490 2422 534 2451 seu
548 2421 767 2460 Progenitorum
784 2419 950 2449 nostrorum
964 2441 975 2457 ‚
992 2428 1054 2450 ante
1070 2418 1242 2457 praeditstum
1251 2424 1312 2459 pri—

248 2471 319 2490 mum
333 2462 401 2490 diem
419 2459 494 2498 Julii
511 2470 557 2496 per
580 2461 672 2490 etratis
689 2459 746 2489 five
764 2458 862 2495 factis3

284 2499 328 2529 Ac
345 2500 429 2529 etiam
443 2500 539 2528 omnia
579 2507 589 2513 ’
604 2496 846 2536 fingulaJudicia,
867 2494 971 2525 Poenas
987 2494 1111 2532 Mortis,
1129 2494 1309 2533 Punitiones‚

246 2547 279 2568 ac
297 2537 394 2568 Exitus
416 2538 448 2568 &
466 2535 597 2567 Proficua
618 2536 751 2565 omnium
775 2535 807 2564 δε
823 2533 992 2572 singulorum
1009 2533 1220 2564 Dominiorum
1238 2534 1310 2563 Ma-

243 2578 389 2606 neriorum
405 2576 560 2605 Terrarum
576 2575 827 2604 Tenementorurn
846 2582 878 2603 ac
893 2580 1064 2602 caeterorum
1080 2571 1308 2602 Haereditamen-

244 2623 341 2646 torum
364 2614 489 2651 ipsorum
508 2613 606 2651 Jodoci
625 2611 790 2650 Godschalck
811 2611 873 2641 alias
892 2609 1036 2649 Godfiall‚
1054 2609 1185 2640 Theodori
1200 2611 1283 2648 Hoste
1299 2633 1308 2649 ,

243 2653 347 2692 Jacob)
362 2652 424 2682 cole
442 2653 474 2683 ὃς
493 2651 622 2681 Samuelis
641 2654 718 2680 Devi
741 2650 820 2686 cher,
839 2650 870 2680 ἃ
889 2659 989 2679 eorum
1003 2650 1243 2687 quorumlibet&
1258 2659 1309 2680 cu-

241 2693 355 2730 jussibet
372 2715 381 2728 ,
406 2691 504 2721 Nobis
524 2699 569 2721 aut
590 2690 671 2719 alicui
723 2689 920 2727 rogenitorutn
943 2687 1107 2718 nostrorum
1123 2710 1132 2725 ,
1156 2688 1308 2719 occafione

245 2730 458 2760 Praerniss‘orum
478 2730 524 2759 seu
542 2739 642 2758 eorum
659 2727 773 2764 alicujus
787 2727 842 2757 five
857 2727 1017 2763 aliquorum
1037 2736 1086 2764 per
1106 2726 1236 2763 praefatos
1250 2726 1307 2765 Jo-

245 2769 336 2798 docum
353 2767 518 2806 GoafchaLk
540 2767 603 2796 alius
623 2765 751 2805 Godfiall
764 2788 772 2802 ,
788 2765 950 2794 Theodorum
962 2764 1046 2804 Hcste
1059 2788 1068 2801 ,
1088 2764 1224 2802 Jacobum
1245 2765 1306 2794 Cale

243 2809 277 2838 δε
293 2806 438 2837 Samuelem
461 2805 624 2844 Deviffiher
641 2829 650 2842 ,
675 2810 719 2835 {eu
738 2813 837 2834 eorum
855 2804 978 2841 aliquem
996 2803 1041 2834 vel
1057 2803 1182 2841 aliquos,
1199 2804 1307 2834 forisfa-

244 2846 360 2876 ciorum
385 2846 441 2876 five
462 2845 673 2882 deperditorum
689 2867 697 2882 ‚
733 2844 765 2874 ἃ
790 2842 890 2873 Nobis
913 2841 969 2872 sive
982 2842 1064 2872 alicui
1086 2842 1304 2872 Antecessorum

244 2884 301 2915 five
324 2883 543 2922 Progenitorum
563 2881 725 2913 nostrorum
742 2905 752 2919 ,
777 2890 842 2910 ante
863 2879 971 2910 dietum
994 2884 1111 2918 primum
1132 2882 1215 2910 Diem
1228 2880 1307 2920 Julii

241 2924 351 2953 ratione
365 2922 582 2953 Praemissorum
595 2921 757 2951 debitorum
771 2919 974 2958 pertinentium
987 2920 1045 2950 five
1060 2919 1256 2957 spectantium.

284 2961 321 2992 Et
335 2961 462 2997 ulterius,
481 2960 517 2990 de
532 2961 655 2990 uberiori
669 2957 769 2990 Gratia
783 2956 877 2988 nostra
892 2957 1061 2995 speciali‚ac
1072 2967 1106 2988 ex
1118 2958 1196 2989 certa
1205 2959 1305 2989 Scien-

241 2999 286 3030 tia
301 3001 333 3030 δε
350 3009 430 3029 mero
449 2997 535 3027 Motu
557 2997 658 3028 nostris
675 3020 684 3035 ,
710 2996 898 3034 pardonamus
919 2997 1087 3027 remittimus
1101 2997 1135 3027 &
1151 2997 1305 3028 relaxamus

246 3038 368 3076 praefatis
385 3037 489 3075 Joa'oco
507 3034 672 3075 Godschalck
693 3036 756 3066 alius
773 3033 902 3073 Godfiall
913 3056 922 3072 ,
940 3035 1074 3064 Theodoro
1086 3034 1182 3075 Hoste,
1202 3034 1307 3074 Jacobo

247 3076 311 3106 cole
324 3078 356 3108 &
372 3074 489 3106 Samueli
502 3073 662 3112 Deviffiher
679 3096 688 3112 ,
705 3075 737 3106 ὃς
756 3082 857 3103 eorum
874 3072 1005 3110 cuilibet,
1022 3083 1125 3104 omnes
1140 3075 1174 3105 &
1189 3075 1226 3104 fin
1247 3074 1305 3105 uias

248 3114 344 3145 Setstas
359 3116 390 3146 δε
409 3113 513 3144 Causas
527 3114 692 3149 Sectarum‚
709 3121 773 3142 ante
790 3110 960 3148 praedictum
977 3112 1102 3149 primum
1118 3111 1206 3142 Diem
1240 3112 1306 3151 ulii,

245 3163 365 3191 quarum
387 3153 519 3190 cognitio
536 3151 641 3189 spectat
664 3150 698 3181 ad
721 3150 827 3180 Forum
845 3149 1091 3188 Ecclesiasticum,
1111 3151 1144 3180 δε
1161 3161 1225 3188 quae
1241 3160 1306 3181 exa—

245 3192 391 3222 minabiles
405 3192 437 3222 δε
454 3189 678 3221 determinabiles
698 3188 819 3218 existunt
841 3189 868 3217 in
892 3188 984 3226 aliqua
1001 3188 1090 3219 Curii
1107 3187 1307 3220 Christianita-

246 3231 294 3267 tis,
315 3231 358 3261 seu
373 3239 471 3261 coram
485 3229 579 3266 aliquo
595 3228 696 3265 Judice
705 3226 903 3258 Ecclefiastico
919 3226 965 3256 seu
979 3227 1191 3265 quibuscunque
1205 3227 1305 3258 Corn·

246 3268 423 3299 rniffionariis
446 3266 645 3298 Ecclefiasticis
666 3266 740 3296 infra
763 3265 899 3304 Regnum
919 3265 1031 3302 Angliae
1048 3287 1058 3303 ,
1084 3267 1118 3297 &
1135 3276 1199 3303 quae
1211 3266 1304 3297 adhuc

246 3306 408 3345 dependent
430 3316 477 3337 aut
499 3313 642 3335 remanent
664 3304 822 3334 indiscuffae
844 3304 1047 3334 tantummodo
1065 3304 1161 3342 quoad
1184 3305 1304 3343 aliquam

246 3344 378 3382 sectam,
396 3346 440 3376 seu
462 3345 679 3381 Exhibitionem
703 3342 747 3373 seu
771 3341 1003 3373 Prosecutionem
1027 3341 1143 3379 alicujus
1159 3342 1252 3373 sectae
1274 3345 1304 3373 in

248 3383 338 3423 aliquit
354 3383 442 3415 Curia
457 3382 529 3414 Eccl
611 3381 653 3412 ica
664 3405 672 3416 ,
692 3381 736 3411 seu
752 3390 852 3411 coram
865 3381 960 3419 aliquo
971 3380 1076 3420 Judice
1088 3380 1304 3420 Ecclefiastic0‚

250 3421 295 3452 seu
311 3423 522 3461 quibuscunque
560 3423 575 3437 ³
587 3418 792 3459 mmiss‘ionariis
805 3418 1024 3457 Ecclefiasticis;

285 3460 329 3491 Ac
347 3471 447 3491 ornnes
460 3462 493 3493 &
507 3458 689 3491 omnimodas
707 3457 836 3488 Offensas
851 3457 1095 3496 Transgreffione's
1109 3456 1304 3497 Contemptus

249 3497 284 3527 ἃ
307 3498 500 3538 Negligentias
517 3522 527 3536 ,
548 3506 646 3528 contra
666 3496 791 3527 formam
816 3505 1055 3534 quorumcunque
1072 3497 1250 3528 Statutorum
1266 3497 1301 3528 de

250 3534 421 3568 Liberaturis
436 3539 528 3576 Signis
541 3537 573 3568 &
590 3536 667 3574 Bagis
678 3557 687 3572 ,
705 3545 737 3565 ac
753 3543 852 3565 contra
866 3534 990 3565 formam
1005 3535 1121 3574 alicujus
1133 3535 1234 3566 Statuti
1250 3545 1303 3574 pro

251 3572 425 3605 Retentione
441 3577 524 3606 factas
547 3575 604 3605 five
617 3582 783 3612 perpetratas
797 3583 803 3602 :
828 3582 861 3603 ac
877 3582 975 3604 contra
990 3574 1143 3612 Adiutores
1157 3574 1306 3611 Recepto-

249 3621 294 3642 1es
307 3613 340 3642 &
356 3612 525 3644 Retentores
540 3613 709 3644 eorumdem
728 3635 738 3650 ,
763 3619 826 3642 ante
846 3610 956 3641 dietum
977 3613 1101 3650 primurn
1115 3612 1204 3643 Diem
1219 3612 1306 3651 Julii,

249 3648 349 3680 Nobis
376 3660 422 3682 aut
448 3652 530 3683 alicui
558 3650 778 3681 Antecefforum
801 3649 859 3681 srve
878 3648 1103 3689 Progenitorum
1123 3650 1306 3690 nostrorum,

252 3688 405 3719 forisfaetas
417 3689 472 3719 five
489 3690 660 3728 deperditas:

289 3726 419 3758 Necnon
439 3729 536 3758 omnia
551 3729 582 3759 ὃ(
603 3726 773 3758 omnimoda
786 3723 980 3763 Contemptus
993 3728 1026 3759 &
1043 3727 1242 3766 Negligentias
1255 3737 1306 3766 per

251 3765 400 3800 praedictos
420 3765 551 3803 Jodocum
575 3766 638 3795 God
649 3765 741 3795 chalck
763 3764 828 3795 alias
849 3765 978 3804 Godfiall
989 3789 999 3803 ,
1023 3765 1186 3795 Theodorum
1207 3766 1307 3805 Hoste,

249 3802 384 3841 Jacobum
399 3803 460 3833 cole
475 3805 507 3834 ὃς
523 3807 620 3833 Samae
631 3815 671 3833 em
686 3802 864 3842 Deviffiher,
881 3812 928 3834 aut
944 3814 1045 3834 eorum
1062 3805 1184 3841 aliquem
1200 3805 1247 3835 vel
1260 3805 1308 3834 ali-

251 3850 341 3877 quos,
358 3842 450 3872 solum
473 3842 517 3871 seu
537 3842 715 3877 coniunrstim
732 3865 742 3880 ,
767 3851 836 3872 cum
853 3840 944 3879 aliqua
965 3842 1018 3873 alia
1029 3841 1153 3872 Persona
1169 3842 1225 3875 sive
1239 3852 1308 3873 curn

250 3878 388 3916 aliquibus
408 3879 462 3908 aliis
485 3879 610 3910 Personis
625 3903 634 3917 ,
661 3888 759 3910 contra
774 3880 897 3909 formam
917 3882 950 3911 &
968 3882 987 3900 *Ε
1006 3879 1145 3911 effectum
1169 3890 1309 3918 quorum-

250 3926 367 3988 gunque
389 3916 569 3949 statutorum
592 3918 629 3950 de
647 3917 717 3950 falsis
741 3917 920 3950 Ponderibus
941 3920 976 3951 &
993 3918 1136 3951 Mensuris
1151 3928 1212 3950 non
1226 3928 1310 3952 uten-

272 3965 310 3995 ¹⁵3

705 58 1518 110 coNvENTroNEQ

1578 58 1973 111 LITERAE,

1381 144 1513 175 Necnon
1527 153 1628 174 omnes
1642 145 1676 176 &
1691 144 1875 174 omnimodas
1883 143 1992 174 Usuras
2002 166 2011 183 ,
2029 143 2193 175 contractus
2209 145 2333 185 Usum,
2351 145 2417 178 Bar·
2442 147 2555 180 AnnD

119 192 206 222 1622.
245 200 386 223 vocentur
405 190 451 221 seu
469 196 668 225 nuncupentur
679 209 688 224 ‚
706 196 752 217 aut
769 196 858 224 nuper
877 186 1034 217 sciebantur
1052 187 1237 217 censebantur
1252 195 1307 217 vo·
1346 184 1439 222 ganias
1454 191 1618 220 corruptas,
1636 185 1669 213 &
1687 181 1882 213 Chevisantias
1896 183 2021 221 illicitas;

1385 222 1431 251 Ac
1446 230 1549 252 omnes
1566 222 1599 252 ὃς
1614 220 1796 251 omnimodas
1816 221 2014 252 Forisfadmras
2028 221 2121 251 debita
2138 222 2171 253 ὃς
2188 221 2339 254 Demanda
2348 224 2420 254 No·
2444 227 2557 266 oj‘aca⁴¹

1351 259 1395 290 bis
1408 260 1503 289 debita
1519 260 1683 297 pertinentia
1698 260 1756 289 five
1771 259 1921 297 spectantia
1937 261 2044 290 ratione
2060 260 2213 297 aliquarum
2230 261 2422 300 Recognitio-

1352 306 1425 328 num
1446 297 1687 336 Assumptionum
1718 297 1982 335 Manucaptionum
2008 298 2224 336 InjunCtionum
2243 300 2424 338 Scriptorum

1353 335 1555 373 Obligatorum
1579 345 1625 367 aut
1648 335 1780 368 aliorum
1799 336 1979 373 Scriptorum
2004 347 2245 375 quorumcunque
2264 339 2362 368 Nobis
2377 349 2424 371 aut

1351 373 1431 403 alicui
1447 374 1668 405 Antecessorum
1685 374 1741 406 five
1758 373 1986 411 Progenitorum
2004 374 2166 405 nostrorum
2184 400 2192 413 ,
2213 377 2269 407 five
2284 378 2365 407 alicui
2380 379 2425 409 alii

1351 411 1484 443 Personae
1508 412 1565 443 five
1578 413 1717 451 aliquibus
1739 413 1796 442 aliis
1808 412 1953 448 Personis,
1971 412 2004 442 ad
2023 413 2103 442 usum
2127 414 2258 445 nostrum
2281 417 2326 446 vel
2343 416 2376 445 ad
2392 428 2425 448 u-

1351 450 1412 480 sum
1426 451 1538 489 alicujus
1547 451 1769 483 Antecefforum
1784 451 1840 481 five
1849 451 2072 489 progenitorum
2087 451 2250 482 nostrorum
2267 463 2330 485 ante
2348 465 2424 492 pra:-

1351 489 1462 519 diitum
1477 491 1602 527 primum
1616 490 1704 520 Diem
1719 489 1786 528 Julii
1802 491 2018 528 recognitorum
2041 489 2250 527 assumptorum
2267 502 2423 531 manucap-

1352 535 1448 557 torum
1465 529 1612 567 factorum
1628 529 1685 559 five
1698 529 1863 559 habitorum
1874 550 1883 565 ,
1901 538 1951 565 pet·
1968 527 2098 565 praefatos
2107 527 2241 565 Jodocum
2254 532 2424 570 Godfchalck

1352 566 1416 595 alias
1434 566 1573 606 Godfiall,
1592 567 1756 598 Theodorum
1776 566 1860 606 Hoste
1876 589 1885 603 ,
1908 566 2047 604 Jacobum
2067 566 2129 596 Cole
2151 567 2183 597 &
2199 569 2345 599 Samuelem
2361 574 2421 601 De-

1352 603 1459 640 vilcher
1473 628 1482 642 ,
1506 606 1551 636 seu
1576 616 1677 636 eorum
1699 606 1822 643 aliquem
1844 606 1890 635 vel
1913 605 2019 643 aliquos
2035 627 2045 642 ,
2070 604 2162 635 solum
2180 606 2225 636 vel
2240 608 2419 644 conjunctim

1354 652 1422 672 cum
1439 643 1491 674 alia
1512 644 1635 675 Persona
1652 645 1708 675 five
1732 645 1790 674 aliis
1807 643 1936 673 Personis
1959 653 2012 681 pro
2026 643 2113 680 seipso
2128 643 2174 673 vel
2186 644 2290 682 seipsis2
2307 647 2351 678 vel
2368 657 2421 685 pro

1353 681 1445 719 aliqua
1460 682 1512 713 alia
1533 682 1657 713 Persona
1680 682 1725 714 vel
1749 692 1803 719 pro
1827 682 1964 719 aliquibus
1979 682 2036 712 aliis
2051 681 2196 720 Personis,
2217 687 2423 717 tantummodo

1354 730 1408 757 pro
1430 719 1475 751 seu
1502 730 1700 752 concernente
1722 720 1797 751 Pace
1820 719 1917 750 nom-{1
1938 721 1984 750 seu
2005 720 2118 758 alicujus
2136 721 2360 753 Antecefforurn
2377 725 2422 755 seu

1355 759 1581 796 Progenitorum
1605 760 1771 790 nostrorum
1793 759 1981 790 conservanda
1997 781 2007 796 ‚
2031 768 2077 788 aut
2104 769 2156 795 pto
2169 769 2215 790 aut
2231 771 2424 794 concernente

1356 797 1437 827 bono
1452 797 1546 830 Gestu
1567 808 1615 829 aut
1638 798 1664 829 se
1680 799 1754 828 bene
1767 799 1909 837 gerendo,
1925 806 1990 828 ante
2006 796 2174 835 praedictum
2189 800 2314 836 primum
2331 800 2424 832 Diem

1351 835 1420 874 Julii
1438 837 1534 874 aliquo
1548 837 1639 867 modo
1655 837 1806 867 forisfacta.

1391 874 1438 904 Ac
1453 876 1562 912 insuper
1580 876 1768 913 pardonamus
1782 876 1952 906 remittimus
1970 874 2002 905 &
2020 873 2173 905 relaxamus
2188 876 2307 913 praefatis
2318 877 2424 916 Jodoco

1355 911 1523 955 Godfthalck
1536 915 1600 944 alias
1615 913 1743 953 Godscall
1751 937 1760 952 ,
1777 913 1911 943 Theodoro
1926 913 2009 952 Hoste
2019 935 2027 949 ,
2046 912 2153 951 Jacobo
2177 914 2239 944 Cale
2255 916 2288 945 <St
2302 918 2421 947 Samueli

1356 952 1515 994 Devjſjcher
1531 975 1540 990 ‚
1563 953 1596 983 &
1620 963 1722 983 eorum
1745 953 1878 989 cuilibet,
1894 961 1994 981 omnes
2009 952 2040 981 ὃ(
2058 953 2241 984 omnimodas
2258 953 2421 992 Utlagarias

1356 992 1537 1029 quascunque
1557 991 1648 1023 versus
1670 1001 1718 1021 eos
1739 992 1784 1021 seu
1806 999 1907 1021 eorum
1923 990 2046 1028 aliquem
2062 989 2108 1019 vel
2123 991 2245 1029 aliquos,
2263 993 2357 1024 solum
2374 1003 2421 1025 aut

1359 1030 1540 1067 conjunctim
1567 1039 1634 1060 cum
1658 1030 1750 1067 aliqua
1773 1029 1825 1059 alia
1846 1028 1970 1059 Persona
1993 1029 2037 1058 vel
2051 1028 2188 1066 aliquibus
2199 1030 2258 1060 aliis
2275 1030 2422 1072 Personis,

1358 1076 1405 1097 aut
1426 1067 1518 1098 versus
1541 1068 1662 1104 aliquem
1687 1068 1902 1098 Antecefforem
1924 1068 1981 1098 five
1994 1067 2102 1104 aliquos
2117 1066 2338 1100 Antecessorurn
2355 1070 2422 1102 suo-

1358 1115 1422 1136 rum
1438 1115 1486 1136 aut
1501 1116 1602 1137 eorum
1617 1107 1778 1144 aliquorum
1791 1106 1836 1137 vel
1849 1106 1978 1144 alicujus,
1997 1115 2043 1135 aur
2061 1106 2152 1134 versus
2165 1106 2285 1144 aliquem
2302 1109 2358 1139 five
2372 1110 2422 1140 ali-

1359 1153 1433 1181 quos
1451 1145 1520 1175 alios
1542 1147 1620 1175 cu‘us
1638 1145 1684 1175 vel
1705 1154 1828 1181 quorum
1844 1144 1929 1174 iidem
1950 1143 2069 1182 Jodocur
2083 1166 2092 1180 ‚
2110 1143 2280 1184 Theodorus,
2299 1146 2423 1184 Jacobur

1357 1182 1534 1225 &samuel2
1586 1183 1691 1213 aeredes
1705 1183 1881 1213 Executores
1894 1182 1938 1212 vel
1959 1182 2206 1213 administratores
2219 1185 2359 1223 existunt,
2375 1195 2421 1217 aut

1356 1230 1437 1258 cujus
1455 1222 1500 1251 vel
1517 1231 1643 1260 quorum
1660 1220 1761 1251 Haeres
1775 1220 1917 1252 Executor
1933 1221 1989 1250 five
2011 1220 2232 1252 Administrator
2253 1232 2352 1254 eorum
2373 1225 2422 1255 ali-

1360 1261 1422 1296 quis
1438 1259 1547 1298 existit,
1565 1261 1674 1290 ratione
1690 1260 1746 1290 five
1763 1260 1915 1290 occafione
1934 1258 2149 1289 Praemifforum
2162 1260 2207 1291 seu
2223 1269 2322 1291 eorum
2336 1262 2424 1294 alicu-

1353 1297 1417 1335 jus,
1437 1306 1484 1328 aut
1506 1299 1623 1336 alicujus
1645 1299 1753 1329 alterius
1777 1299 1817 1329 rei
1831 1298 1921 1329 causa:
1935 1297 1979 1328 vel
1995 1299 2121 1328 materiae
2136 1299 2345 1339 cujuscunque,
2363 1310 2422 1332 tam

1356 1335 1391 1366 ad
1409 1335 1522 1367 Sectam
1537 1336 1663 1367 nostram
1681 1339 1767 1375 quam
1789 1336 1823 1367 ad
1837 1336 1949 1367 Sectam
1965 1336 2078 1373 alicujus
2094 1335 2312 1376 progenitorum
2333 1341 2423 1371 Ante-

1356 1374 1500 1405 cessorum
1519 1375 1700 1413 nostrorum,
1715 1376 1760 1406 seu
1781 1376 1943 1412 aliquorum
1958 1375 2080 1405 aliorum
2100 1385 2353 1415 quorumcunque,
2371 1389 2421 1408 an-

1357 1421 1386 1443 te
1401 1413 1568 1449 praedieium
1583 1416 1708 1452 primurn
1720 1414 1808 1444 Diem
1823 1414 1889 1452 Julii
1905 1413 2125 1452 promulgatam,
2146 1415 2178 1445 &
2195 1414 2304 1445 firmam
2315 1416 2420 1448 Pacem

1354 1450 1482 1482 nostram
1499 1453 1602 1483 eisdem
1622 1452 1725 1491 Jodoco
1738 1451 1895 1491 Goa'fihalk
1915 1452 1980 1482 alias
2001 1451 2129 1489 Godsrall
2141 1474 2150 1490 ‚
2169 1452 2302 1483 Theodoro
2317 1455 2418 1495 Hoste,

1354 1489 1462 1528 Jacobo
1477 1490 1537 1520 Cole
1553 1492 1586 1521 ὃς
1601 1491 1718 1521 Samueli
1733 1491 1950 1530 Deviffcher,&
1966 1500 2067 1521 eorum
2083 1491 2200 1522 cuilibet
2214 1494 2420 1533 concedimu53

1355 1531 1393 1558 ita
1409 1538 1503 1559 tamen
1521 1530 1602 1568 quod
1620 1530 1693 1560 stent
1708 1530 1777 1560 recti
1792 1532 1826 1561 &
1849 1539 1950 1559 eorum
1972 1529 2089 1568 quilibet
2113 1528 2165 1560 stet
2178 1531 2268 1560 rectus
2284 1532 2311 1561 in
2327 1531 2417 1565 Curia

1356 1567 1469 1604 nostra,
1489 1568 1508 1598 fi
1522 1569 1584 1606 quis
1598 1569 1690 1599 versus
1705 1579 1754 1599 eos
1767 1578 1814 1599 aut
1831 1578 1933 1598 eorum
1949 1567 2071 1605 aliquem
2087 1568 2165 1605 loqui
2179 1568 2310 1600 voluerit.
2351 1576 2354 1579 ·

1394 1605 1432 1636 Et
1447 1606 1556 1644 insuper
1573 1616 1623 1644 per
1646 1607 1795 1637 Praesentes
1820 1607 1920 1637 damus
1933 1607 1966 1636 δε
1981 1605 2168 1636 concedimus
2183 1607 2298 1642 praefato
2313 1608 2419 1646 Jodoco

1357 1644 1525 1683 Godschalck
1541 1645 1606 1675 alias
1619 1644 1763 1684 Godftall,
1780 1644 1916 1674 Theodoro
1935 1643 2035 1683 Haste,
2055 1644 2161 1683 Jacobo
2176 1645 2238 1674 Cole
2251 1647 2285 1676 ὅ(
2299 1649 2419 1679 Samueli

1356 1683 1522 1722 Deviffiher
1532 1708 1541 1721 ,
1560 1684 1593 1714 &
1606 1694 1708 1713 eorum
1724 1683 1855 1718 cuilibet,
1871 1684 1970 1712 omnia
1985 1683 2018 1713 &
2035 1684 2204 1714 omnimoda
2223 1684 2298 1715 Bona
2314 1684 2347 1717 ἃ
2357 1687 2417 1718 Ca-

1356 1721 1420 1751 talla
1437 1722 1553 1759 Nobis,
1571 1730 1618 1751 aut
1633 1722 1713 1751 alicui
1737 1720 1957 1751 Antecessorum
1980 1721 2037 1751 sive
2059 1721 2281 1758 Progenitorum
2305 1725 2420 1756 nostro-

1356 1769 1420 1789 rum
1443 1761 1551 1790 ratione
1576 1759 1737 1797 hujusmodi
1757 1758 1968 1798 Utlagariarum
1984 1783 1993 1795 ,
2019 1759 2163 1790 forisfaeta
2192 1760 2334 1799 deperdita
2360 1765 2418 1795 five

1355 1799 1521 1835 pertinentia
1532 1820 1541 1835 ‚
1559 1807 1592 1828 ac
1606 1805 1707 1828 ‘omnes
1722 1800 1754 1828 &
1769 1798 1959 1827 omnimodos
1982 1797 2078 1827 Exitus
2094 1796 2236 1829 Redditus
2255 1800 2417 1837 Reventio-

1355 1846 1404 1866 nes
1423 1836 1456 1867 ὅ(
1469 1835 1600 1867 Proficua
1615 1838 1747 1867 omnium
1763 1837 1797 1867 &
1813 1836 1985 1874 fingulorum
1995 1835 2419 1872 Dominiorum·Manerior‘um

1356 1874 1511 1905 Terrarum
1534 1874 1784 1906 Tenementorum
1805 1875 1838 1905 &
1853 1882 2024 1904 caeterorurn
2041 1873 2252 1906 Praemissomm
2264 1877 2302 1908 &
2316 1878 2420 1910 Haere-

1354 1913 1578 1944 ditamentorum
1603 1922 1842 1952 quorumcunque
1891 1918 1956 1950 quae'
1972 1921 2048 1942 nunc
2064 1912 2126 1942 sunt
2141 1921 2186 1944 aut
2200 1924 2288 1952 nuper
2303 1917 2420 1949 fuerunt

1353 1952 1537 1990 praefatorum
1552 1951 1653 1991 Jodoci
1663 1976 1672 1991 ‚
1689 1951 1836 1988 Theodori,
1879 1951 1953 1981 acobi
1977 1951 2010 1980 ὃ(
2026 1950 2158 1980 Samuelis
2168 1974 2177 1990 ,
2192 1953 2236 1983 seu
2253 1963 2353 1985 eorum
2368 1957 2420 1987 ali-

1354 2000 1480 2028 quorum
1506 1991 1551 2021 vel
1565 1992 1682 2030 alicujus
1696 2013 1705 2029 ‚
1732 1991 1777 2021 vel
1789 1990 1905 2024 alicuius
1919 1990 2029 2020 alterius
2047 1989 2176 2020 Perlonae
2192 1990 2249 2021 five
2262 1993 2418 2031 aliquarum

1353 2029 1469 2060 aliarum
1491 2029 1675 2060 Personarum
1689 2053 1699 2068 ,
1724 2031 1804 2097 tugis
1826 2029 1871 2059 vel
1894 2037 2018 2066 quorum
2034 2027 2170 2058 Haeredes
2183 2029 2357 2063 Executoroe
2370 2034 2418 2064 vel

1353 2067 1621 2106 Administratores,
1640 2068 1741 2098 Haeres
1785 2076 1902 2098 xecutor
1917 2067 1960 2097 vel
1980 2066 2201 2098 Administraror
2216 2069 2353 2109 existunt,
2371 2073 2418 2102 vel

1351 2116 1454 2137 eorum
1468 2108 1502 2137 ali
1525 2108 1564 2138 uis
1580 2107 1689 2145 existit,
1710 2106 1858 2144 videlicet,
1876 2106 1891 2135 a
1906 2115 2039 2144 tempore
2055 2105 2111 2136 five
2126 2108 2303 2144 temporibus
2313 2110 2421 2148 aliqua-

1353 2155 1416 2177 rum
1433 2147 1501 2184 huju
1514 2146 1592 2176 modi
1610 2146 1823 2185 Utlagariarum
1841 2145 1869 2174 in
1884 2145 1956 2182 ipsos
1971 2144 2015 2174 seu
2031 2153 2133 2174 eorum
2149 2145 2273 2183 aliquem
2288 2149 2419 2185 promul-

1352 2193 1479 2223 gatarum
1507 2185 1656 2222 hucusque
1672 2184 1870 2222 provenientes
1891 2182 1947 2214 five
1966 2182 2119 2214 crescentes
2133 2206 2142 2221 ‚
2168 2193 2226 2214 tam
2246 2193 2295 2222 per
2317 2196 2420 2219 manus

1353 2223 1412 2253 suas
1431 2225 1553 2261 proprias
1570 2223 1730 2254 retinendos
1747 2246 1757 2260 ‚
1783 2222 1872 2260 quam
1891 2232 1940 2259 per
1958 2231 2057 2252 manus
2076 2231 2153 2252 nunc
2171 2222 2204 2253 &
2223 2233 2312 2261 nuper
2333 2224 2420 2257 Vice-'

1351 2263 1496 2293 comitum
1522 2261 1706 2293 Escaetorum
1734 2261 1906 2291 Ballivorum
1933 2261 1965 2292 δε
1992 2259 2210 2291 Coronatorum
2237 2263 2269 2292 ὅ(
2297 2265 2416 2295 aliorum

1354 2299 1556 2331 Ministrorum
1586 2301 1750 2331 nostrorum
1780 2308 2019 2342 quorumcunque
2032 2322 2042 2337 ,
2069 2298 2105 2329 de
2125 2298 2224 2337 *Dono
2250 2301 2350 2332 nostro
2370 2313 2417 2334 ca..

1350 2340 1486 2378 piendos,
1504 2340 1605 2378 absque
1625 2339 1768 2378 Conputo
1786 2342 1830 2369 ieu
1849 2337 1944 2376 aliquo
1970 2338 2026 2368 alio
2045 2337 2165 2375 proinde
2184 2336 2282 2370 Nobis
2298 2341 2417 2373 redden-

1350 2378 1390 2408 do
1408 2378 1456 2409 seu
1476 2379 1628 2409 solvendo:

1391 2417 1437 2447 Ac
1457 2427 1560 2447 omnes
1577 2419 1609 2449 ὅ(
1625 2415 1809 2447 omnimodas
1825 2415 1956 2446 Offensas
1977 2413 2010 2446 &
2029 2414 2221 2453 Contemptus
2240 2425 2339 2448 contra
2353 2419 2415 2449 for-

1349 2464 1428 2485 mam
1447 2456 1478 2486 &
1495 2455 1636 2486 effectum
1657 2455 1802 2492 cujusdam
1821 2454 1923 2485 Statuti
1943 2463 1995 2491 pro
2021 2453 2148 2484 custodia
2174 2454 2356 2492 Magnorum
2375 2456 2415 2486 E-

1345 2503 1470 2530 quorum
1484 2516 1493 2532 ,
1519 2502 1565 2524 aut
1588 2494 1680 2532 aliqua
1706 2493 1757 2523 alia
1784 2503 1814 2523 re
1832 2492 1876 2523 seu
1897 2491 2007 2522 materia
2027 2492 2056 2522 in
2074 2492 2178 2522 eodem
2198 2493 2309 2523 Statuto
2329 2504 2404 2525 con—

1345 2540 1420 2562 tenta
1437 2542 1486 2571 per
1505 2532 1636 2570 praefatos
1651 2531 1787 2570 Jodocum
1804 2530 1969 2569 Godfihalck
1984 2530 2049 2560 alias
2073 2529 2223 2568 Godscall,
2248 2531 2415 2563 Theodorum

1343 2569 1444 2609 Haste,
1462 2570 1598 2609 Jacobum
1617 2572 1677 2600 Cole
1696 2572 1730 2600 &
1746 2570 1896 2599 Samuelem
1912 2572 1988 2598 Devi
2011 2567 2088 2606 bher,
2102 2577 2150 2598 aut
2166 2579 2266 2599 eorum
2285 2571 2412 2609 aliquem

1346 2612 1390 2639 vel
1408 2610 1530 2676 aliqsusog
1550 2618 1614 2641 ante
1633 2608 1804 2647 praedidtum
1823 2609 1951 2646 primurn
2009 2608 2064 2636 iem
2079 2606 2149 2645 Julii
2166 2615 2338 2645 perpetratos
2353 2611 2411 2642 five

1345 2657 1458 2678 commi
1483 2657 1524 2678 os.

1382 2685 1514 2717 Necnon
1533 2685 1569 2716 de
1585 2685 1707 2716 uberiori
1725 2683 1825 2715 Gratia
1842 2683 1936 2714 nostra
1953 2683 2078 2721 speciali,
2095 2693 2129 2714 ac
2147 2693 2182 2714 ex
2199 2692 2273 2716 certa
2289 2685 2411 2719 Scientia

1344 2723 1378 2754 &
1397 2734 1479 2756 mero
1499 2724 1588 2755 Motu
1609 2723 1711 2754 nostris
1728 2746 1738 2761 ,
1760 2732 1813 2762 pro
1838 2722 1936 2752 Nobis
1953 2722 2123 2752 Haeredibus
2141 2723 2174 2753 &
2192 2722 2410 2756 Successoribus

1344 2763 1461 2801 nostris,
1482 2763 1672 2800 pardonamus
1686 2762 1855 2792 remittimus
1873 2762 1905 2793 &
1921 2761 2076 2791 relaxamus
2088 2761 2209 2798 praefatis
2221 2761 2325 2800 Jodoco
2338 2765 2412 2794 God-

1336 2800 1449 2839 fihalck
1463 2802 1527 2832 alias
1540 2800 1816 2840 GodfiaII,Theodoro
1827 2799 1908 2838 Htste
1919 2799 2043 2838 ,Jacobo
2058 2799 2119 2829 cole
2133 2801 2166 2830 &
2181 2800 2409 2832 SamueliDevir—

1334 2840 1417 2881 scher
1430 2842 1464 2872 &
1480 2850 1581 2871 eorum
1604 2840 1721 2871 cuilibet
1740 2848 1791 2877 per
1806 2838 1957 2869 Praesentes
1976 2847 2077 2868 omnes
2091 2839 2124 2869 &
2146 2840 2332 2870 omnimodas
2349 2841 2407 2871 Of-

1343 2879 1430 2910 sensas
1453 2880 1486 2911 &
1501 2877 1742 2917 Transgreffiones
1765 2887 1816 2915 pro
1837 2877 1929 2914 aliqua
1944 2877 1977 2908 δε
1992 2886 2158 2914 quacunque
2174 2877 2352 2910 Alienatione
2368 2881 2408 2910 sa-

1342 2918 1388 2948 &a
1403 2918 1460 2949 five
1473 2918 1566 2948 habita
1579 2926 1644 2948 ante
1654 2916 1829 2959 praedidtum·
1835 2919 1952 2955 primum
1965 2915 2034 2944 diem
2048 2914 2118 2951 Julii
2130 2915 2186 2945 fine
2206 2915 2335 2948 Licentia
2352 2927 2407 2949 no-

2465 189 2550 219 1622.

1341 2956 1395 2987 stra
1419 2956 1510 2995 Regia
1531 2964 1578 2987 aut
1600 2956 1657 2987 fine
1677 2957 1696 2975 ⁸
1720 2955 1846 2985 Licentia
1868 2953 1959 2992 Regia
1975 2956 2101 2983 Dominae
2123 2953 2300 2984 Elizabethae
2323 2964 2402 2994 nuper
2415 2961 2434 2981 *r
2449 2954 2542 2993 xvn',

1340 2998 1448 3032 Reginae
1475 2994 1588 3032 Angliae
1603 3018 1613 3034 ‚
1644 2994 1762 3033 praefato
1788 2992 1818 3032 J

1342 3033 1479 3064 Theodoro
1491 3033 1574 3074 Hoste
1584 3056 1594 3072 ‚
1607 3033 1714 3073 Jacobo
1734 3031 1796 3062 cole
1815 3033 1847 3062 &
1865 3030 1984 3061 samueli
1998 3030 2159 3069 Deviffcher
2174 3038 2221 3063 aut
2237 3042 2341 3063 eorum
2355 3034 2404 3064 ali-

1342 3074 1389 3104 cui
1404 3073 1449 3103 vel
1461 3073 1599 3110 aliquibus
1610 3096 1619 3111 ‚
1638 3082 1684 3103 aut
1699 3072 1780 3102 alicui
1796 3069 2018 3100 Antecessorum
2040 3070 2152 3111 suorum
2175 3070 2220 3100 seu
2242 3081 2343 3101 eorum
2356 3073 2406 3103 ali.

1343 3121 1467 3149 quorum
1492 3111 1538 3142 vel
1563 3111 1678 3149 alicujus
1694 3134 1703 3148 ,
1730 3109 1785 3141 five
1809 3109 1890 3139 alicui
1911 3108 1955 3138 alii
1980 3107 2113 3138 Personae
2129 3110 2184 3138 live
2197 3109 2336 3146 aliquibus
2350 3111 2408 3141 aliis

1344 3150 1473 3180 Personis
1490 3159 1540 3187 per
1553 3149 1675 3188 aliquam
1693 3149 1774 3178 aliam
1792 3146 1944 3176 Personam
1959 3146 2016 3176 five
2029 3146 2131 3184 aliquas
2146 3147 2208 3176 alias
2222 3147 2355 3179 Personas
2370 3149 2405 3179 de

1342 3188 1479 3226 aliquibus
1503 3187 1674 3218 Honoribus
1696 3185 1832 3216 Maneriis
1852 3186 1950 3215 Terris
1971 3184 2157 3215 Tenementis
2179 3185 2236 3215 five
2250 3186 2407 3218 Haeredita-

1342 3228 1445 3256 mentis
1461 3228 1489 3256 in
1504 3227 1635 3256 manibus
1657 3225 1766 3263 praefati
1781 3223 1881 3263 Jodoci
1900 3222 2065 3261 Godschalck
2080 3224 2144 3252 alifis
2157 3223 2299 3263 Godfiall‚
2316 3224 2401 3254 Theo-

1342 3265 1402 3295 dori
1415 3264 1515 3304 Hoste,
1533 3264 1637 3302 Jacobi
1659 3263 1721 3294 cole
1745 3264 1778 3294 &
1799 3261 1929 3292 Samuelis
1950 3261 2110 3301 Devzffrher
2124 3262 2168 3291 seu
2183 3272 2283 3293 eorum
2296 3263 2329 3293 ali
2351 3272 2404 3292 uo-

1344 3313 1409 3334 rum
1429 3304 1476 3334 vel
1491 3303 1604 3340 alicujus
1618 3302 1801 3334 existentibus
1820 3302 1849 3330 in
1866 3299 2042 3330 Poffeffione
2052 3325 2061 3338 ‚
2076 3299 2253 3330 Reverfione
2268 3301 2324 3331 five
2374 3310 2404 3330 e-

1340 3343 1498 3378 manentia3
1516 3351 1630 3372 necnon
1653 3350 1754 3371 omnes
1776 3340 1810 3371 ὃς
1832 3339 1953 3378 singulos
1976 3339 2077 3376 Fines,
2098 3338 2197 3369 Exitus
2218 3340 2251 3370 &
2275 3338 2402 3369 Proficua

1346 3391 1412 3418 quae
1429 3380 1572 3418 praedi-sta:
1588 3388 1676 3417 nuper
1692 3382 1801 3416 Reginae
1815 3376 1994 3407 Elizabethae
2006 3386 2052 3407 aut
2066 3377 2150 3407 nobis
2165 3377 2223 3407 ullo
2236 3376 2324 3406 modo
2332 3386 2403 3413 prae-

1340 3427 1417 3450 textu
1432 3427 1478 3449 aut
1496 3418 1605 3449 ratione
1628 3418 1744 3456 alicujus
1767 3417 1826 3449 talis
1843 3416 2026 3447 Alienationis
2043 3415 2099 3445 fine
2120 3415 2246 3446 Licentia
2262 3415 2403 3446 accresce-

1343 3467 1372 3488 re
1429 3457 1500 3488 ffint.

1378 3467 1427 3527 ἐξ)
1432 3494 1547 3526 firmiter
1563 3496 1740 3534 praecipimus
1754 3496 1788 3527 &
1804 3494 1972 3525 mandamus
1991 3492 2154 3531 praedileeto
2169 3492 2201 3523 ὃς
2221 3499 2356 3528 perquam
2373 3491 2408 3522 fi-

1343 3534 1398 3566 deli
1416 3534 1584 3564 Confiliarto
1605 3534 1705 3565 nostro
1719 3558 1729 3571 ,
1758 3532 1883 3563 Lionello
1907 3535 2023 3561 Domino
2045 3529 2192 3569 Cranfeild
2211 3529 2402 3562 Thesaurario

1342 3573 1441 3604 nostro
1459 3573 1572 3611 Angliae
1587 3574 1621 3604 &
1637 3573 1745 3603 dilecto
1762 3573 1795 3602 δε
1811 3571 1886 3601 fideli
1901 3569 2070 3600 Confiliario
2084 3568 2180 3598 nostro
2193 3567 2310 3597 Ricardo
2327 3570 2403 3598 [Ves-

1344 3620 1390 3642 ton
1408 3610 1497 3642 Militi
1516 3609 1693 3642 Cancellario
1707 3611 1741 3642 ὃς
1751 3609 1982 3641 Subthesaurario
1998 3607 2136 3639 Scaccarii
2150 3605 2238 3635 nostri
2244 3628 2256 3649 .’
2275 3605 2407 3639 firmariis

1344 3650 1444 3681 nostris
1462 3649 1626 3687 hujusmodi
1649 3650 1762 3680 Finiurn
1786 3648 1921 3678 Exituum
1944 3648 1977 3678 δε
1999 3644 2196 3676 Proficuorum
2209 3665 2218 3680 ,
2242 3652 2314 3675 inter
2333 3646 2405 3684 alia,

1345 3689 1426 3727 quod
1438 3688 1487 3725 ipfi
1501 3689 1558 3718 line
1572 3688 1706 3719 dilatione
1722 3688 1826 3717 faciant
1843 3686 1955 3724 plenam
1971 3685 2004 3715 δε
2019 3682 2170 3725 absolutam
2186 3680 2404 3716 Relaxationem

1346 3729 1378 3758 &
1392 3728 1629 3757 Exonerationem
1645 3728 1764 3764 praefatis
1781 3724 1885 3764 Jodoco
1899 3720 2061 3760 Goa'fih'alck
2080 3720 2142 3749 alias
2157 3719 2300 3759 Godfiall,
2319 3722 2405 3752 Theo-

1345 3767 1408 3795 doro
1420 3764 1503 3803 Hoste
1518 3789 1526 3801 ,
1550 3763 1656 3803 Jacob«,
1670 3764 1731 3794 Cale
1747 3765 1780 3795 ὃ(
1797 3761 1913 3793 Samueli
1925 3757 2084 3801 Devfflh?r
2098 3759 2132 3789 δε
2149 3767 2250 3788 eorum
2269 3761 2408 3797 quibussi-v

1348 3806 1396 3835 bet
1412 3805 1446 3835 &
1460 3803 1576 3834 cuilibet
1592 3804 1675 3834 talem
1694 3802 1934 3833 Exonerationem
1957 3797 2115 3835 petentibus
2138 3795 2194 3840 five
2208 3807 2268 3827 non
2286 3801 2408 3836 petenti-

1348 3844 1399 3873 bus
1414 3842 1449 3872 de
1464 3841 1600 3872 omnibus
1614 3842 1712 3872 talibus
1727 3841 1844 3871 Finibus
1860 3837 1988 3880 Exitibus
2002 3835 2035 3865 &
2053 3833 2205 3872 Proficuis²
2223 3837 2256 3866 ὃς
2272 3837 2319 3867 hae
2330 3838 2408 3868 Prae-

1347 3882 1436 3912 sentes
1455 3878 1558 3910 Literae
1576 3879 1706 3911 Parentes
1725 3886 1806 3910 erunt
1822 3877 1861 3907 eis
1879 3874 2019 3906 sufficiens
2036 3872 2222 3904 Warrantum
2250 3875 2279 3904 in
2301 3886 2332 3906 ea
2348 3886 2410 3914 para

1348 3928 1387 3953 te.

1386 3956 1522 3991 Necnon
1540 3956 1728 3995 pardonarnus
1744 3954 1916 3987 remittimus
1939 3951 1974 3983 δε
2001 3949 2155 3983 relaxamus
2172 3951 2290 3989 praesato
2304 3951 2409 4019 Jodo‘f?

2339 3993 2380 4020 Ga
2399 4005 2411 4012 —

1817 2993 1892 3022 odoro
1920 2991 2084 3030 Godsrhalck
2111 3015 2120 3030 ‚
2151 2992 2214 3023 alias
2245 2992 2375 3033 Godfiall
2394 3001 2474 3037 ³38¹·
