2557 4279
681 136 783 178 ET
867 137 1133 180 ACTA

7 220 81 255 Ann.
97 217 140 250 D.
153 226 259 256 mesor
280 228 337 262 any
352 223 435 254 other
453 221 610 261 Witnesses
624 245 634 260 ,
658 223 747 254 either
766 233 865 262 uppon
885 225 963 256 Oatli
982 234 1016 254 or
1032 221 1181 254 otherwise
1199 242 1209 258 ,

23 260 108 291 1622·
147 264 196 294 for'
216 262 267 292 the
293 261 425 292 Defence
450 261 488 291 of
506 261 573 291 such
604 261 708 291 Person
733 273 767 292 or
794 263 911 293 Persons
930 265 1043 300 making
1062 261 1130 293 such
1149 260 1211 302 Re·

9 298 249 369 ¹9Jac-¹·qu(eistfi,
272 301 298 330 if
312 310 369 338 you
389 309 486 337 uppon
505 299 560 330 due
580 298 796 331 Confideration
814 301 866 332 had
882 325 892 340 ,
918 301 986 332 ssiall
1005 301 1088 332 think
1108 301 1129 330 it
1144 298 1201 335 Just.

145 349 181 370 an
239 347 271 369 tt.

188 377 253 408 And
275 375 354 414 lastly
379 384 431 405 our
456 375 529 406 Will
549 375 604 406 and
631 375 758 407 Pleasure
781 378 827 416 is,
852 377 912 408 that
938 377 994 407 this
1017 386 1070 406 our
1097 374 1202 414 present

149 414 346 446 Commiffion
363 413 432 444 shall
451 415 586 445 continue
603 415 633 444 in
653 416 752 452 force,
777 417 831 445 and
850 425 911 445 wec
927 414 966 444 do
982 416 1086 455 hereby
1103 414 1203 445 autho-

146 456 204 484 rize
227 462 286 494 you
312 462 365 482 our
387 451 441 482 said
468 451 711 483 Commiffioners
728 475 737 490 ,
762 463 796 482 or
814 463 869 491 any
884 452 954 482 such
973 454 1052 488 eight
1070 463 1102 483 or
1121 460 1202 483 more

145 492 181 522 of
202 500 261 529 you
285 501 313 520 as
336 491 358 520 is
383 490 514 521 aforesaid
528 515 538 528 ,
563 499 593 521 to
616 491 758 529 proceede
774 492 805 521 in
823 490 872 520 the
891 490 1048 521 Execution
1068 490 1202 526 thereos,

142 529 198 561 and
216 530 252 560 of
266 529 300 559 all
317 528 372 559 and
391 538 475 568 every
491 537 591 560 matter
611 529 663 559 and
683 529 765 568 thing
784 529 891 558 therein
909 531 1070 573 conteyned
1088 553 1098 568 ,
1124 531 1200 559 from

142 577 232 637 {2¹²2}
239 567 485 645 ἓῖζΥῙἛὲἰίἀῡῗ
493 568 626 644 ῑῧῖξῧὲιιῗ
635 576 822 641 ἔὲηὲἓέῑὲᾶἶ
834 567 1203 648 Ἑζὲἳεῗὴέιὶῗὲἑέἓῖἓῖ

146 644 262 675 miffion
287 645 323 675 be
351 653 403 675 not
427 644 502 674 from
527 653 605 682 tyme
633 652 665 674 to
692 652 771 682 tyme
796 642 953 674 continued
977 644 1015 681 by
1043 643 1203 682 Adjourne-

144 692 235 714 ment.

183 760 218 791 In
230 761 331 791 witnes
346 756 494 796 whereof‚
511 757 574 794 &m

180 837 296 869 Witnes
312 845 366 866 our
379 834 445 866 selie
463 843 490 867 at
508 833 706 874 Wslminster‚
723 835 773 865 the
788 835 935 867 twentieth
955 833 1021 874 Day
1038 836 1074 866 of
1090 834 1205 866 March.

636 912 691 940 Per
704 914 800 941 Breve
813 912 845 941 de
861 910 1100 957 PrivatoVSigillo.

6 1047 24 1068 ο
39 1048 137 1076 XVII,
182 1035 211 1062 *ξ
233 1039 281 1071 De
305 1033 476 1080 Conceffione
500 1035 600 1080 Officii
621 1036 796 1068 Praelezloris
818 1039 850 1068 in
876 1039 996 1083 Lingua
1021 1038 1120 1069 Graeca
1146 1039 1177 1068 in

7 1088 70 1126 364.
519 1084 721 1127 Univeffitate
745 1085 846 1118 Oxon.

6 1121 133 1196 Alfi).

26 1202 101 1232 1622
156 1169 275 1227 REX
292 1170 458 1207 Omnibus,
474 1168 509 1200 ad
521 1179 610 1208 quos,
629 1169 690 1201 ὅτε.
708 1168 842 1201 Salutem.

251 1210 348 1240 Sciatis
364 1208 445 1247 quod
464 1208 549 1246 Nos,

2 1245 59 1271 ΓΜ·
72 1247 117 1267 20·
188 1247 238 1278 De
257 1247 357 1278 Gratia
374 1246 468 1277 nostra
486 1246 611 1284 speciali,
638 1256 672 1276 ac
690 1255 724 1276 ex
743 1256 818 1278 certa
837 1246 961 1277 Scientia
979 1246 1013 1278 &
1030 1256 1110 1277 mero
1128 1254 1212 1277 motu

2 1279 135 1317 J·¹·i>-¹¹·
150 1286 253 1316 nostris
266 1309 276 1324 ,
303 1295 356 1323 pro
371 1284 484 1315 diverfis
501 1286 557 1315 aliis
574 1285 658 1314 bonis
676 1283 773 1316 Caufis
792 1287 825 1317 &
846 1284 1125 1316 Confiderationibus
1143 1285 1212 1315 Nos

7 1327 33 1346 ὓ·
51 1326 93 1352 ¹9·
149 1324 185 1355 ad
202 1327 320 1362 praesens
337 1323 489 1360 specialiter
509 1323 711 1361 moventibus,
731 1323 875 1354 Dedimus
892 1324 925 1354 ὃς
942 1323 1160 1361 Concesfimus,
1178 1333 1211 1354 ac

147 1371 201 1399 pro
220 1362 318 1393 Nobis
336 1361 507 1392 Haeredibus
525 1362 559 1392 ὃς
577 1361 790 1392 Succefforibus
815 1362 916 1392 nostris
932 1386 942 1400 ,
972 1371 1021 1399 per
1043 1362 1188 1400 praesentes
1202 1385 1211 1398 ,

148 1401 261 1432 Damus
284 1401 318 1431 &
339 1399 538 1431 Concedimus
551 1422 560 1437 ,
583 1399 700 1430 Dileeto
718 1399 841 1431 Subdito
859 1400 956 1430 nostro
973 1399 1105 1468 {wama
1123 1400 1210 1430 South

149 1440 180 1469 in
206 1439 333 1479 Legibus
355 1438 562 1476 Baccalaureo,
588 1437 731 1469 Officium
755 1438 812 1469 five
836 1439 953 1469 Locum
998 1439 1147 1469 raelethoris
1166 1439 1212 1468 seu

148 1476 345 1508 Informatoris
369 1476 458 1507 nostri
483 1477 513 1506 in
541 1475 651 1515 Lingua
676 1475 782 1507 Graeca
799 1478 826 1506 in
844 1477 928 1507 Alma
946 1476 1098 1507 Acamedia
1117 1476 1213 1507 nostra

149 1516 249 1546 Oxon.
275 1525 363 1552 nuper
390 1515 550 1545 Fundatum
570 1524 618 1551 per
637 1514 850 1545 Sereniffimum
868 1525 956 1552 nuper
975 1514 1088 1553 Regem
1106 1517 1215 1544 Henri-

149 1564 209 1584 cum
279 1564 366 1583 avum
382 1562 464 1592 nuper
481 1555 578 1590 Regem
598 1550 730 1589 Anglise,
750 1552 993 1584 Praedecefforem
1011 1552 1141 1582 nostrum
1153 1575 1162 1590 ,
1181 1554 1210 1582 in

149 1591 231 1622 usum
302 1591 465 1630 profeetum
483 1591 633 1628 juventutis
652 1591 819 1629 Anglicanae
839 1601 887 1628 per
906 1591 1139 1630 Refignationem
1158 1590 1213 1621 five

149 1629 316 1660 Ceffionem
336 1629 478 1668 Johannis
496 1631 600 1658 Ηαννι)Γ
621 1628 716 1658 Sacrae
737 1628 913 1668 Theologiae
933 1628 1104 1659 Bacchalarii
1123 1628 1214 1658 ultimi

149 1667 328 1699 Praeieetoris
344 1668 401 1698 five
419 1667 615 1697 informatoris
630 1665 718 1696 nostri
738 1667 767 1696 in
786 1666 889 1697 Graeca
904 1668 1016 1706 Lingua
1030 1666 1135 1696 ibidem
1145 1689 1154 1704 ,
1169 1667 1213 1697 seu

150 1716 200 1744 per
220 1707 305 1736 alium
325 1715 539 1744 quemcumque
558 1704 681 1734 modum
695 1706 756 1743 jam
775 1714 924 1736 vacantem
939 1727 949 1743 ,
976 1715 1010 1735 ac
1027 1706 1057 1734 in
1086 1706 1216 1735 manibus

151 1745 186 1776 &
215 1744 409 1781 Dispofitione
432 1743 532 1773 nostris
557 1742 724 1773 existentem
739 1765 748 1780 ‚
773 1753 806 1773 ac
830 1744 920 1781 ipsum
942 1743 1102 1781 Jahannem
1128 1742 1213 1773 South

152 1782 356 1814 Praelee‘corem
375 1783 432 1813 five
449 1781 671 1812 Informatorem
691 1781 822 1812 nostrum
842 1783 872 1812 in
892 1781 998 1812 Graeca
1028 1782 1140 1818 Lingua
1164 1783 1219 1811 ibi-

152 1821 236 1861 dem,
256 1832 308 1859 pro
329 1822 412 1851 nobis
429 1819 600 1850 Haeredibus
614 1821 647 1850 &
666 1819 879 1850 Succefforibus
896 1818 999 1850 nostris
1016 1820 1148 1850 Facimus
1159 1819 1219 1850 Or-

152 1860 282 1890 dinamus
301 1861 334 1891 ὃς
354 1857 564 1889 Censtituimus
582 1867 631 1895 per
647 1857 803 1897 praesentes,

191 1898 368 1929 Habendum
382 1896 583 1927 Exercendum
601 1894 634 1927 ὃς
654 1895 869 1933 Occupandum
884 1895 1055 1927 Lefflonem
1072 1896 1218 1927 Officium

151 1938 189 1969 &
210 1937 327 1968 Locum
346 1936 515 1974 praedictum
531 1933 649 1972 praefato
663 1933 795 1972 Johanni
813 1934 917 1971 Seuth,
930 1935 946 1964 a
965 1935 1023 1966 Die
1041 1935 1126 1966 Datae
1143 1936 1221 1966 Prae-

154 1976 275 2006 sentium
293 1975 426 2013 quamdiu
444 1974 520 2003 idem
538 1973 686 2011 Johannes
704 1972 788 2003 South
810 1974 837 2003 se
864 1974 937 2003 bene
962 1973 1076 2013 gesserit
1094 1975 1122 2004 in
1142 1973 1221 2004 Offi-

155 2014 205 2044 c-io
225 2014 282 2044 five
299 2014 386 2044 Loco
411 2012 549 2050 praedffiio
566 2035 575 2050 ,
600 2011 818 2050 percipiendum
834 2011 952 2050 proinde
968 2013 1112 2042 annuatim
1128 2012 1220 2042 eidem

154 2050 286 2090 Johanni
304 2051 390 2082 south
406 2073 416 2088 ‚
444 2061 496 2088 pro
513 2050 613 2080 Feodo
631 2051 664 2081 &
681 2049 830 2088 Stipendio
850 2050 900 2081 suo
914 2050 1151 2118 ,ffuadraginta
1169 2052 1222 2080 Li-

156 2090 220 2119 bras
244 2092 329 2120 bonae
352 2091 385 2122 ὅ(
407 2089 504 2128 legalis
531 2087 663 2118 Monetae
688 2088 800 2127 Angliae
814 2112 823 2127 ,
847 2098 895 2126 per
963 2099 1028 2129 anus
1048 2089 1222 2120 Thesauraril

155 2127 293 2158 Ecclefiae
311 2128 488 2160 Cathedralis
509 2125 618 2158 Christi
638 2126 738 2157 Oxon.
765 2137 818 2164 pro
836 2136 965 2164 tempore
994 2127 1157 2165 existentis,
1188 2128 1222 2158 ad

156 2176 278 2204 quatuor
299 2167 377 2197 Anni
397 2166 553 2197 Terminos
572 2165 693 2202 usuales3
713 2165 866 2203 videlicet,
894 2165 928 2195 ad
947 2165 1026 2196 Festa
1044 2168 1223 2196 Nativitatis

156 2206 252 2234 Sant‘li
267 2205 408 2243 Johannis
424 2203 555 2244 Baptistae
571 2227 580 2241 ,
606 2205 703 2234 Saneffi
719 2203 865 2234 Michaelis
884 2203 1051 2241 Archangeli
1067 2228 1076 2242 ‚
1104 2205 1223 2234 Natalis

157 2247 274 2274 Domini
285 2254 297 2281 ·,
321 2246 354 2276 &
374 2245 610 2274 Annunciatt'onis
627 2245 725 2272 Beatae
745 2246 849 2272 Mariae
865 2245 983 2279 Virginis
1002 2266 1010 2280 ,
1036 2253 1086 2281 per
1106 2243 1224 2282 aequales

158 2280 308 2313 Portiones
333 2281 476 2312 solvendas
490 2293 500 2318 ς
527 2281 618 2317 prima
645 2280 795 2312 Solutione
822 2280 888 2312 inde
913 2281 1073 2319 incipienda
1096 2282 1130 2312 ad
1157 2282 1223 2312 illud

159 2320 279 2360 Festum
298 2320 451 2356 Festoruin
468 2319 668 2353 praedictorum
689 2320 769 2358 quod
787 2322 914 2357 primum
931 2321 965 2351 &
980 2321 1143 2357 proximum
1159 2331 1225 2351 eve-

159 2360 235 2389 nerit
254 2359 320 2396 post
340 2358 446 2390 Datam
465 2357 665 2395 Praesentium3
697 2359 753 2388 una
771 2368 841 2388 cum
858 2358 995 2389 omnibus
1015 2360 1048 2389 &
1068 2358 1178 2397 singulis
1196 2369 1225 2389 αφ

161 2397 203 2428 liis
221 2397 412 2430 Libertatibus
427 2396 652 2427 Praeeminentiis
666 2395 785 2435 Juribus
795 2398 828 2429 &
843 2395 1226 2434 commoditatibus,eidem

163 2435 278 2466 Officio
304 2437 360 2467 five
385 2436 470 2466 Loco
495 2435 670 2465 Praeieetoris
692 2435 749 2465 five
775 2434 971 2466 Informatoris
996 2445 1116 2472 quoquo
1136 2436 1226 2465 modo

162 2474 362 2511 SpecZAEantibus
381 2474 437 2505 five
458 2474 661 2512 pertinentibus
677 2497 687 2510 ,
709 2484 742 2504 ac
763 2474 792 2503 in
813 2483 869 2503 tam
888 2474 987 2512 amplis
1008 2474 1099 2503 modo
1116 2475 1149 2505 &
1168 2474 1228 2503 foi—

162 2521 210 2541 ma
228 2522 313 2549 prout
330 2513 443 2549 Egidius
463 2516 633 2548 Lawrence,
662 2511 803 2549 Johannes
820 2514 958 2549 Hmmer,
983 2513 1117 2541 Henricur
1135 2512 1227 2549 Cuffi,

163 2550 312 2588 Johannes
331 2553 431 2588 Perin,
451 2550 599 2589 Johannes
617 2549 722 2587 Hales,
741 2559 787 2580 aut
805 2550 935 2588 praefatus
953 2549 1098 2588 Johannes
1114 2553 1227 2588 Harris‚

162 2596 211 2620 aut
227 2589 325 2626 aliquis
345 2589 412 2620 alius
430 2590 486 2620 sive
506 2589 590 2625 aliqui
607 2589 654 2618 alii
673 2588 817 2619 Officium
837 2588 894 2619 five
921 2588 1037 2618 Locum
1061 2589 1227 2626 praedietum

164 2636 255 2664 nuper
271 2628 379 2658 habens
399 2628 445 2659 vel
464 2627 598 2657 habentes
620 2648 629 2663 ‚
652 2627 751 2657 rhabuit
769 2627 825 2657 five
843 2627 952 2663 gavisus
970 2628 1022 2658 fuit
1037 2648 1046 2663 ‚
1072 2627 1228 2657 habuerunt

164 2665 222 2696 five
240 2667 325 2703 gavisi
342 2666 474 2702 fuerunt,
492 2674 539 2696 aut
557 2665 662 2695 habere
679 2666 724 2695 vel
743 2666 863 2703 gaudere
877 2664 975 2695 debuit
993 2665 1050 2695 five
1069 2665 1227 2696 debuerunt

167 2714 222 2743 pro
238 2704 385 2736 Exercitio
399 2704 526 2743 ,ejusdem
541 2702 645 2734 Officii
658 2702 716 2734 five
730 2703 823 2741 Loci,
841 2702 918 2733 Non
933 2702 1062 2733 obstante
1078 2714 1138 2734 non
1158 2705 1228 2734 reci-

167 2744 273 2773 tatione
284 2743 397 2783 alicujus
411 2743 510 2780 prioris
527 2741 728 2772 Conceffionis
743 2751 792 2779 per
807 2741 875 2772 Nos
890 2741 935 2771 seu
953 2751 999 2778 per
1015 2742 1135 2778 aliquem
1151 2741 1226 2772 Prae-

165 2780 353 2813 decefforum.
363 2782 527 2813 nostrorum
541 2780 662 2811 antehac
676 2780 780 2818 faetae5
797 2779 834 2811 Et
849 2789 910 2810 non
927 2779 1058 2811 obstante
1072 2780 1164 2818 aliqua
1177 2780 1227 2811 alifi

166 2817 260 2850 Causa
274 2819 319 2849 vel
336 2818 459 2850 Materia
473 2826 668 2856 quacumque:

205 2857 252 2888 Eo
263 2858 345 2896 quod
360 2857 483 2896 expressa
498 2856 609 2886 mentio
618 2878 629 2894 ‚
643 2856 704 2886 &c.

203 2932 239 2963 In
255 2915 333 2972 cujus
350 2935 406 2972 rei,
425 2934 487 2964 &c.

204 3009 294 3042 Teste
307 3010 391 3050 Rege
408 3009 481 3047 apud
497 3008 770 3053 Wstmonasteriunr,
785 3019 864 3040 nono
880 3010 927 3040 die
942 3009 1052 3048 Aprilis.

603 3076 770 3116 Per⁴Breve
783 3086 815 3116 de
829 3088 949 3116 Privato
964 3084 1068 3124 Sigillo.

251 3216 300 3248 De
325 3213 500 3256 Concesfione
524 3212 686 3245 Williebmo
707 3211 813 3245 Laude
836 3213 972 3258 Epiftopo
997 3212 1160 3247 Adeneven.

17 3307 152 3340 AnnD.

41 3332 127 3379 υἷε-2.

19 3385 82 3414 lbid.
101 3393 125 3424 p.

25 3432 100 3459 ¹5.n.
110 3427 153 3454 16.

171 3302 209 3358 Γ
232 3297 290 3330 EX
307 3298 467 3336 Omnibus,
484 3298 519 3328 ad
535 3308 621 3336 quos,
640 3298 702 3328 ὅτε.
722 3296 855 3328 Salutem.

187 3320 228 3357 x
268 3338 365 3369 Sciatis
387 3338 466 3375 quod
482 3337 606 3367 exhibita
628 3336 727 3366 Nobis
747 3344 781 3365 ex
799 3345 873 3373 parte
890 3335 976 3366 fidelis
992 3336 1103 3367 Subditi
1118 3337 1150 3367 &
1168 3337 1226 3368 Ca-

170 3377 270 3415 pellani
288 3376 378 3407 nostri
397 3374 533 3405 Wllielmi
551 3374 647 3404 Laude
665 3374 758 3405 Sacrae
773 3374 945 3414 Theologiae
962 3374 1180 3413 Profefforis‚in
1189 3376 1227 3405 E-

169 3416 319 3455 piscopum
339 3413 542 3445 Menevensem
561 3412 734 3449 consecrari,
752 3411 859 3443 Petitio
877 3414 1041 3444 continebar
1059 3414 1139 3451 quod
1157 3414 1226 3452 Epi-

169 3454 299 3494 scopatus
322 3451 504 3484 Menevenfis
529 3451 655 3489 praedicti
678 3451 798 3481 FruGtus
824 3451 963 3482 Redditus
977 3450 1140 3482 Provenrus
1155 3454 1226 3484 adeo

169 3502 267 3525 tenues
292 3492 373 3523 exiles
398 3492 431 3522 δε
455 3490 585 3521 diminuti
599 3489 662 3525 sunt
677 3511 686 3526 ,
698 3489 751 3530 xita
768 3497 800 3519 ut
817 3489 926 3519 Mensae
941 3489 1101 3527 Episcopali
1120 3499 1153 3520 ac
1169 3492 1226 3521 aliis

169 3532 248 3563 dieto
265 3530 445 3569 Episcopatui
460 3527 689 3559 incumbentibus
700 3527 849 3564 oneribus,
865 3528 894 3556 in
911 3535 986 3557 tanta
1007 3528 1161 3566 praesertim
1184 3540 1227 3560 re-

170 3581 234 3601 rum
250 3571 379 3600 omnium
394 3566 532 3606 Angustia
554 3567 588 3597 &
609 3565 776 3603 squalitate,
792 3575 852 3594 non
871 3564 1025 3605 sufficiant3
1047 3565 1134 3596 Unde
1155 3566 1227 3598 No-

132 3610 136 3614 '
169 3609 212 3639 bis
235 3608 380 3640 humiliter
399 3606 545 3645 supplicari
566 3605 649 3642 fecit,
665 3611 802 3641 quatenus
824 3603 872 3632 fibi
897 3603 933 3634 de
945 3612 1108 3641 opportuno
1129 3605 1225 3641 aliquo

171 3648 364 3678 subventionis
377 3647 410 3678 ὃς
427 3644 530 3674 Auxilii
541 3643 685 3674 Remedio
699 3643 729 3672 in
750 3640 900 3672 Praemiffis
922 3642 1077 3680 providere
1098 3642 1134 3673 de
1156 3643 1228 3675 Cle.

173 3687 278 3716 mentia
295 3685 391 3716 nostra
407 3684 498 3721 Regia
512 3682 707 3720 dignaremur.·

211 3724 281 3755 Nos
301 3725 384 3762 igitur
400 3723 486 3753 clietx
500 3721 606 3758 praefati
623 3717 762 3755 Wllielmi
782 3718 879 3748 Laude
896 3718 1098 3757 Supplicationi
1117 3719 1226 3750 favora—

175 3761 268 3792 biliter
286 3762 430 3800 inclinati,
446 3770 478 3791 ac
494 3759 631 3790 Volentes
651 3767 681 3788 ut
699 3756 756 3795 ipse
771 3757 882 3788 Statum
898 3756 978 3787 suum
995 3757 1015 3778 ²*
1030 3758 1105 3795 quta
1124 3758 1226 3789 Ponti-

175 3799 260 3830 ficalis
271 3797 429 3838 ‘Dignitatis
442 3799 613 3835 exigentiam
627 3796 760 3826 decenter
773 3804 867 3838 tenere
885 3795 985 3838 possit,
1001 3796 1032 3826 ὃ(
1055 3806 1090 3826 ne
1112 3805 1227 3834 propter

177 3837 237 3868 Rei
252 3837 402 3868 Familiaris
423 3838 547 3876 inopiam
566 3834 738 3866 Pontificalis
752 3833 905 3876 Dignitatis
924 3833 1106 3864 obnubiletur
1127 3836 1227 3866 autho-

174 3877 256 3913 ritas,
273 3875 309 3905 de
324 3875 421 3909 Gratia
433 3875 528 3906 nostra
543 3874 680 3911 Speciali,
698 3881 771 3903 certa
787 3871 913 3902 Scientia
923 3873 957 3902 ὅ(
973 3882 1052 3903 mero
1071 3872 1159 3903 Motu
1175 3883 1230 3903 no—

176 3914 252 3950 stris,
271 3912 304 3943 &
314 3913 469 3944 -exnostrae
484 3913 627 3950 potestatis
641 3910 742 3950 Regiae
757 3909 930 3952 plenitudine
944 3911 1044 3946 pariter
1064 3912 1097 3942 &
1118 3911 1229 3941 Praero-

195 3953 268 3982 ativa
281 3951 398 3987 nostris,
415 3952 653 3982 concessimus&
670 3950 814 3980 licentiam
828 3946 972 3985 dedimus,
990 3958 1042 3988 ac,
1059 3958 1111 3986 pro
1132 3949 1230 3979 Nobis

196 3989 632 4058 iaeredilffhz'sdffiefforibus
654 3987 774 4026 nostris,
789 3996 839 4027 per
860 3985 1024 4026 Praelentes„
1042 3988 1230 4020 concedimus

210 4031 305 4059 Tm.-
368 4049 374 4056 .
392 4029 395 4034 ’
422 4050 427 4057 .
445 4030 465 4057 I
497 4050 504 4058 .

29 3751 46 3767 ¹*
61 3753 158 3781 XVII.

1222 134 1671 179 PUBLICA.

2214 160 2258 199 23
2272 161 2291 199 5

2321 223 2396 252 Arm.
2407 223 2449 253 D.

2343 265 2427 290 1622.

2322 300 2446 337 192⁴*ch-

1278 372 1319 399 Et
1324 371 1490 411 finalement
1502 384 1566 403 nous
1579 373 1690 404 voulom
1705 387 1754 414 que
1769 384 1836 406 cette
1855 379 2015 418 Commiffi'on
2037 381 2158 411 demeare
2182 392 2213 411 en
2227 379 2294 420 for-

1238 418 1276 446 ce,
1292 409 1330 443 ἔγ
1349 421 1413 439 nous
1429 422 1497 456 jvous
1512 416 1659 449 autorisons
1674 425 1741 442 vous
1757 425 1802 443 nos
1818 416 1873 445 dits
1892 418 2081 456 Commiffizires
2096 420 2114 448 ἃ
2128 432 2162 449 en
2172 420 2295 458 pourfict'-

1240 457 1292 476 vre
1306 447 1467 479 l’exdcutton
1482 447 1520 483 ό
1535 451 1566 478 de
1581 458 1641 478 tos-t
1657 462 1683 479 ce
1697 452 1788 491 qu’elle
1804 458 1936 492 contient,
1954 456 2005 485 lorr
2029 455 2066 490 ό·
2088 458 2154 498 auffi
2171 457 2294 496 fizuvent

1240 495 1290 523 que
1306 497 1388 521 vous,
1407 499 1440 516 ou
1454 487 1514 517 huit
1529 499 1561 517 ou
1571 487 1697 528 pltfiettrs
1715 490 1745 517 de
1762 500 1827 518 vom
1852 492 1875 520 le
1895 493 2002 529 jugerez
2026 495 2043 523 ἂ
2060 503 2150 532 propos

1240 523 1268 552 la
1283 524 1444 568 Commifflon

1241 572 1296 591 vvl-

1461 538 1492 556 ue
1502 525 1558 565 Jbit
1568 530 1646 565 point
1665 530 1800 557 continue&
1815 529 1846 557 de
1862 537 1927 558 tems
1948 532 1966 560 d
1991 540 2069 563 autre
2085 543 2138 571 par
2159 508 2295 565 Ξιέκῖἑῖἴιῗ

1281 753 1328 781 En
1344 749 1384 791 foi
1397 754 1428 782 de
1444 758 1522 793 quoi,
1540 752 1601 791 &a

1281 829 1403 859 Te'moins
1414 830 1587 861 nous-memes
1601 833 1620 862 ἃ
1633 832 1852 872 ἳνείὶηῖἰῃίὶετ,
1871 832 1895 863 le
1909 837 2057 873 vingtieme
2071 836 2102 866 de
2117 840 2206 868 Mars.

1728 910 1782 941 Per
1797 910 1887 942 Breve
1905 911 1940 942 de
1955 911 2071 943 Privato
2088 911 2198 951 Sigillo.

1248 1029 1281 1060 ὃ(
1294 1029 1436 1059 licentiam
1451 1028 1549 1059 damus
1565 1031 1682 1067 praefato
1698 1031 1844 1062 Willielmo
1860 1033 1960 1063 Laude
1979 1035 2009 1064 in
2028 1032 2205 1071 Episcopum
2231 1035 2301 1066 Me-

1247 1069 1398 1111 nevensem
1415 1076 1445 1098 ut
1460 1069 1605 1106 praefertur
1617 1071 1799 1109 consecrato,
1819 1073 1897 1108 quod
1914 1072 1984 1110 ipse,
2003 1073 2057 1102 una
2071 1083 2138 1103 cum
2160 1074 2240 1103 dieto
2262 1074 2303 1104 E-

1247 1105 1392 1143 piscopatu
1422 1106 1594 1137 Menevensi
1616 1107 1783 1138 Rectoriam
1812 1110 1845 1139 ὃς
1870 1110 2025 1140 Ecclesiam
2052 1111 2247 1142 Parochialem
2268 1113 2305 1143 de

1250 1144 1387 1174 Ibstocke
1401 1144 1464 1174 alias
1487 1144 1620 1181 Ipstocke
1639 1147 1668 1176 in
1689 1146 1780 1177 Com.
1802 1147 1935 1179 Leicestr.
1957 1148 2060 1179 Dioec.
2085 1149 2170 1179 Line.
2195 1150 2305 1181 Curam

1251 1183 1422 1212 Animarum
1439 1183 1592 1213 habentem
1607 1194 1692 1221 quam
1710 1195 1786 1215 nunc
1802 1185 1885 1216 habet
1900 1189 1932 1217 ὃς
1956 1195 2048 1225 tenet>
2068 1198 2183 1217 necnon
2206 1188 2306 1219 Cano-

1253 1223 1383 1251 nicatum
1400 1221 1456 1250 five
1469 1220 1655 1259 praebendam
1670 1222 1804 1253 Ecclesiae
1820 1224 1925 1254 nostrae
1944 1224 2111 1263 Collegiatae
2134 1227 2206 1255 berti
2232 1227 2308 1258 Petri

1254 1259 1421 1303 NJVestmon.
1437 1268 1524 1302 quem
1543 1270 1619 1289 nunc
1635 1261 1717 1291 habet
1734 1261 1767 1291 δε
1784 1262 1919 1300 possidet,
1938 1273 2005 1293 cum
2021 1265 2071 1293 suis
2088 1264 2241 1301 respective
2256 1266 2308 1303 Ju-

1253 1298 1327 1327 ribus
1344 1297 1487 1327 Membris
1505 1299 1538 1328 &
1555 1297 1798 1329 Praehcminentiis
1811 1300 1965 1339 privilegiis
1985 1301 2131 1332 Domibus
2147 1302 2307 1333 Mannoni-

1253 1336 1305 1365 bus
1320 1335 1354 1366 ad
1369 1336 1481 1365 dietum
1498 1334 1711 1367 Canonicatum
1727 1338 1784 1367 live
1799 1337 1985 1369 praebendam
2000 1341 2198 1376 pertinentibus
2208 1364 2218 1378 ,
2236 1341 2309 1372 Pro-

1253 1373 1332 1403 ficuis
1354 1375 1438 1404 etiam
1457 1372 1689 1404 Comoditatibus
1712 1374 1918 1407 Emolumentis
1939 1377 2127 1416 Dividentiis,
2145 1380 2311 1416 quotidianis

1253 1411 1509 1442 Distributionibus
1524 1412 1726 1444 Excrescentiis
1743 1416 1774 1444 ὃς
1795 1414 1972 1444 pertinentiis
1988 1417 2215 1455 quibuscunque,
2233 1428 2266 1448 ac
2289 1419 2309 1448 fi

1253 1451 1373 1488 praesens
1393 1451 1422 1480 in
1445 1449 1548 1480 Choro
1570 1451 1653 1481 fuerit
1677 1453 1710 1482 &
1733 1452 1834 1483 divinis
1855 1454 1982 1489 quetidie
2003 1455 2161 1492 interesset,
2176 1457 2208 1487 &
2223 1459 2311 1487 etiam

1254 1497 1385 1525 ternpore
1401 1489 1542 1525 Computi
1559 1490 1614 1520 five
1633 1488 1773 1528 Auditus,
1790 1501 1904 1520 necnon
1921 1490 2055 1529 Capitulo
2071 1493 2192 1531 adeilet,
2211 1497 2312 1526 retine-

1256 1537 1284 1556 re
1299 1527 1353 1557 frui
1366 1527 1399 1556 &
1415 1527 1535 1563 gaudere
1549 1528 1583 1558 ὃ(
1597 1529 1625 1558 in
1638 1528 1702 1559 suos
1718 1530 1846 1566 proprios
1863 1529 1922 1559 usus
1936 1530 1968 1559 &
1988 1530 2133 1560 utilitatem
2147 1542 2314 1564 convertere

1255 1565 1289 1595 &
1310 1565 1448 1602 applicare
1472 1564 1554 1602 possit
1580 1567 1613 1596 ὃς
1640 1566 1748 1603 valeat,
1776 1569 1830 1596 una
1856 1578 1925 1597 cum
1953 1567 2121 1605 Episcopatu
2145 1569 2312 1601 Menevenfi

1256 1603 1394 1640 praedieto
1409 1603 1523 1633 durante
1537 1603 1602 1634 Vita
1615 1604 1660 1634 sua
1675 1605 1788 1634 naturali
1803 1606 1835 1635 ὃς
1852 1606 1987 1644 quamdiu
2001 1606 2079 1637 illum
2095 1607 2187 1637 eidem
2197 1607 2314 1646 Episco-

1256 1642 1332 1678 patui
1351 1640 1521 1671 Menevenfi
1537 1642 1653 1678 praeesse
1667 1644 1827 1680 contigerit.

1296 1678 1424 1709 Ulterius
1440 1680 1523 1708 etiam
1540 1679 1576 1709 de
1593 1680 1693 1710 Gratia
1712 1681 1807 1711 nostra
1821 1681 1929 1718 speciali
1945 1682 2023 1713 certa
2035 1683 2160 1714 Scientia
2179 1684 2212 1714 ὃς
2233 1694 2315 1715 mero

1259 1716 1349 1747 Motu
1364 1717 1485 1761 nostris,
1503 1718 1552 1754 &,
1572 1727 1607 1747 ex
1622 1718 1725 1748 nostrae
1742 1718 1891 1750 Potestatis
1907 1721 2009 1757 Regiae
2023 1721 2199 1758 plenitudine
2215 1725 2317 1763 pariter

1260 1756 1294 1786 &
1310 1755 1494 1793 praerogativa
1511 1755 1628 1793 nostris,
1644 1757 1833 1788 concessimus
1848 1760 1880 1790 δι
1897 1759 2040 1790 licentiam
2056 1759 2200 1800 dedimus,
2214 1772 2248 1792 ac
2265 1772 2318 1800 pro

1260 1793 1361 1824 Nobis
1380 1793 1550 1824 Haeredibus
1565 1795 1598 1824 ὃ(
1615 1795 1829 1827 Succefforibus
1842 1796 1943 1826 nostris
1959 1807 2008 1834 per
2023 1796 2193 1837 Praesentes,
2212 1809 2320 1831 conce-

1262 1833 1355 1862 dimus
1372 1833 1405 1863 &
1422 1833 1565 1863 licentiam
1579 1833 1677 1864 damus
1690 1835 1807 1871 praefato
1823 1834 1973 1865 Willielmo
1989 1836 2088 1866 Laude
2102 1837 2132 1867 in
2142 1836 2320 1875 Episcopum

1263 1870 1472 1901 Menevensem
1486 1880 1516 1901 ut
1533 1872 1682 1908 praefertur
1698 1873 1878 1911 consecrato,
1900 1874 1980 1910 quod
1996 1875 2067 1912 ipse,
2086 1876 2141 1904 una
2155 1885 2224 1907 cum
2239 1877 2321 1907 die'co

1261 1909 1431 1949 Episcopatu
1458 1909 1646 1948 Menevenfi,
1666 1910 1877 1942 Canonicatuni
1899 1913 1954 1942 five
1976 1913 2161 1943 Praebendam
2183 1912 2322 1945 Llambis-

1262 1955 1305 1979 ter
1315 1972 1324 1987 ,
1341 1957 1408 1979 cum
1425 1947 1543 1986 Capella
1557 1949 1682 1988 annexa,
1699 1951 1728 1979 in
1743 1950 1878 1989 Collegio
1892 1950 1991 1981 nostro
2006 1951 2061 1980 five
2076 1950 2200 1982 Ecclesia
2224 1952 2324 1983 Colle-

1264 1987 1339 2023 giata
1354 1987 1390 2018 de
1407 1987 1569 2035 Aberguilly
1584 1988 1619 2018 ab
1631 1991 1763 2026 antiquo,
1782 1998 1860 2019 nunc
1877 1991 1946 2019 vero
1959 1990 1987 2019 in
2004 1988 2134 2029 Collegio
2150 1989 2249 2021 nostro
2265 1991 2325 2023 five

1264 2025 1391 2056 Ecclesia
1408 2025 1564 2062 Collegiata
1580 2025 1687 2057 Christi
1705 2027 1740 2057 de
1755 2027 1925 2058 Brecknock
1946 2028 2106 2065 fundatam,
2121 2029 2199 2067 jam,
2219 2039 2323 2060 vacan-

1263 2074 1342 2101 tem,
1360 2066 1393 2095 &
1407 2064 1440 2094 ad
1455 2065 1524 2095 dieti
1539 2065 1672 2102 Episcopi
1690 2065 1870 2096 Menevenfis
1894 2066 2093 2097 Donationem
2115 2068 2159 2097 seu
2181 2067 2323 2099 Collatio-

1265 2113 1332 2134 nem
1355 2103 1546 2140 specstantem‚
1565 2105 1592 2132 in
1618 2102 1834 2134 Commendam
1856 2106 1980 2142 recipere
2003 2106 2059 2134 fine
2080 2105 2133 2135 ulla
2160 2104 2323 2137 Collatione

1266 2141 1448 2172 Institutione
1463 2140 1633 2173 Indu-{tione
1650 2141 1828 2173 Admiffione
1843 2143 1900 2173 sive
1928 2142 2131 2182 installatione,
2148 2144 2325 2182 eandemque

1266 2180 1452 2211 effectualiter
1473 2181 1505 2210 &
1529 2190 1645 2211 omnem
1665 2180 1740 2218 Juris
1759 2183 1792 2212 &
1814 2182 1893 2211 Facti
1908 2181 2045 2212 effeetum
2059 2183 2221 2213 retinere&
2238 2183 2325 2221 poffi-

1266 2219 1333 2249 dere
1350 2242 1359 2256 ,
1384 2219 1417 2249 δε
1440 2218 1560 2250 Fructus
1580 2219 1703 2255 ejusdem
1725 2218 1922 2250 Canonicatsis
1943 2220 1999 2250 five
2021 2220 2187 2251 Praebendae
2211 2222 2239 2250 in
2261 2222 2324 2252 suos

1267 2259 1394 2296 proprios
1406 2257 1466 2287 usus
1483 2258 1515 2287 &
1532 2258 1677 2288 utilitatem
1693 2267 1858 2288 convertere
1873 2259 1905 2288 ὃς
1923 2258 2062 2297 applicare
2076 2258 2158 2295 posfit
2172 2260 2206 2290 &
2228 2260 2328 2297 valeat,

1269 2306 1337 2326 cum
1358 2296 1494 2326 omnibus
1516 2296 1567 2325 suis
1586 2295 1702 2334 Juribus
1717 2295 1856 2326 Membris
1871 2295 2139 2327 Commoditatibus
2152 2296 2326 2328 Redditibus

1268 2333 1406 2364 Proficuis
1421 2336 1454 2365 δε
1473 2333 1681 2365 Emolumentis
1695 2335 1927 2372 quibuscunque,
1943 2335 2000 2364 una
2012 2345 2079 2364 cum
2097 2334 2221 2365 AEdibus
2240 2336 2327 2366 Man-

1269 2372 1392 2402 fionibus
1407 2374 1440 2403 ὅτ
1455 2374 1589 2402 omnibus
1607 2373 1774 2409 quotidianis
1798 2373 1969 2402 Dividcniiis
1992 2372 2083 2402 eidem
2106 2375 2326 2412 pertinentibus,

1269 2412 1299 2441 i'n
1313 2420 1370 2441 tam
1386 2411 1482 2448 amplis
1501 2411 1591 2441 modo
1607 2412 1640 2442 δι’,
1655 2411 1748 2440 forma
1763 2421 1795 2441 ac
1813 2411 1926 2441 Thomas
1942 2413 2044 2440 Harris
2065 2412 2179 2441 ultimus
2199 2411 2325 2443 Canoni-

1273 2460 1322 2479 cus
1338 2450 1394 2479 five
1413 2449 1621 2481 Praebendarius
1638 2450 1705 2479 diffi
1724 2449 1916 2480 Canonicatsis
1932 2449 1986 2478 five
2001 2449 2166 2479 praebendae
2180 2450 2216 2480 de
2232 2450 2329 2480 Llam-

1273 2487 1358 2518 bister-
1370 2488 1503 2525 praedieta
1518 2488 1614 2518 habuit
1631 2489 1720 2517 tenuit
1735 2488 1844 2524 gavisus
1860 2489 1899 2517 est
1915 2487 1960 2516 vel
1977 2487 2080 2516 habere
2098 2497 2188 2517 tenere
2208 2490 2330 2527 gaudere

1272 2528 1362 2563 potuit
1379 2535 1425 2555 aut
1439 2526 1554 2563 debuit,
1569 2534 1614 2556 aut
1632 2526 1726 2562 aliquis
1742 2526 1809 2556 alius
1827 2525 2068 2555 Praedecessorum
2092 2525 2206 2556 suoi-imi
2230 2528 2327 2558 habuit

1273 2566 1364 2594 tenuit
1379 2564 1421 2594 vel
1436 2564 1542 2602 gavisis
1557 2563 1616 2600 est,
1632 2565 1664 2594 ὃς
1681 2565 1709 2593 in
1725 2573 1780 2593 tam
1797 2564 1895 2600 amplis
1910 2564 1999 2592 niodo
2012 2565 2044 2594 δε
2062 2564 2152 2594 forma
2169 2574 2202 2594 ac
2219 2566 2237 2594 fi
2253 2566 2328 2596 idem

1272 2602 1430 2640 Episcopus
1443 2602 1565 2633 eundem
1582 2602 1792 2632 Caiioiiic.itum
1816 2602 1871 2632 sive
1896 2601 2083 2631 praebendam
2104 2602 2139 2631 de
2161 2602 2330 2633 Llambistec

1270 2642 1300 2670 in
1317 2641 1448 2671 Titulum
1464 2641 1605 2671 canonice
1624 2641 1769 2677 penideret
1785 2640 1919 2678 quamdiu
1936 2641 2081 2670 vixerit&
2099 2641 2192 2670 eidem
2210 2641 2329 2679 Episco-

1270 2681 1347 2717 patui
1365 2679 1530 2710 Meiievenli
1546 2679 1695 2715 praefuerit.

1307 2718 1435 2748 Ulterius
1454 2719 1537 2747 etiam
1556 2717 1590 2746 de
1608 2716 1707 2746 Gratia
1727 2715 1820 2746 nostra
1840 2716 2049 2755 speciali,certs1
2059 2715 2182 2747 Scientia
2199 2719 2232 2749 &
2247 2727 2329 2749 mero

1274 2756 1363 2786 Motu
1383 2755 1484 2786 nostris
1497 2778 1506 2793 ,
1533 2757 1565 2786 ὃς
1584 2764 1617 2784 ex
1634 2754 1737 2785 nostra:
1756 2754 1904 2785 Potestatis
1922 2754 2024 2793 Regiae
2040 2755 2213 2792 plenitudine
2232 2757 2331 2793 pariter

1272 2797 1305 2825 &
1325 2794 1518 2834 praerogativa
1534 2795 1651 2830 nostris,
1670 2803 1718 2830 per
1738 2792 1906 2831 Przesentes,
1932 2794 2117 2823 concedimus
2134 2794 2168 2824 &
2187 2794 2328 2825 licentiam

1270 2834 1370 2863 damus
1389 2834 1505 2870 praefato
1524 2831 1673 2861 lVillielmo
1694 2832 1790 2860 Lamia
1810 2833 1838 2861 in
1866 2831 2040 2870 Episcopum
2068 2831 2272 2863 Menevensem
2297 2840 2328 2863 ut

1271 2872 1418 2909 praefertur
1437 2873 1600 2901 consecrato
1616 2893 1625 2908 ,
1653 2870 1733 2907 quod
1754 2869 1811 2906 ipse
1830 2879 1918 2899 unum
1937 2869 2010 2899 aliud
2026 2871 2218 2907 quodcunque
2237 2870 2327 2903 Bene-

1271 2910 1369 2941 ficium
1386 2909 1612 2940 Ecclesiasticum
1632 2907 1773 2938 Curatum
1793 2908 1850 2937 five
1869 2918 1928 2937 non
1947 2907 2087 2937 Curatum
2105 2931 2113 2944 ,
2141 2909 2327 2946 compatibiIe

1272 2949 1329 2979 sive
1347 2959 1407 2978 non
1429 2948 1612 2985 compatibile
1630 2948 1819 2984 cujuscunque
1830 2946 1913 2976 fuerit
1930 2947 2028 2975 Annui
2044 2945 2151 2975 Valoris
2165 2955 2212 2977 aut
2226 2946 2326 2985 Taxae,

1269 2997 1304 3017 ac
1322 2987 1484 3025 ubicunque
1504 2987 1585 3015 luerit
1603 2985 1673 3015 infra
1688 2984 1873 3014 Provinciam
1893 2984 2122 3014 cantuariensem
2138 3007 2148 3020 ,
2173 2984 2253 3022 quod
2271 2987 2328 3015 im·
2370 2985 2380 2993 ⁰

1270 3025 1417 3062 posterum
1433 3049 1442 3062 ,
1469 3026 1573 3055 virtute
1600 3024 1680 3061 liujus
1700 3022 1803 3053 nostra:
1822 3022 2015 3052 Commendae
2038 3022 2251 3058 Dispensationis
2271 3024 2328 3054 five'

1273 3063 1473 3094 Conccss'ionis
1495 3063 1635 3092 obtinebit
1659 3063 1714 3091 fine
1742 3061 1906 3091 Collatione
1932 3061 2022 3098 aliqua
2043 3059 2224 3090 Institutione
2239 3060 2329 3091 Indu*

1271 3102 1369 3133 &ione
1392 3103 1438 3131 vel
1466 3100 1653 3131 Installatione
1672 3123 1681 3137 ,
1706 3100 1761 3129 una
1786 3109 1854 3129 cum
1878 3099 2044 3137 Episcopatu
2065 3099 2202 3135 praedieio
2221 3109 2254 3130 ac
2270 3108 2328 3129 cae·

1271 3142 1333 3171 teris
1349 3139 1499 3170 Przemislis
1516 3140 1650 3168 omnibus
1667 3140 1699 3169 &
1719 3138 1830 3177 singulis
1848 3146 1993 3175 acceptare
2004 3138 2126 3174 recipere
2139 3139 2258 3167 retinere
2271 3138 2326 3168 frui

1272 3181 1305 3211 &
1330 3179 1450 3216 gaudere
1465 3201 1474 3217 ,
1496 3188 1607 3208 necnon
1632 3177 1755 3214 ejusdem
1785 3175 1914 3206 Beneficii
1940 3175 2037 3205 Curati
2058 3176 2101 3204 vel
2121 3185 2179 3204 non
2199 3174 2298 3206 Curati
2314 3200 2325 3213 ,

1272 3218 1327 3247 five
1354 3217 1462 3248 alterius
1488 3215 1677 3254 cujuscunque
1703 3214 1834 3245 Beneficii
1859 3213 2047 3243 Eeclefiastici
2072 3212 2198 3249 praediffi
2222 3212 2324 3245 Curari

1272 3257 1316 3286 vel
1340 3265 1398 3286 non
1426 3254 1524 3285 Curati
1538 3279 1546 3291 ,
1572 3264 1620 3290 per
1638 3264 1703 3284 eum
1720 3277 1740 3291 ,i
1754 3254 1920 3282 authoritate
1940 3251 2120 3281 Praesentiutn
2136 3250 2323 3287 imposterum

1271 3294 1418 3324 obtinendi
1431 3318 1440 3331 ,
1467 3292 1674 3323 Poii'effionem
1700 3292 1811 3328 propria
1833 3291 1998 3320 authoritate
2016 3291 2098 3319 etiam
2115 3289 2325 3331 apprehendere

1269 3335 1370 3363 ‚intrare
1389 3334 1422 3363 &
1437 3333 1617 3368 continuare,
1633 3340 1665 3359 ac
1684 3329 1795 3359 insimul
1812 3338 1879 3358 cum
1896 3327 2059 3365 Episcopatu
2073 3326 2240 3357 Menevenii
2255 3338 2326 3365 prae-

1272 3372 1352 3402 dieto
1370 3372 1401 3402 &
1423 3372 1530 3401 caeteris
1549 3367 1698 3399 Praemiffis
1717 3367 1850 3397 omnibus
1869 3369 1899 3397 ὃ(
1920 3366 2031 3404 lingulis
2045 3365 2160 3396 durante
2186 3365 2254 3396 Vita
2276 3362 2324 3398 iiii

1270 3410 1388 3441 naturali
1410 3408 1542 3447 praedici&
1558 3430 1567 3445 ,
1592 3410 1627 3437 &
1653 3406 1786 3443 quamdiu
1813 3406 1891 3435 illum
1909 3405 2000 3434 cidem
2020 3402 2197 3446 Episcopatui
2218 3402 2325 3436 Mene-

1270 3449 1346 3479 venii
1367 3448 1481 3486 proeesse
1500 3446 1669 3482 contigerit,
1695 3446 1810 3474 retinere
1829 3445 1860 3473 δε
1881 3442 2016 3480 poffidere
2034 3464 2043 3478 ,
2067 3441 2238 3480 illorumque
2254 3452 2328 3473 om.»

1270 3489 1352 3517 nium
1372 3487 1404 3517 &
1423 3486 1612 3522 singulorum,
1631 3492 1687 3512 tani
1709 3492 1754 3519 pei·
1769 3490 1838 3511 euni
1853 3483 1911 3519 jam
1931 3488 1959 3510 ut
1979 3479 2121 3516 praefertur
2134 3481 2321 3513 obtentorum

1269 3526 1358 3562 quain
1383 3523 1570 3560 impostenlm
1594 3519 1815 3551 obtinendorum
1833 3542 1842 3556 ‚
1865 3522 1896 3550 &
1923 3527 2023 3547 eorum
2042 3518 2187 3555 cujussibet
2204 3519 2323 3550 Fructus

1269 3563 1408 3594 Redditus
1424 3562 1580 3591 Provenrus
1599 3558 1846 3588 Praeheminentias
1864 3555 1992 3586 proficua
2011 3555 2163 3589 Privileqia
2173 3556 2321 3588 Commo-

1269 3603 1366 3632 ditates
1385 3601 1403 3620 *ἓ
1425 3599 1628 3630 Emolumenta
1655 3596 1830 3625 Dividenrias
1843 3617 1851 3631 ,
1880 3595 2051 3636 quotidianas
2075 3593 2296 3627 Distributiones
2311 3618 2321 3634 ,
2337 3605 2354 3623 ι
2370 3605 2470 3632 xyst

1268 3639 1463 3671 Excrescentici
1482 3638 1514 3666 δε
1534 3635 1703 3665 Pertinenria
1722 3633 1871 3670 praedici-a,
1889 3633 1993 3662 etiamn
2011 3633 2043 3661 in
2061 3641 2108 3662 aut
2124 3633 2202 3670 super
2216 3634 2319 3665 eisdem
2340 3645 2402 3681 36⁶·

1268 3679 1405 3709 Retftoria
1421 3675 1457 3706 de
1476 3673 1608 3704 Ibstocke
1625 3674 1688 3703 alias
1708 3671 1841 3709 lpstocke
1856 3692 1865 3707 ,
1890 3669 2069 3700 Canonicatu
2088 3671 2145 3701 five
2166 3671 2320 3704 praebenda

1269 3720 1298 3747 in
1324 3714 1447 3746 Ecclesia
1473 3713 1625 3749 Collegiata
1645 3709 1810 3741 westmon.
1838 3708 2016 3738 Canonicatu
2035 3708 2092 3739 five
2108 3708 2267 3741 Praebenda
2283 3712 2322 3742 de

1272 3754 1442 3785 Llambistcr
1463 3761 1508 3782 aut
1530 3751 1585 3780 alio
1604 3747 1747 3779 Beneficio
1773 3746 1971 3776 Ecclesiastico
1989 3746 2099 3777 Curato
2116 3749 2160 3777 vel
2179 3758 2239 3779 non
2259 3748 2322 3779 Cu-

1269 3803 1331 3825 rato
1347 3792 1467 3822 omnino
1487 3788 1663 3826 personaliter
1681 3796 1741 3816 non
1759 3785 1901 3821 resederit,
1919 3794 1964 3814 aut
1978 3784 2078 3814 divinis
2097 3786 2126 3814 in
2143 3786 2247 3817 eisdem
2263 3797 2326 3825 per-

1272 3832 1401 3863 sonaliter
1418 3829 1542 3859 omnino
1562 3836 1620 3855 non
1638 3825 1792 3855 interfuerit
1808 3846 1817 3860 ,
1842 3824 1954 3860 perinde
1971 3832 2004 3852 ac
2019 3823 2041 3852 fi
2057 3824 2156 3853 eadem
2175 3826 2272 3855 omnia
2290 3828 2324 3856 &

1272 3870 1375 3907 fingula
1393 3866 1526 3906 praedidla
1545 3866 1573 3894 in
1591 3864 1723 3893 Tituluni
1742 3862 1881 3894 canonice
1899 3863 2059 3899 obtineret,
2082 3871 2114 3891 ac
2141 3863 2170 3892 in
2190 3865 2222 3894 δε
2246 3865 2325 3901 supet

1272 3910 1378 3940 eisdem
1399 3906 1537 3936 ‘omnibus
1561 3903 1594 3932 &
1612 3901 1722 3940 singulis
1741 3901 1879 3937 praedietis
1895 3899 2070 3937 personaliter
2089 3901 2214 3932 relideret
2232 3912 2265 3932 ac
2283 3904 2325 3931 di-

1274 3948 1346 3978 vinis
1360 3947 1388 3975 in
1402 3944 1504 3973 eisdem
1513 3941 1691 3980 personaliter
1711 3938 1849 3969 interesset
1865 3939 1894 3967 in
1909 3938 1970 3968 suos
1984 3939 2016 3969 ὃ(
2033 3936 2218 3970 Ecclefiarum
2233 3939 2326 3978 respe-

1275 3986 1353 4022 fflve
1370 3981 1570 4022 praediQarum
1588 3978 1653 4010 'usus
1674 3979 1709 4011 &
1731 3976 1895 4016 utilitatem²
1920 3974 2036 4013 durante
2058 3976 2127 4010 Viti
2141 3979 2191 4010 ‘sua
2208 3979 2326 4008 naturali

1745 4014 1839 4054 Gga
2253 4024 2331 4053 prz-
