2557 4279
52 1595 179 1623 ⁸XVII.

77 1643 143 1672 552.

53 1876 133 1907 Anu.
142 1876 187 1907 D.

83 1915 167 1953 1624.

54 1958 97 1980 Rei
113 1955 178 1981 Parl.

56 1992 141 2030 ziJac
156 2003 181 2022 1.

603 111 1260 161 CONVENTIO

193 143 207 168 1
218 142 273 180 04

192 216 229 253 by
244 213 343 244 Name
364 210 446 249 John
462 208 660 251 Throkmorton
681 205 818 242 Esquior,
841 204 871 233 in

194 251 348 291 pretended
369 259 399 278 to
414 247 481 277 hold
498 247 546 276 the
558 245 612 276 said
630 243 807 281 Posseffion,
827 250 858 272 to

169 308 175 315 ·
194 291 282 322 selves
296 299 325 319 to
340 297 396 323 you
409 296 442 315 or
458 295 510 322 any
521 286 556 315 of
566 293 637 324 you:
651 281 707 312 and
723 282 754 311 in
767 280 830 311 case
839 280 904 319 they
920 289 954 309 or
969 289 1024 319 any
1040 279 1076 309 of
1087 278 1168 308 them
1183 275 1252 306 than

195 329 261 360 faile
273 324 387 363 negie&
401 334 434 353 οι·
449 324 528 360 delay
543 332 573 352 to
589 321 664 359 doe,
677 321 744 350 then
757 329 821 350 wee
835 319 891 349 doe
907 317 966 348 will
986 317 1041 348 and
1056 317 1164 354 require
1197 324 1254 357 ou,

196 369 256 398 thar
272 375 328 405 you
347 367 393 393 ule
407 362 460 391 and
478 370 537 398 putt
555 362 584 390 in
605 359 765 390 Execution
779 357 814 388 all
829 356 897 387 such
913 356 1017 387 Power
1040 354 1096 386 and
1118 353 1177 384 Aut
1200 362 1256 382 ori-

195 407 236 436 tie
252 414 279 433 as
294 401 495 440 apperteyneth
512 408 543 429 to
561 408 616 438 any
638 397 674 428 of
692 407 765 437 your
781 395 893 427 severall
910 394 1022 425 Offices
1043 403 1078 423 or
1092 392 1206 436 Places,
1223 400 1257 421 or

194 443 262 474 hath
286 442 357 471 bene
375 437 549 470 committed
570 446 641 467 unto
659 446 718 477 you
736 436 775 474 by
796 443 848 465 our
870 433 980 464 severall
1002 430 1211 461 Commrffions
1228 428 1264 458 of

194 480 350 518 Shrievalty
370 476 572 508 Lievtenancie
588 474 643 505 and
660 475 696 504 of
705 475 754 505 the
768 474 876 511 Peace,
891 482 923 501 or
938 481 972 500 an
993 472 1039 513 ,or
1052 470 1132 499 them
1151 479 1178 499 as
1194 477 1259 506 may

194 518 255 550 best
275 518 409 548 conduce
424 515 480 546 and
503 514 611 545 further
629 513 678 544 the
701 511 872 550 repreffinge
895 510 945 539 the
963 480 1019 538 did
1035 507 1190 552 Offences,
1206 505 1260 536 and

193 557 340 595 attaching
354 554 409 585 and
423 553 635 592 apprehending
649 553 698 582 the
713 550 768 581 said
784 548 983 579 malefactors:
1001 545 1056 576 and
1071 556 1101 575 m
1117 546 1179 589 case
1194 545 1261 583 they

195 596 256 627 will
272 604 323 625 not
337 593 455 625 submitt
469 592 523 622 and
538 591 613 631 yield
628 590 812 625 themselves,
830 587 897 616 then
912 595 974 615 wee
997 583 1038 614 do
1054 583 1192 615 authorise
1206 582 1263 626 aud

194 632 352 665 command
367 642 425 672 you
439 641 473 661 or
488 640 543 670 any
558 630 595 660 of
606 639 683 668 you,
700 636 732 658 to
747 625 849 657 breake
866 623 921 654 and
940 624 1020 653 beate
1037 622 1126 653 down
1143 623 1192 653 the
1207 620 1263 651 said

194 671 293 704 House
307 671 376 702 with
385 670 469 701 Shott
480 679 513 699 or
521 668 604 698 other
613 667 749 702 Batterie,
768 675 802 694 or
814 671 893 693 enter
907 662 955 692 the
974 661 1048 691 same
1061 662 1099 702 by
1113 671 1168 701 any
1180 659 1263 703 other

197 721 293 742 means
307 710 499 745 whatsoever,
516 707 570 737 and
596 706 666 738 with
687 705 776 734 Force
792 701 846 732 and
865 701 968 731 Armes
983 699 1031 730 sett
1057 709 1155 744 uppon
1170 698 1265 729 affaile

196 750 252 780 and
267 749 330 780 take
353 748 388 778 all
409 747 477 777 such
493 745 613 776 Persons
630 754 657 774 as
673 752 730 782 you
750 740 816 771 shall
832 739 910 769 there
924 737 1000 769 finde
1016 739 1152 774 makeing
1172 736 1263 767 Resis-

196 796 300 826 tance,
314 786 370 818 and
384 787 462 817 them
477 793 590 822 convey
605 792 636 813 to
651 782 699 812 the
716 788 859 810 common
874 777 970 808 Goale
984 787 1012 807 as
1026 776 1158 807 aforesaid
1168 776 1263 814 ,there

196 834 230 857 to
245 835 380 867 remayne
397 824 521 857 without
537 821 621 862 Bayle
640 830 671 850 or
688 818 862 859 Maynprize
883 816 924 847 till
939 826 992 846 our
1007 815 1114 846 further
1135 814 1263 846 Pleasure

197 866 235 895 be
346 874 374 894 n.

236 866 363 935 Aliarilmxiie
377 902 418 932 do
433 900 538 938 hereby
552 897 696 938 straightly
709 896 812 935 charge
827 893 882 925 and
898 892 1056 924 command
1079 892 1114 923 all
1137 892 1192 923 and
1210 891 1264 922 sin—

196 943 280 982 guler
300 953 352 972 our
369 940 494 971 Officers
515 936 661 967 Ministers
681 934 735 966 and
758 933 889 971 Subjeets
910 933 1102 975 whatsoever,
1119 931 1180 962 that
1196 930 1263 971 they

196 983 234 1012 be
248 982 342 1019 aiding
356 979 410 1009 and
428 977 554 1013 assisting
570 984 640 1006 unto
653 984 710 1013 you
724 972 779 1004 and
793 973 885 1003 everie
900 972 936 1001 of
946 980 1005 1011 you
1029 981 1058 1000 m
1084 971 1133 1001 the
1150 969 1263 1000 Execu-

196 1022 259 1051 tion
283 1020 319 1049 of
339 1019 385 1048 the
401 1015 565 1050 Premisscs,
583 1014 636 1044 and
656 1014 691 1043 be
713 1011 794 1047 ready
811 1010 866 1040 and
883 1009 1028 1040 attendant
1041 1019 1120 1047 upon
1135 1018 1190 1047 you
1208 1008 1264 1038 and

195 1067 284 1096 every
298 1057 334 1087 of
345 1066 400 1096 you
417 1056 462 1085 for
471 1055 518 1083 the
531 1054 639 1087 doeing
657 1050 711 1081 and
727 1050 904 1087 performing
916 1058 969 1078 our
983 1047 1264 1078 Commandements

195 1098 226 1126 in
243 1096 302 1126 that
316 1094 444 1129 behalfe,
461 1103 489 1122 as
504 1092 569 1129 they
588 1090 645 1121 will
666 1088 790 1120 answere
805 1088 853 1119 the
868 1095 1004 1126 contrary
1023 1095 1050 1116 at
1066 1086 1137 1116 their
1152 1085 1263 1116 Perills:

195 1135 251 1165 and
268 1134 322 1164 this
342 1143 396 1162 our
411 1130 628 1165 Commission,
647 1138 682 1157 or
699 1127 746 1157 the
772 1126 941 1156 lnrollment
955 1124 1072 1154 thereos
1076 1147 1087 1163 ,
1108 1124 1176 1155 shall
1196 1125 1232 1156 be
1247 1134 1263 1155 a

196 1173 337 1205 sufficient
353 1170 487 1200 Warrant
501 1177 533 1199 to
550 1178 607 1208 you
622 1167 678 1198 and
693 1166 772 1197 them
788 1166 817 1196 in
833 1165 893 1196 that
909 1163 1027 1194 behalfe.

232 1251 266 1283 In
285 1252 385 1284 witnes
393 1274 402 1290 ,
421 1248 481 1287 (ἐκ.

201 1369 224 1400 F
235 1329 354 1398 XbVitnes
369 1339 424 1360 our
445 1327 497 1359 self
505 1335 532 1359 at
548 1324 743 1366 Wstminster,
759 1324 808 1356 the
830 1323 908 1355 three
930 1322 986 1355 and
1000 1323 1133 1354 twentith
1153 1319 1219 1362 Day
1233 1323 1271 1353 of

225 1379 240 1399 c
264 1379 350 1408 ruary.

950 1443 1004 1471 Per
1019 1438 1102 1480 ipsum
1117 1442 1228 1478 Regum.

200 1581 223 1608 '⁶‘
251 1584 375 1616 Rotulus
393 1582 589 1615 Przrliamcnti
613 1581 687 1611 tenti
709 1576 793 1623 apud
815 1575 1102 1621 Westmomzsterium
1123 1581 1184 1611 Die
1200 1576 1266 1623 Jo-

249 1636 297 1665 vis
326 1631 437 1664 decimo
463 1641 533 1661 nono
567 1630 626 1661 Die
650 1625 813 1659 Februarii
842 1628 932 1658 Anno
966 1630 1064 1673 Regni
1088 1625 1267 1670 Scremffi'mi

247 1683 374 1713 Domini
398 1677 486 1721 nostri
507 1675 645 1722 Jacobi,
676 1678 731 1707 Dei
762 1677 895 1714 Gratia,
933 1676 1045 1721 Angliae
1068 1678 1200 1709 Francia
1227 1679 1264 1713 (ῤ’

247 1728 394 1762 Hibernis
415 1730 501 1773 Regis
526 1724 615 1760 Fidei
642 1725 823 1770 Dcfenfiris,
846 1726 912 1761 &a
933 1725 1068 1767 viccfimo
1085 1728 1200 1771 primo,
1226 1727 1263 1763 cj-

248 1782 348 1812 Scotiae
379 1775 617 1822 quinquagcfimo
634 1776 771 1819 septimo.

200 1875 260 1930 'Nil
274 1873 297 1903 E
308 1881 364 1903 Mo
375 1882 398 1903 R
410 1881 427 1902 Α
441 1879 462 1901 u
474 1879 494 1900 D
504 1878 526 1914 u
539 1877 563 1899 M
595 1867 676 1915 quod
695 1867 776 1910 cum·
790 1865 986 1910 Sereniffimus
1004 1864 1152 1897 Dominus
1170 1865 1268 1897 noster

276 1915 351 1949 Rex,
379 1921 427 1950 per
447 1910 542 1940 Brevia
559 1907 605 1938 sua
624 1909 866 1937 bummomtionis
883 1905 946 1936 data
967 1905 1042 1944 apud
1063 1904 1266 1946 Westmonaste-

199 1955 270 1982 rium
290 1951 417 1990 tricefimo
439 1951 492 1978 Die
513 1947 680 1983 Decembrix,
708 1945 797 1975 Anno
815 1943 971 1988 Regni'sui
1000 1943 1112 1987 Angliae
1135 1943 1264 1975 Franciae

200 1991 231 2021 ὃς
248 1989 396 2019 Hiberniae
413 1987 551 2030 vicesimo
566 1986 680 2026 prii-110,
703 1985 737 2016 &
756 1983 863 2013 Scotrae
879 1986 1112 2021 quinquagelimo
1125 1982 1265 2022 septimo,

183 2029 422 2059 ·Parliatne:ituni
447 2026 525 2055 suum
545 2023 743 2054 inchoandum
761 2021 833 2058 apud
858 2021 1120 2065 nest-monasterium
1143 2022 1267 2059 praedic-

201 2077 258 2098 tam
268 2091 276 2105 ,
298 2066 327 2096 D
339 2076 348 2097 1
361 2076 377 2096 E
394 2066 408 2104 J
423 2076 442 2095 o
454 2076 469 2095 v
481 2074 491 2094 ῐ
501 2075 513 2093 s
528 2062 677 2092 duodecimo
692 2064 746 2090 Die
761 2060 905 2090 Februarii
916 2069 985 2091 tunc
1002 2069 1135 2098 proximo
1148 2060 1267 2098 sequen-

200 2115 246 2145 te,
264 2106 453 2141 ordinaverit,
478 2105 559 2139 Regia
570 2101 625 2140 Jiea
643 2097 796 2141 Majestas,
815 2098 856 2128 ob
875 2108 992 2136 magnas
1010 2099 1044 2130 &
1064 2099 1268 2138 urgentiffimas

202 2145 304 2174 Causas
325 2145 358 2175 δε
381 2141 647 2177 Comidcrationes,
672 2148 706 2169 ex
731 2139 906 2168 aviiamento
927 2137 1033 2168 Privati
1053 2137 1093 2168 sui
1115 2136 1243 2169 Concilii
1255 2161 1266 2177 ,

202 2183 423 2214 parliamentum
438 2179 606 2218 praedictum
626 2177 710 2215 usque
724 2177 754 2206 in
769 2176 800 2206 D
810 2185 820 2205 1
832 2185 849 2205 E
862 2184 888 2206 M
906 2176 964 2207 Lu
977 2185 997 2207 Ν
1009 2185 1041 2206 AE
1057 2176 1186 2206 deci'rnum
1196 2176 1264 2215 fix-

201 2229 260 2251 tum
280 2225 359 2252 Diem
385 2220 524 2249 Februarii
550 2217 676 2254 praedicti
702 2215 775 2253 apud
805 2213 1081 2254 lVestmonasterium,
1106 2224 1157 2251 per
1177 2214 1266 2246 Breve

201 2261 279 2290 suum
298 2270 409 2297 parens,
432 2257 525 2294 Regia
548 2256 641 2286 Manu
662 2254 874 2291 contiguarum,
896 2251 1064 2293 Magnoque
1083 2253 1184 2293 Sigillo
1202 2254 1263 2285 An-

199 2300 264 2339 gliae
281 2299 444 2337 sigillatum,
461 2294 672 2333 prorogandum
687 2295 720 2324 δε
731 2291 955 2330 adjournandum
972 2293 1122 2323 ordinavit.

241 2334 442 2376 Qiamobrem
461 2334 587 2364 Domini
606 2332 766 2369 Spirituales
787 2331 820 2361 &
840 2330 1046 2370 Temporales,
1067 2331 1265 2362 parliamenta-

202 2377 278 2406 ribus
293 2376 345 2405 suis
360 2375 450 2404 Robis
468 2372 555 2402 induti
565 2395 574 2409 ,
591 2371 671 2401 dioto
685 2370 833 2399 duodecimo
848 2372 903 2398 Die
920 2369 1076 2407 Februarii,
1096 2371 1124 2399 in
1139 2369 1266 2402 Camers

204 2414 413 2444 Parliamentari
431 2411 504 2450 apud
518 2408 827 2451 VVestmonasterium,
847 2417 1063 2451 convenerunt,
1081 2409 1114 2439 ὅ(
1125 2407 1267 2440 Militibus

203 2452 386 2482 Comitatum
409 2451 531 2480 Civibus
550 2450 583 2480 &
608 2447 797 2484 Burgeniibus
816 2446 924 2476 ibidem
946 2448 1130 2485 convocatis,
1156 2446 1266 2478 Hono-

203 2490 380 2521 randissirnus
397 2490 429 2520 ὃ(
450 2486 636 2517 Reverendus
658 2487 687 2515 in
708 2484 827 2514 Christo
841 2485 942 2524 Pater,
958 2485 1105 2523 Johannes
1124 2485 1266 2526 Episcopus

203 2526 398 2568 Lincolnicufis
417 2527 570 2557 Dominus
586 2523 694 2554 Custos
711 2523 818 2559 Magni
834 2522 923 2561 Sigilli
945 2524 1084 2563 Anglice,
1095 2524 1265 2561 praedietum

202 2567 292 2598 Breve
308 2566 435 2597 Domini
452 2565 540 2602 Regis
555 2562 676 2593 Clerico
693 2561 873 2591 Parliamenti
888 2560 1031 2600 liberavit,
1057 2562 1168 2600 legique
1184 2573 1265 2594 man-

202 2606 295 2644 davit,
315 2605 404 2642 Cujus
423 2603 539 2642 quidem
553 2602 657 2632 Tenor
673 2600 791 2639 sequitur
804 2600 833 2629 in
848 2599 912 2630 haec
929 2600 1032 2639 verba,

238 2683 255 2721 J
269 2693 314 2713 Ac
325 2691 440 2718 ontrS,
465 2679 523 2710 Dei
543 2677 643 2709 Gratia
653 2700 662 2715 ,
682 2676 795 2715 Angliae
815 2679 908 2706 Scotiae
923 2678 1047 2706 Franciae
1063 2673 1102 2711 ὠ
1121 2678 1265 2709 Hiberniae

203 2725 265 2753 Rex
280 2722 359 2751 Fidei
383 2718 522 2750 Defensor
539 2718 599 2748 &o
616 2716 784 2754 praedilectis
805 2717 838 2747 &
857 2715 880 2745 F
883 2716 1000 2745 idelibus
1016 2715 1116 2746 nostris
1139 2716 1265 2747 Praelatis

203 2760 387 2799 magnatibus
403 2760 435 2790 ¹&
451 2756 620 2788 Proceribus
643 2755 736 2793 Regni
751 2754 839 2785 nostri
856 2754 987 2792 Angliae,
1005 2765 1039 2784 ac
1057 2754 1168 2785 dilectis
1183 2755 1215 2786 ὃς
1233 2755 1266 2785 fi-

202 2799 314 2829 delibus
329 2797 430 2828 nostris
451 2795 593 2825 Militibus
609 2792 730 2823 Civibus
752 2794 784 2824 &
802 2792 988 2828 Burgenlibus
1002 2793 1074 2823 dieti
1096 2793 1194 2830 Regni
1212 2804 1265 2824 no-

202 2837 268 2876 stri,
291 2837 325 2868 ad
341 2835 566 2868 Parliamentum
587 2831 715 2862 nostrum
738 2831 811 2868 apud
831 2830 990 2862 Civitatem
1011 2831 1138 2862 nostram
1156 2832 1266 2871 Westm.

203 2877 353 2906 duodecimo
376 2877 430 2904 Die
454 2872 579 2912 instantis
601 2870 701 2909 Menfis
722 2870 883 2907 Februarii,
904 2869 1099 2900 inchoandum
1117 2870 1150 2901 &
1168 2879 1266 2902 tenen-

202 2915 272 2945 dum
284 2938 292 2952 ,
308 2913 474 2945 convocatis
490 2913 523 2943 &
540 2910 636 2940 cleeris
646 2932 654 2947 ,
667 2910 700 2940 &
715 2908 843 2938 vestrum
860 2908 998 2947 cuilibet,
1011 2908 1146 2939 Salutem.

240 2952 320 2984 Cum
336 2952 422 2989 Nos,
436 2960 488 2986 pro
502 2947 666 2988 quibusdam
682 2946 771 2977 arduis
786 2948 818 2978 ὅ(
836 2947 999 2989 urgentibus
1014 2947 1172 2985 Negotiis,
1197 2947 1266 2979 Nos

201 2991 315 3023 Statum
333 2992 365 3022 δε
382 2988 590 3020 Defensionem
611 2986 682 3016 dieti
706 2985 801 3024 Regni
822 2986 909 3015 nostri
934 2985 1049 3023 Angliae
1071 2996 1105 3016 ac
1128 2985 1265 3018 Ecclefiae

203 3031 374 3067 Anglicanae
397 3026 652 3063 concernentibus,
673 3024 785 3054 dfflum
815 3023 1034 3055 Parliamentum
1056 3023 1203 3063 nostrum,
1229 3026 1264 3057 ad

202 3069 314 3105 Diem,
329 3068 363 3098 &
381 3067 496 3096 Locum
511 3063 681 3101 praedic-Qum
698 3063 787 3093 teneri
799 3063 1033 3100 ordinaverimus,
1049 3073 1083 3093 ac
1099 3064 1198 3101 vobis,
1215 3074 1264 3103 per

201 3107 329 3144 separalia
345 3105 442 3135 Brevia
457 3102 567 3138 nostra,
581 3101 656 3139 apud
671 3100 826 3131 Civitatem
839 3101 872 3130 &
892 3100 979 3131 Diem
994 3100 1158 3140 praedifitas,
1180 3103 1266 3133 inter-

202 3145 259 3177 esse
275 3143 516 3179 mandaverimus,
536 3141 569 3171 ad
588 3139 766 3170 tractandum
782 3139 1016 3170 consentiendum
1037 3140 1070 3170 ὅτ
1086 3141 1263 3172 concluden-

203 3185 274 3215 dum
289 3184 367 3221 super
384 3182 437 3211 hiis
462 3190 524 3218 quae
547 3180 575 3208 in
591 3178 672 3208 dic'to
691 3177 880 3208 Parliamento
899 3177 998 3208 nostro
1013 3187 1082 3208 tunc
1096 3179 1129 3209 &
1152 3179 1263 3210 ibidem

202 3230 433 3262 proponerentur
448 3220 480 3250 δε
495 3218 690 3248 tractarentur:
710 3215 890 3253 Quibusdam
907 3225 1003 3246 tamen
1022 3218 1107 3246 certis
1121 3216 1158 3248 de
1174 3218 1263 3248 caufis

203 3264 237 3294 ἃ
259 3258 528 3292 considerationibus
541 3256 610 3286 Nos
632 3255 666 3285 ad
688 3255 804 3296 praesens
824 3254 841 3282 s
853 3255 978 3284 ecialiter
999 3256 1196 3294 moventibus,
1219 3257 1264 3286 di-

205 3301 288 3331 etum
306 3299 527 3330 Parliamentum
541 3294 671 3325 nostrum
682 3316 691 3330 ,
711 3296 798 3330 uique
839 3296 947 3321 ecimum
954 3291 1069 3331 sextum
1085 3296 1166 3323 Diem
1185 3294 1264 3333 hujus

205 3338 334 3377 instantis
351 3335 454 3375 Menfis
470 3334 631 3370 Februarii,
649 3332 779 3362 duximus
794 3330 1023 3368 prorogandum,
1046 3333 1083 3362 ita
1109 3333 1189 3369 quod
1209 3343 1264 3364 nec

208 3387 279 3413 vos,
295 3386 347 3406 nec
361 3375 466 3412 aliquio
476 3371 604 3402 vestrum
614 3394 622 3407 ,
638 3370 673 3401 ad
694 3370 804 3400 dictum
819 3369 996 3398 duodecimum
1011 3371 1092 3399 Diem
1106 3370 1264 3410 Februarii,

206 3418 279 3452 apud
296 3414 450 3444 Civitatem
472 3410 657 3449 praedictam,
677 3417 844 3446 comparere
864 3408 1016 3438 teneamini
1034 3407 1079 3438 seu
1094 3409 1264 3447 ardiemini,

203 3453 347 3484 Volumus
367 3454 444 3483 enim
465 3459 517 3480 vos
536 3450 569 3478 δί
593 3448 750 3485 quemlibet
772 3446 898 3476 vestrum
922 3446 988 3476 inde
1007 3454 1070 3484 erga
1085 3456 1137 3476 nos
1153 3449 1265 3484 penitus

204 3493 367 3523 exonerari:
385 3488 569 3524 MandanteS,
589 3488 621 3516 ἃ
637 3495 735 3516 tenore
750 3485 934 3515 Praescntium
950 3484 1066 3515 firmiter
1085 3485 1262 3524 injungendo

205 3532 402 3576 praecipientes
416 3529 498 3558 vobis
508 3527 541 3556 ἃ
556 3526 673 3555 cuilibet
688 3522 832 3561 vestrum,
846 3533 879 3553 ac
893 3524 1029 3553 omnibus
1046 3523 1102 3552 aliis
1118 3525 1220 3561 quibus
1234 3525 1263 3554 in

207 3577 260 3598 nac
275 3578 349 3605 parte
365 3567 506 3603 interr-rit,
520 3564 600 3604 quod
618 3563 651 3592 ad
668 3562 780 3593 dietum
797 3562 924 3591 decimum
933 3561 1046 3601 finctum
1054 3563 1263 3592 DiemFebrua-

208 3610 261 3643 rii,
281 3607 352 3642 apud
369 3606 534 3642 presciret-am
554 3602 711 3632 Civitatem
733 3600 856 3629 XVestm.
878 3600 1055 3637 personaliter
1076 3602 1262 3637 compareatis

206 3646 239 3675 &
254 3644 394 3679 interlitis,
408 3644 439 3673 &
455 3642 571 3681 quilibet
586 3639 713 3670 vestrum
729 3648 889 3676 compares-t
902 3639 935 3669 &
950 3638 1072 3676 interfit,
1091 3637 1125 3668 ad
1139 3639 1260 3669 tradian-

206 3683 275 3713 dum
294 3682 451 3711 faciendum
467 3679 610 3716 agendum
629 3679 660 3708 r&
676 3676 907 3707 concludendum
923 3676 1002 3714 super
1017 3676 1072 3706 hiis
1088 3686 1151 3714 quae
1171 3678 1202 3707 in
1217 3677 1260 3707 di-

205 3722 253 3750 eto
269 3720 452 3750 parliamento
468 3718 565 3748 nostro
575 3740 584 3755 ,
602 3717 637 3746 de
655 3715 810 3746 communi
830 3714 959 3745 Consilio
970 3714 1042 3745 dieti
1057 3714 1157 3752 Regni
1172 3715 1261 3746 nostri

207 3761 339 3797 (favente
357 3757 441 3795 Deo)
457 3757 631 3795 contigerint
644 3754 776 3784 ordinari.

241 3834 329 3864 Teste
350 3832 456 3869 meipso
469 3832 540 3871 apud
558 3829 834 3870 PVestmonasterium,
853 3829 1010 3860 undecimo
1025 3829 1083 3859 Die
1099 3828 1259 3870 Februarii,

208 3872 297 3902 Anno
316 3873 411 3907 Regni
427 3870 514 3900 nostri
526 3870 634 3908 Angliae
650 3869 779 3899 Franciae
790 3867 983 3899 &Hiberniae
999 3868 1137 3898 vicesimo
1150 3870 1259 3909 primo,

206 3912 239 3942 ἃς
258 3910 363 3940 Scotiae
378 3909 606 3947 quinquagelimo
622 3908 754 3945 septimo,

240 3985 349 4026 Qubus
365 3984 436 4013 Ιςέῗις
446 4007 454 4021 ,
471 3984 557 4014 dicius
572 3984 720 4014 Dominus
733 3981 837 4012 Custos
853 3982 961 4018 Magni
976 3982 1068 4022 Sigilli
1081 3982 1257 4014 Parliamen-

200 4033 258 4057 tum
269 4024 427 4064 praedit‘ium
442 4024 517 4061 usque
532 4027 559 4054 iu
574 4024 674 4054 dic‘lum
690 4021 721 4052 D
733 4030 745 4053 1
756 4030 773 4053 Ε
783 4029 811 4054 Μ,
830 4021 857 4054 L
868 4030 888 4053 U
902 4030 925 4053 N
936 4030 968 4056 (Ε
988 4022 1135 4054 decimum
1148 4021 1256 4056 sextum

1299 108 1500 157 NES,
1573 104 2002 155 LITERAE‚

892 201 992 233 whose
1008 201 1108 232 Name
1128 199 1177 230 the
1196 197 1251 229 rest
1290 195 1329 231 όν
1345 197 1522 226 nomme‘ment
1541 194 1560 224 ὰ
1575 194 1647 233 Jean
1666 193 1892 223 Throkmorton
1907 192 2040 230 Ecuyer,
2061 204 2098 224 au
2125 202 2186 234 nom
2209 193 2311 236 daquel
2328 191 2369 223 les
2393 182 2520 233 Ann.D;

879 240 981 271 render
997 241 1052 271 and
1067 238 1140 278 yield
1157 237 1252 268 them-
1292 243 1385 264 autres
1394 234 1558 272 prr-tendent
1573 236 1646 262 tenir
1659 231 1745 261 ladite
1755 231 1906 271 poffeffion,
1919 231 1953 261 de
1966 231 1995 261 la
2011 230 2156 265 rendre&
2178 233 2210 262 de
2224 235 2254 264 la
2270 239 2371 263 remet-
2419 226 2506 266 1624.

1295 281 1339 303 tre
1354 273 1373 301 ἃ
1386 283 1454 301 vous
1467 283 1500 301 ou
1518 270 1536 301 ἃ
1549 269 1694 311 quelqu’un
1718 271 1750 300 de
1764 280 1851 300 vous:
1873 272 1917 300 Et
1937 281 1974 299 au
1989 280 2034 298 cas
2051 270 2149 312 qu'eux
2173 281 2206 299 ou
2247 272 2372 312 uelqu’un
2391 265 2522 305 21Jam,

1297 312 1378 341 d'eux
1401 316 1548 349 manquent
1558 332 1567 347 ,
1593 307 1726 346 negligent
1755 318 1788 338 ou
1812 309 1956 338 retardent
1979 307 1998 336 ἃ
2025 307 2049 337 le
2069 309 2144 348 faire
2157 330 2168 347 ,
2199 320 2217 338 a
2229 321 2272 340 ors
2302 320 2367 341 nous

1298 348 1412 379 voulons
1428 346 1466 382 ῤ’
1491 358 1561 378 vous
1575 357 1734 387 requerons,
1751 358 1802 386 que
1822 357 1889 376 vous
1908 345 2049 385 emploiiez
2070 347 2108 383 &⁴
2127 350 2240 378 mettiez
2257 360 2290 378 en
2306 351 2369 378 exes—

1300 391 1390 418 cution
1408 394 1467 416 tout
1481 386 1505 416 le
1536 391 1633 416 ouvoir
1646 383 1684 419 (ly
1701 384 1867 415 l‘authorite‘
1878 388 1924 425 qui
1945 389 2103 424 appartient
2119 386 2138 414 ὰ
2155 393 2215 416 tous
2227 398 2278 417 vos
2293 387 2321 416 di
2358 399 2372 411 ·*-

1305 437 1367 456 rens
1375 425 1478 465 Offices
1493 394 1535 461 d
1538 424 1645 461 Places,
1659 434 1692 452 ou
1710 427 1757 463 qui
1769 434 1836 453 vous
1851 434 1869 451 a
1884 425 1932 453 e‘te'
1949 427 2055 452 commis
2065 432 2121 463 par
2131 423 2263 464 plusteurs
2278 426 2309 455 de
2325 436 2373 455 nos

1304 464 1480 504 Commtffi'ons
1496 472 1565 502 pour
1577 463 1606 492 la
1622 467 1644 492 C
1644 462 1726 499 lsarge
1738 461 1770 490 de
1785 459 1896 500 Sherif,
1917 461 1949 490 de
1963 463 2135 493 Lieutenant
2150 461 2188 497 ό·
2205 465 2238 494 de
2251 463 2328 502 Juge
2341 464 2374 493 de

1306 505 1396 540 Paix,
1410 514 1441 532 ou
1460 510 1529 541 pour
1548 501 1705 543 quelqu’une
1718 499 1827 538 d'elles,
1848 499 1886 534 &
1900 503 1946 539 qui
1958 507 2058 541 pourra
2078 501 2103 531 le
2119 504 2208 531 mieux
2223 502 2375 533 contribuer

1306 543 1325 569 ὰ
1339 544 1468 579 re‘primer
1484 540 1577 581 lesdits
1590 544 1701 577 crimes,
1716 536 1755 573 &
1771 538 1789 568 ἃ
1806 535 1960 572 arreter&
1975 539 2054 577 larfir
2069 538 2163 578 les'dits
2171 540 2374 578 Malfaiteurs:

1306 579 1345 614 &⁶
1362 591 1419 610 aux
1433 590 1476 611 cas
1492 578 1538 619 qu'
1539 579 1572 609 ils
1588 590 1621 609 ne
1637 576 1772 608 veuillent
1790 585 1841 616 pas
1849 576 1890 645 lst-
1900 577 2050 616 Joumettre
2064 578 2103 612 ὠ·
2118 577 2152 616 se
2171 580 2267 609 rendre
2278 602 2288 618 ,
2308 590 2376 610 nous

1307 629 1376 648 vous
1392 618 1563 656 authorifiins
1574 616 1613 651 ὠ·
1631 616 1818 646 commandens
1830 626 1848 644 a
1860 626 1919 653 ors,
1933 626 2001 645 vous
2016 626 2049 645 ou
2087 617 2213 656 uelqu’un
2237 618 2269 647 de
2289 628 2376 657 vous,

1307 657 1340 686 de
1351 655 1450 696 dreſjer
1464 664 1554 686 contre
1567 655 1654 686 ladite
1667 655 1769 695 maison
1783 654 1829 683 des
1840 653 1973 684 batteries
1980 663 2050 693 pour
2084 654 2215 685 abhattre
2223 655 2261 692 &
2277 655 2306 685 la
2315 667 2377 687 ren-

1308 695 1401 734 verser
1411 719 1420 734 ,
1441 706 1473 725 ou
1489 696 1521 725 de
1536 694 1565 724 Ia
1602 694 1701 724 rendre
1717 693 1834 732 d'affaut
1855 703 1888 722 ou
1908 694 1942 723 de
1955 692 2067 734 quelque
2085 702 2167 724 autre
2192 699 2313 725 maniere
2325 705 2377 736 que

1308 745 1337 763 ce
1343 731 1464 772 soit,&
1477 734 1510 764 de
1518 704 1603 774 sarsi}
1614 739 1703 762 toutes
1717 731 1755 761 les
1763 729 1909 770 Perfimnes
1924 742 1973 771 que
1988 743 2058 762 vous
2065 744 2087 772 y
2103 740 2253 763 trouverez
2259 731 2377 771 faisant

1306 772 1446 814 refistance
1455 794 1467 812 ,-
1487 771 1526 808 &
1539 773 1572 802 de
1585 771 1621 802 les
1640 771 1763 801 conduire
1779 769 1798 800 a
1818 769 1847 799 la
1858 770 1949 809 prison
1965 770 2119 809 ordinaire,
2138 782 2236 802 comme
2250 772 2275 802 il
2285 771 2322 812 est
2335 772 2380 802 dit

1307 811 1444 851 ci-deffl5‚
1459 820 1527 850 pour
1544 821 1565 851 y
1582 809 1663 850 nster
1669 810 1737 849 Jans
1760 807 1818 838 &tre
1834 808 1931 846 6larg1's
1946 809 2010 847 sous
2026 813 2146 849 cantion,
2163 810 2272 852 jusqu’a‘
2287 821 2314 841 ce
2327 821 2378 851 que

1306 861 1373 881 nous
1387 854 1463 880 aions
1473 849 1537 890 fait
1549 854 1685 879 connoitre
1699 855 1778 879 notre
1796 847 1957 887 bon-plaifir
1970 846 2110 880 ulterieur.

1344 891 1388 919 Et
1402 891 1467 920 no'us
1483 888 1626 925 chargeons
1640 886 1678 922 ὠ·
1695 887 1882 917 commandens
1896 885 2088 926 expreffe‘ment
2098 895 2153 925 par
2172 887 2202 918 la
2218 886 2346 926 Prefinte
2359 887 2380 918 ἃ

1308 934 1368 958 tous
1383 925 1422 962 ὠ·
1437 927 1456 957 ἃ
1476 927 1577 957 chacun
1596 926 1629 956 de
1651 937 1697 957 nos
1717 924 1861 966 Officiers,
1878 925 2021 965 Ministres
2034 925 2072 961 ὠ·
2087 928 2194 966 Sujets,
2208 928 2282 966 quek
2315 927 2377 957 u'ils

1300 967 1409 1006 soient,
1424 966 1503 1006 qu’ils
1516 976 1584 996 vous
1601 965 1696 995 uident
1708 962 1747 1000 ῥ’
1764 963 1881 1002 affislent
1895 963 1934 999 &
1955 963 2058 994 chacun
2072 965 2105 994 de
2119 976 2188 995 vous
2201 967 2271 995 dans
2304 967 2378 996 'exe‘-

1308 1010 1398 1036 cution
1412 1004 1516 1045 requisi1
1531 1005 1576 1035 des
1590 1002 1676 1043 choses
1682 1003 1927 1043 fics'mentionne'es,
1946 1001 1984 1038 &⁶
1994 1002 2084 1042 soient
2093 1003 2172 1042 preti·
2187 1003 2206 1034 ἃ
2223 1014 2290 1034 vous
2303 1004 2377 1035 oblir

1365 1045 1385 1071 ἰι
1401 1043 1501 1073 chacun
1515 1042 1548 1072 de
1561 1053 1647 1080 vous,
1652 1051 1719 1080 pour
1739 1042 1812 1080 faire
1828 1038 1866 1075 &⁶
1882 1043 2006 1071 executer
2026 1049 2105 1071 notre
2117 1044 2343 1073 commandement
2359 1044 2379 1074 ax

1307 1090 1348 1113 cet
1368 1082 1467 1120 egard,
1490 1080 1570 1119 faute
1592 1081 1625 1111 de
1645 1084 1706 1120 quoi
1723 1081 1758 1110 ils
1772 1080 1936 1117 re‘pondront
1955 1081 1990 1110 du
2009 1083 2143 1110 contraire
2157 1081 2175 1110 ἃ
2193 1081 2264 1112 leurs
2275 1082 2376 1120 perils:

1309 1118 1348 1156 ό
1364 1129 1432 1151 cette
1447 1118 1612 1160 Commiffion
1625 1129 1657 1148 ou
1666 1121 1720 1157 Jon
1742 1116 1956 1157 enregistrement
1964 1117 2110 1158 servirent
2124 1119 2143 1150 ὰ
2157 1129 2225 1150 vous
2236 1120 2275 1155 &³
2288 1120 2307 1153 a*
2321 1132 2376 1152 eux

1309 1161 1417 1190 d'ordre
1435 1157 1576 1199 ficffisant
1595 1157 1614 1188 a*
1629 1164 1668 1187 cet
1689 1157 1784 1196 e‘gard.

1349 1238 1397 1267 En
1410 1235 1450 1275 foi
1460 1259 1470 1274 ,
1486 1235 1546 1267 &c⁴

1347 1315 1470 1359 Temoins
1487 1311 1660 1343 nous-memes
1679 1311 1698 1343 ἃ
1717 1312 1944 1352 Westminster,
1964 1311 1990 1343 Ie
2015 1312 2257 1353 vingt-troifieme
2281 1315 2313 1346 de
2329 1315 2381 1345 Fe<-

1312 1363 1398 1383 'Urleru

2011 1429 2067 1462 Per
2087 1429 2179 1468 ipsum
2197 1429 2321 1470 Regem.

1310 1577 1403 1608 Diem
1420 1578 1581 1617 Februarii,
1598 1578 1668 1609 hard
1678 1576 1770 1617 primii
1786 1581 1818 1608 in
1832 1577 2040 1616 Pomeridiano,
2051 1577 2253 1616 prorogandum
2271 1577 2320 1617 effl’
2336 1577 2376 1614 &-

1309 1617 1528 1655 adjournandum
1549 1617 1712 1648 declaravit.

1345 1694 1365 1713 *
1386 1693 1536 1732 Di&0que
1549 1694 1600 1724 D1
1613 1703 1632 1724 n
1653 1694 1708 1724 Lu
1718 1703 1741 1724 N
1754 1703 1785 1724 ,τε
1802 1693 1908 1724 eodem
1923 1692 2043 1724 decimo
2058 1690 2135 1725 sexto
2144 1693 2204 1726 Die
2212 1694 2374 1735 Februarii,

1310 1731 1436 1763 Domini
1450 1733 1581 1770 praediCti
1597 1732 1759 1770 Spirituales
1774 1733 1806 1763 &
1819 1732 2023 1769 TemporaleS,
2042 1743 2076 1763 ac
2091 1734 2178 1764 etiam
2193 1733 2376 1765 Communi-

1310 1779 1350 1801 tas
1369 1771 1486 1809 Regni,
1508 1772 1538 1801 in
1560 1771 1685 1801 Camera
1709 1770 1923 1801 Parliamentari
1948 1770 2086 1809 praedidhi
2102 1782 2319 1812 convenerunt,
2335 1773 2376 1806 Et

1309 1810 1461 1848 praedie'tus
1476 1808 1749 1840 Honorandisfimus
1763 1819 1797 1839 ac
1815 1808 2002 1840 Reverendus
2016 1809 2046 1838 in
2061 1808 2180 1839 Christo
2197 1810 2297 1849 Pater,
2315 1811 2375 1850 Jo-

1310 1849 1415 1879 hannes
1430 1846 1572 1887 Epifiopus
1586 1847 1782 1887 Lincolm‘enfis
1798 1847 1944 1877 Dominus
1960 1845 2066 1878 Custos
2081 1847 2186 1878 Maeni
2208 1848 2300 1888 Sigilli
2315 1851 2378 1882 An-

1311 1888 1392 1927 gliae,
1407 1888 1481 1931 aliud
1496 1886 1585 1919 Breve
1605 1887 1694 1926 Regis
1716 1887 1836 1924 Patens,
1857 1884 1952 1922 Regia
1966 1885 2058 1930 Manu
2079 1872 2297 1928 conlignatum,
2310 1887 2378 1921 Ma.

1310 1936 1430 1965 gnoque
1447 1925 1546 1965 Sigillo
1570 1925 1682 1964 Angliae
1703 1925 1872 1963 sigillatum,
1894 1924 2012 1956 Clerico
2028 1924 2213 1958 Parliamenti
2227 1926 2359 1961 liberavit
2366 1945 2379 1968 ,-

1310 1965 1424 2004 legique
1439 1964 1603 2004 mandavit,
1624 1965 1702 2003 cujus
1720 1964 1821 1995 Tenor
1838 1964 1898 1995 talis
1913 1962 1971 2003 est,
1992 1963 2141 2003 videlicet,

1344 2043 1391 2082 JA
1401 2053 1443 2074 co
1452 2052 1471 2074 Β
1480 2052 1504 2074 U
1514 2052 1527 2074 ς
1536 2066 1545 2081 ,
1569 2042 1627 2073 Dei
1645 2041 1764 2080 Gratia,
1784 2040 1901 2078 Angliae
1920 2043 2019 2071 Scotiae
2041 2044 2167 2073 Franciae
2181 2041 2220 2078 ῤ’
2235 2043 2380 2076 Hibernia

1309 2085 1371 2112 Rex
1385 2082 1465 2113 Fidei
1481 2082 1642 2119 Defensor,
1663 2083 1725 2114 &c.
1743 2080 1910 2118 praedilectis
1925 2081 1959 2111 &
1975 2080 1998 2109 F
2000 2079 2119 2114 idelibus
2134 2081 2236 2113 nostris
2254 2082 2380 2115 Praelatis

1309 2120 1494 2159 Magnatibus
1512 2122 1546 2152 ὃ(
1562 2120 1731 2151 Proceribus
1748 2119 1841 2157 Regni
1856 2118 1949 2150 nostri
1966 2117 2100 2160 Angliae,
2120 2130 2154 2152 ac
2168 2120 2279 2152 dilectis
2293 2121 2327 2152 &
2343 2121 2378 2152 fi-

1307 2160 1416 2191 delibus
1432 2159 1534 2190 nostris
1553 2158 1698 2190 Militibus
1713 2157 1836 2189 Civibus
1850 2159 1884 2190 8(
1905 2157 2092 2195 Burgeniibus
2114 2159 2184 2190 dit‘fti
2199 2159 2301 2197 Regni
2320 2171 2375 2191 no-

1308 2198 1373 2238 stri,
1393 2199 1428 2229 ad
1451 2198 1675 2229 Parliamentum
1698 2197 1827 2227 nostrum
1846 2196 1920 2234 apud
1942 2195 2098 2228 Civitatem
2122 2197 2249 2228 nostram
2266 2197 2375 2237 Westm.

1307 2237 1365 2268 hoc
1384 2236 1504 2268 instante
1516 2237 1615 2266 decimo
1633 2236 1715 2275 sexto
1731 2239 1785 2265 Die
1803 2235 1945 2265 Februarii
1964 2235 2137 2275 tenendum,
2156 2238 2323 2268 convocatis
2342 2239 2377 2270 δε

1308 2276 1424 2315 electis,
1439 2277 1473 2308 &
1489 2274 1617 2306 vestrum
1633 2276 1768 2312 cuilibet,
1782 2274 1918 2305 Salutem.

1345 2314 1428 2345 Cum
1443 2314 1530 2352 Nos,
1549 2323 1604 2352 pro
1619 2313 1788 2352 quibusdam
1803 2313 1894 2344 arduis
1907 2313 1940 2344 δε
1958 2313 2121 2351 urgentibus
2134 2311 2184 2345 Ne
2206 2315 2270 2345 otiis
2281 2333 2291 2353 ,
2305 2314 2376 2346 Nos

1309 2353 1421 2385 Statum
1436 2354 1470 2385 &
1487 2353 1696 2384 Defensmnem
1711 2352 1806 2420 Reffini
1819 2351 1905 2382 nostri
1916 2352 2028 2391 Angliae
2039 2362 2073 2383 ac
2089 2352 2179 2384 Eccle
2190 2363 2226 2384 1ae
2240 2354 2377 2393 Anglica-

1308 2403 1354 2423 nae
1368 2392 1625 2430 concernentibus,
1639 2392 1750 2422 dictum
1785 2391 1984 2421 arliamentum
2000 2390 2130 2422 nostrum
2139 2414 2150 2430 ,
2159 2392 2375 2422 duodecimo'Die

1306 2431 1438 2471 instantis
1453 2430 1573 2472 Menfis,
1586 2430 1661 2468 apud
1676 2429 1836 2460 Civitatem
1852 2429 2018 2467 praedictam
2031 2431 2118 2460 teneri
2134 2431 2375 2470 ordinaverimus,

1307 2481 1342 2501 ac
1361 2471 1458 2508 vobis,
1478 2479 1527 2507 per
1544 2469 1672 2506 separalia
1694 2468 1792 2499 Brevia
1814 2467 1926 2505 nostra,
1948 2468 2020 2508 apud
2041 2467 2202 2500 Civitatem
2225 2469 2259 2500 &
2280 2469 2371 2499 Diem

1307 2509 1470 2548 praedic'taS,
1485 2507 1615 2538 interesse
1631 2507 1873 2545 mandaverimus,
1890 2507 1923 2537 ad
1939 2506 2120 2537 traCtandum
2133 2507 2368 2538 consentiendum

1308 2549 1342 2578 ὅ(
1357 2545 1594 2578 concludendum
1606 2546 1686 2584 super
1701 2546 1754 2576 hiis
1769 2555 1834 2584 quae
1849 2547 1878 2575 in
1892 2545 1972 2576 dic‘to
1988 2545 2176 2576 Parliamento
2190 2544 2287 2576 nostro
2301 2553 2372 2577 tunc

1307 2587 1341 2617 ὃ(
1355 2586 1462 2616 ibidem
1478 2593 1706 2623 proponerentur
1722 2586 1756 2616 ὃς
1768 2584 1968 2623 metarentur,

1346 2624 1484 2663 Cumque
1499 2623 1585 2661 Nos,
1607 2633 1656 2661 per
1670 2623 1760 2654 Breve
1774 2622 1905 2653 nostrum
1914 2644 1924 2660 ,
1946 2623 2028 2653 certis
2042 2621 2078 2652 de
2091 2621 2179 2653 caufis
2194 2622 2227 2653 δε
2241 2622 2370 2654 confide-

1307 2664 1459 2694 rationibus
1474 2672 1526 2692 nos
1540 2662 1575 2693 ad
1594 2663 1653 2693 hoc
1674 2661 1828 2699 specialiter
1849 2661 2052 2699 moventibus,
2065 2660 2176 2692 dictum
2196 2660 2370 2692 Parliamen-

1308 2711 1371 2732 tum
1391 2701 1542 2738 nostrum,
1561 2701 1598 2731 ab
1611 2700 1717 2731 eodem
1735 2700 1884 2728 duodecimo
1899 2701 1953 2728 Die
1973 2699 2041 2728 dicii
2054 2699 2182 2738 instantis
2204 2699 2306 2739 Mensis
2319 2703 2371 2730 Fc-

1306 2740 1411 2770 bruarii
1424 2763 1434 2778 ,
1454 2740 1538 2776 usque
1560 2739 1638 2768 hunc
1657 2738 1808 2768 instantem
1833 2738 1961 2766 decimum
1974 2737 2088 2776 sextum
2110 2741 2192 2768 Diem
2211 2738 2369 2778 Februarii,

1307 2779 1471 2809 duxerimus
1484 2777 1713 2816 prorogandum,
1731 2778 1768 2807 ita
1787 2775 1867 2816 quud
1884 2785 1938 2807 nec
1955 2786 2024 2815 vos,
2043 2785 2099 2807 nec
2115 2775 2239 2806 vestrum
2253 2777 2370 2817 aliquis,

1308 2817 1342 2848 ad
1363 2817 1476 2848 dictum
1494 2815 1673 2846 duodecimum
1690 2818 1771 2844 Diem
1797 2813 1955 2853 Februarii,
1979 2814 2051 2852 apud
2079 2814 2188 2845 dictam
2209 2814 2370 2847 Civitatem

1308 2865 1476 2893 comparere
1490 2855 1646 2886 teneamini
1659 2853 1703 2884 seu
1717 2853 1883 2884 arCtemini:
1898 2853 2034 2884 Volentes
2042 2863 2094 2884 vos
2104 2854 2138 2884 &
2154 2853 2311 2891 quemlibet
2318 2865 2370 2885 ve-·

1309 2895 1400 2925 strum
1410 2894 1474 2924 inde
1487 2901 1554 2932 erga
1566 2903 1618 2923 nos
1629 2893 1742 2931 penitus
1749 2892 1893 2922 exonerari
1904 2901 1910 2921 :
1922 2891 1961 2922 Et
1978 2901 2027 2930 per
2041 2891 2119 2922 idern
2129 2891 2219 2922 Breve
2232 2891 2367 2923 nostrum

1307 2934 1391 2963 vobis
1399 2934 1432 2964 &
1445 2933 1564 2964 cuilibet
1577 2931 1706 2962 vestrum
1718 2931 1752 2961 ad
1768 2930 1847 2961 hunc
1861 2929 2013 2961 instantem
2025 2930 2154 2960 decimum
2161 2929 2276 2970 sextum
2286 2934 2368 2962 Diem

1308 2972 1462 3010 Februarii,
1476 2971 1550 3009 apud
1566 2969 1723 3001 Civitatem
1737 2969 1904 3008 praedictam
1915 2991 1924 3006 ,
1940 2978 2104 3007 comparere
2121 2969 2154 3000 δε
2169 2970 2297 3000 interesse
2313 2980 2368 3001 nu-

1306 3012 1417 3050 perime
1442 3010 1688 3047 mandaverimus,
1719 3009 1754 3039 ad
1784 3007 1964 3039 tractandum
1986 3007 2151 3038 faciendum
2170 3008 2312 3048 agendum
2332 3009 2366 3040 δε

1305 3048 1541 3080 concludendum
1558 3048 1637 3088 super
1656 3048 1709 3077 hiis
1725 3056 1789 3085 quae
1806 3048 1836 3076 in
1851 3047 1932 3077 dicto
1951 3046 2138 3077 parliamento
2160 3046 2260 3077 nostro
2273 3048 2371 3078 conti*

1306 3088 1408 3128 gissent
1430 3088 1571 3118 ordinari:
1599 3085 1780 3124 Quibusdam
1797 3093 1892 3115 tamen
1907 3087 1990 3115 certis
2004 3085 2163 3124 urgentibus
2180 3084 2217 3115 de
2230 3086 2319 3117 caufiS
2333 3086 2367 3117 &

1305 3126 1591 3162 cunfiderarionibus,
1616 3124 1685 3155 Nos
1705 3124 1740 3154 ad
1766 3124 1824 3154 hoc
1850 3123 2005 3161 specialiter
2031 3124 2230 3161 moventibus,
2255 3124 2368 3155 diCtum

1305 3165 1527 3196 Parliamentum
1544 3162 1693 3200 nostrum,
1710 3163 1747 3192 ab
1762 3162 1822 3192 hoc
1840 3161 1954 3192 instanti
1973 3162 2160 3201 decimosexto
2174 3165 2228 3192 Die
2246 3163 2371 3193 Februa-

1306 3208 1341 3234 rii
1356 3203 1441 3243 usque
1454 3202 1488 3233 ad
1504 3202 1632 3231 decimum
1651 3211 1753 3232 nonum
1771 3203 1852 3230 Diem
1861 3201 2004 3239 praefentis
2023 3200 2127 3240 Mensis
2144 3200 2305 3241 Februarii,
2322 3201 2366 3232 ul-

1307 3244 1390 3273 terius
1404 3242 1536 3272 duximus
1551 3239 1785 3279 prorogandum,
1810 3240 1849 3269 ita
1867 3239 1947 3278 quod
1963 3249 2017 3270 nec
2032 3249 2100 3278 vos,
2122 3248 2176 3269 nec
2195 3239 2292 3278 aliquis
2313 3249 2364 3271 ve-

1306 3280 1416 3318 strum,
1431 3280 1465 3310 ad
1479 3279 1559 3310 hunc
1581 3277 1732 3309 instantem
1752 3277 1879 3307 decimum
1898 3277 2009 3316 sixtum
2023 3280 2104 3307 Diem
2123 3277 2265 3308 Februarii
2287 3277 2361 3315 apud

1307 3318 1465 3349 Civitatem
1481 3318 1650 3356 praedictam
1671 3325 1839 3355 comparere
1857 3317 2010 3346 teneamini
2030 3316 2077 3346 seu
2089 3317 2257 3347 arctemini:
2273 3316 2362 3347 Volu-

1306 3367 1370 3387 mus
1382 3357 1460 3386 enim
1476 3366 1530 3387 vos
1544 3357 1578 3388 &
1595 3354 1751 3394 quemlibet
1765 3353 1894 3385 vestrum
1915 3355 1981 3386 inde
2000 3364 2067 3392 erga
2088 3354 2158 3385 Nos
2170 3354 2280 3392 penitus
2291 3362 2360 3384 exo-

1305 3396 1411 3426 nerari:
1430 3394 1608 3433 mandantes,
1621 3392 1954 3424 &tenorePraesentium
1969 3392 2089 3424 firmiter
2102 3393 2280 3431 injungendo
2287 3401 2360 3430 prae-

1303 3435 1441 3472 cipientes
1459 3433 1542 3463 vobis
1559 3434 1593 3463 ὃς
1610 3432 1726 3464 cuilibet
1744 3430 1890 3470 vestrum,
1917 3441 1951 3462 ac
1969 3432 2106 3462 omnibus
2128 3431 2186 3461 aliis
2211 3430 2311 3468 quibus
2327 3431 2360 3461 in

1303 3474 1357 3503 hac
1373 3480 1452 3511 parte
1465 3472 1608 3508 intererit,
1624 3470 1704 3508 quod
1723 3469 1757 3500 ad
1774 3470 1889 3500 dictum
1905 3470 2031 3499 decimum
2048 3481 2145 3499 nonum
2153 3468 2359 3499 DiemFebrua-

1303 3515 1354 3549 rii,
1372 3510 1447 3549 apud
1466 3508 1623 3540 Civitatem
1640 3507 1765 3538 Westm.
1788 3508 1956 3547 praedictam
1976 3508 2155 3546 personaliter
2172 3509 2361 3543 compareatis

1303 3552 1336 3580 &
1350 3548 1495 3586 intersitis,
1510 3548 1544 3578 &
1558 3545 1688 3578 vestrum
1703 3547 1821 3585 quilibet
1833 3555 1995 3586 compareat
2008 3547 2041 3578 &
2055 3546 2176 3583 intersit3
2192 3544 2226 3574 ad
2237 3544 2359 3576 traetan-

1302 3589 1371 3618 dum
1389 3586 1552 3617 faciendum
1567 3585 1708 3625 agendum
1724 3587 1757 3617 &
1773 3585 2008 3616 concludendum
2028 3585 2108 3622 super
2119 3584 2171 3612 hiis
2185 3591 2249 3619 quae
2265 3583 2293 3613 in
2311 3584 2356 3614 di-

1302 3627 1353 3658 &o
1367 3625 1557 3656 Parliarnento
1571 3624 1686 3663 nostro,
1705 3624 1742 3654 de
1755 3625 1909 3654 communi
1924 3623 2054 3654 Confilio
2071 3621 2141 3652 dieti
2158 3619 2256 3657 Regni
2268 3621 2358 3658 nostri

1303 3666 1434 3704 (favente
1449 3663 1603 3700 Domino)
1620 3663 1791 3701 contigerint
1803 3662 1939 3693 ordinari.

1337 3740 1428 3772 Teste
1447 3739 1554 3777 meipso
1572 3739 1648 3778 apud
1664 3737 1922 3778 Wstmonasterium
1939 3738 2056 3769 decimo
2069 3734 2144 3766 sexto
2159 3734 2217 3767 Die
2234 3735 2359 3768 Februa-

1299 3782 1349 3818 rii,
1369 3780 1457 3811 Anno
1480 3778 1579 3817 Regni
1597 3777 1687 3808 nostri
1709 3777 1823 3816 Angliae
1846 3778 1974 3808 Franciae
1995 3777 2028 3807 &
2044 3773 2195 3805 Hiberniae
2218 3775 2358 3807 vicesimo

1299 3821 1412 3859 primo,
1429 3818 1462 3848 &
1481 3816 1587 3847 Scotiae
1603 3816 1842 3856 quinquagelimo
1859 3816 1990 3854 septimo.

1336 3904 1446 3946 ‘Quibus
1471 3903 1562 3942 leeris,
1579 3904 1726 3943 predictus
1746 3902 1892 3933 Dominus
1913 3900 2020 3931 Custos
2042 3900 2144 3939 Magni
2163 3901 2252 3941 sigini
2266 3901 2360 3932 decla«
2376 3895 2381 3900 ’

1300 3949 1381 3974 ravit
1389 3943 1551 3981 praediclum
1567 3942 1784 3972 Parliamentum
1798 3939 1999 3981 prorogandum
2017 3937 2055 3981 &j
2068 3940 2291 3978 adjournandum
2305 3939 2355 3980 effi

1300 3984 1380 4023 usque
1395 3993 1424 4011 m
1442 3980 1533 4011 Diem
1543 3981 1626 4018 Jovis
1645 3981 1792 4012 decimum
1806 3988 1917 4011 nonum
1934 3976 2022 4010 Diem
2044 3978 2205 4019 Februarii,
2223 3979 2293 4011 horti
2307 3979 2358 4019 J}-

1301 4020 1388 4054 cunda
1401 4024 1431 4054 in
1449 4019 1646 4051 Pomeridiano.

2291 4053 2360 4087 Du:

2397 1695 2415 1714 2
2426 1691 2526 1725 xvn.

2431 1742 2498 1771 553-
