2557 4279
742 160 851 202 ET
931 161 1192 203 ACTA
1276 160 1745 208 PUBLICA.

45 1115 118 1146 Ann.
133 1113 164 1145 D

64 1154 148 1184 1620.

42 1198 99 1222 ΡΜ.
114 1193 155 1220 ι8.

42 1232 171 1269 J.1.p.3.

43 1279 64 1299 a.
86 1278 127 1304 ¹7·

29 2073 154 2101 ²ll‘XVll.

30 2121 93 2149 ²3¹·

28 3171 101 3203 Ann.
116 3171 160 3203 D.

50 3213 132 3241 1620.

28 3253 84 3277 Par.
109 3250 149 3277 18.

29 3287 116 3325 J.1.p.
129 3298 153 3325 3.

29 3326 92 3363 dors.

31 3401 47 3417 ⁸
61 3403 154 3432 XVII.

32 3447 92 3475 ²32·

223 360 290 391 And
303 358 381 396 lastly
394 368 447 389 our
462 358 537 390 Will
548 358 603 389 and
619 359 744 390 Pleasure
761 361 866 399 is‚that
882 360 936 390 this
952 370 1005 390 our
1020 359 1133 391 Present
1144 358 1238 390 Com-

185 398 298 429 miffion
312 397 380 428 shall
394 398 530 428 continue
545 399 574 428 in
589 397 669 428 force
679 421 688 435 ‚
706 397 761 428 and
774 409 819 430 we
834 399 873 428 do
886 399 993 438 hereby
1007 399 1154 429 authorize
1168 408 1239 438 you,

185 447 219 468 or
233 446 286 474 any
300 435 366 465 such
382 434 472 466 fower
486 445 520 465 or
537 446 617 466 more
631 436 668 466 of
677 445 737 476 you
757 445 785 465 as
804 439 826 466 is
849 437 996 474 aforesaid,
1014 445 1044 466 to
1064 436 1186 474 proceed
1209 437 1238 466 in

185 476 234 506 the
246 474 406 504 Execution
421 473 549 511 thereos,
565 474 619 504 and
642 475 675 504 os
695 475 730 504 all
750 473 803 503 and
824 484 908 513 every
932 483 1030 504 matter
1054 475 1110 504 and
1139 475 1236 513 thinge

183 513 290 543 therein
306 512 484 551 conteyned‚
503 513 578 543 from
593 520 670 552 tyme
685 522 716 543 to
732 520 811 550 tyme
837 513 892 542 and
911 522 938 542 as
959 513 1038 542 often
1058 522 1085 541 as
1110 522 1185 551 you,
1203 522 1238 542 or

184 559 237 588 any
253 549 322 580 such
336 550 427 581 fower
441 561 475 580 or
493 560 572 580 more
586 551 624 580 of
644 560 718 590 you,
737 549 803 580 shall
825 550 908 580 think
928 550 1132 587 conveniente,
1151 551 1234 581 albeit

184 589 234 656 tlciie
247 588 319 618 lame
334 587 530 619 Commiffion
544 590 581 619 be
598 598 648 619 not
664 588 740 619 from
754 597 832 627 tyme
855 596 886 618 to
911 596 989 626 tyme
1013 589 1174 627 conteyned
1197 589 1235 628 by

186 636 201 657 a
217 636 390 665 jornement.

218 702 252 733 In
272 703 370 735 witnes
389 702 532 739 wheoeof,
550 699 610 736 &a

221 778 335 811 Witnes
347 788 399 810 our
410 777 475 808 ielfe
492 785 520 809 at
538 777 735 817 Wstminster,
748 778 800 808 the
816 787 854 808 22
874 777 939 817 Day
953 778 990 808 of
995 777 1083 816 juna

663 894 716 922 Per
729 894 820 922 Breve
835 891 866 921 de
883 894 1002 921 Privato
1015 890 1115 929 sigillo.

338 1026 387 1057 De
411 1023 512 1070 Officio
537 1023 717 1068 Purfivandi
740 1024 923 1059 Cancellariae
943 1022 1069 1069 conceſjb.

168 1108 304 1166 ‚REX
323 1108 485 1148 Omnibus,
501 1109 534 1139 ad
550 1119 639 1148 quos,
657 1110 720 1140 &a
737 1109 870 1140 Salutem.

282 1148 378 1178 Sciatis
396 1149 476 1185 quod
494 1148 579 1185 Nos,
594 1148 630 1178 de
644 1148 775 1179 fidelitate
790 1149 823 1178 &
838 1146 970 1178 industria
987 1147 1154 1178 dileetorum
1164 1147 1238 1178 Sub-

181 1184 309 1216 ditorum
328 1185 490 1216 nostrorum
505 1185 635 1225 Stephani
652 1187 740 1216 Reade
764 1187 797 1216 &
817 1186 946 1215 Samuelis
965 1186 1117 1216 Cor-dewell
1135 1186 1235 1217 Gene-

182 1224 308 1254 rosorum
324 1224 478 1261 plurimum
495 1224 687 1263 confidentes,
705 1225 741 1255 de
755 1223 858 1255 Gratia
879 1224 973 1255 nostra
994 1224 1102 1262 speciali
1116 1247 1126 1262 ,
1142 1234 1175 1255 ac
1200 1235 1234 1255 ex

180 1262 256 1293 certa
276 1261 400 1293 Scientia
420 1263 453 1292 &
477 1273 559 1294 mero
581 1262 671 1294 Motu
692 1262 810 1300 nostris,
829 1263 958 1293 dedimus
978 1264 1010 1294 ὃς
1026 1263 1234 1302 conceffimus,

179 1310 231 1338 ac,
248 1310 297 1338 per
312 1300 478 1338 Praesentes,
497 1311 550 1338 pro
566 1302 648 1331 nobis
664 1301 833 1332 Haeredibus
848 1302 881 1331 &
895 1301 1108 1332 Succelloribus
1123 1301 1234 1339 nostris,

177 1339 276 1369 damus
287 1339 319 1369 ὃς
335 1340 519 1369 concedimus
533 1339 650 1376 praefatis
664 1339 798 1378 Stephano
810 1339 899 1368 Reade
913 1341 945 1370 &
962 1339 1077 1369 Samueli
1085 1340 1237 1370 Cordewell

178 1376 324 1407 Officium
339 1377 445 1408 Nuntii
460 1378 516 1407 sive
525 1377 688 1409 Pursivandi
703 1378 793 1408 nostri
807 1377 964 1407 Haeredum
979 1378 1011 1408 &
1027 1378 1231 1410 Successorum

179 1414 343 1446 nostrorum
357 1415 454 1446 Curiae
469 1414 651 1446 Cancellariae
666 1416 772 1447 nostroe
794 1416 954 1446 Haerednm
976 1416 1009 1446 δε
1030 1417 1231 1447 Successorum

178 1453 361 1492 nostrorum,
385 1464 452 1484 curn
473 1455 606 1484 omnibus
627 1454 739 1491 Vadiis,
766 1453 883 1491 Feodis,
904 1453 1060 1492 Regardis,
1077 1455 1232 1493 Proficuis,

177 1491 385 1530 Libertatibus,
410 1491 817 1531 Commoditatibus,·Dietis,
844 1492 1066 1522 Allocationibus
1082 1516 1091 1530 ,
1116 1493 1231 1523 Praehe—

176 1531 335 1568 minentiis,
353 1531 385 1560 ὃς
402 1530 459 1560 aliis
473 1532 553 1560 rebus
571 1530 784 1568 quibuscunque
797 1530 876 1560 dieto
893 1528 1004 1560 Officio
1027 1532 1231 1567 pertinentibus

176 1567 233 1597 five
249 1567 436 1605 spestantibus
453 1568 508 1599 five
522 1577 589 1598 cum
604 1569 684 1598 dieto
705 1568 817 1598 Officio
838 1569 1032 1598 communiter
1054 1569 1156 1599 usitatis
1178 1579 1232 1599 oc-

174 1608 282 1642 cupatis
295 1606 339 1636 vel
354 1606 472 1644 gavifis,
490 1616 522 1637 ac
538 1606 608 1644 ipsos
620 1605 785 1644 Stephanum
803 1606 891 1636 Reade
910 1607 943 1635 &
963 1606 1110 1636 Samuelem
1134 1608 1230 1636 Corde-

175 1643 244 1673 well
267 1643 421 1674 Nuncium
440 1645 496 1675 five
516 1645 738 1681 Purfivandum,
756 1654 788 1674 ac
810 1644 945 1674 Nuncios
967 1644 1022 1675 slve
1043 1644 1230 1675 Purfivandos

173 1681 283 1712 nostros
302 1681 457 1712 Haeredum
481 1683 513 1712 &
537 1683 737 1714 Successorum
763 1682 926 1712 nostrorum
955 1683 1100 1720 praedi&ae
1130 1683 1229 1714 Curiae

174 1720 353 1750 Cancellariae
368 1720 470 1751 nostra:
485 1721 645 1752 Haeredum
659 1723 692 1753 &
706 1721 907 1751 Successorum
922 1721 1103 1759 nostrorum,
1119 1721 1153 1751 ad
1166 1732 1231 1752 om-

173 1760 219 1789 nia
234 1760 266 1789 &
281 1759 387 1796 singula
402 1759 529 1790 facienda
542 1760 575 1790 &
589 1759 750 1798 exequenda
766 1769 829 1797 quae
844 1758 925 1789 dieto
951 1758 1064 1789 Officio
1088 1761 1227 1798 pertinent

173 1796 230 1831 {ive
245 1796 386 1835 spectant,
404 1803 450 1834 aut
469 1807 532 1837 quae
555 1807 603 1835 per
623 1799 746 1836 aliquem
766 1797 924 1828 Nuncium
944 1796 1001 1827 five
1023 1798 1228 1829 Purlivandum

172 1834 270 1866 Curiae
286 1836 429 1873 praedietae
442 1835 500 1866 fieri
513 1836 718 1867 consueverunt
733 1837 766 1867 &
785 1836 962 1873 debuerunt,
978 1835 1096 1867 facimus
1117 1836 1229 1867 ordina-

174 1883 238 1904 mus
255 1874 287 1904 &
304 1873 502 1905 constituimus
515 1884 563 1912 per
578 1875 749 1913 Praesente53

207 1911 384 1943 Habendum
397 1913 552 1943 tenendum
566 1913 748 1951 gaudendum
763 1912 795 1943 ὃ(
808 1911 998 1943 exercendum
1005 1911 1147 1943 Officium
1156 1923 1230 1950 prae-

170 1949 279 1981 dierum
303 1953 336 1982 &
357 1960 458 1981 caetera
479 1950 636 1989 Praemifla,
655 1961 723 1982 cum
748 1952 935 1990 pertinentiis,
955 1951 1072 1988 praefato
1095 1951 1230 1989 Stephano

172 1990 263 2019 Reade
280 1990 312 2020 δε
326 1989 445 2019 Samue‘li
458 1989 623 2027 Cordowell,
640 1991 673 2021 &
688 1999 789 2020 eorum
811 1990 888 2020 alteri
909 1989 1010 2019 dintius
1031 1991 1155 2027 viventi,
1171 1999 1231 2021 tam

172 2038 222 2065 per
244 2028 285 2065 se,
303 2027 359 2058 slve
383 2038 482 2058 eornm
507 2028 642 2065 alterum,
661 2029 749 2065 quam
776 2037 825 2066 per
844 2026 1031 2058 sufficientem
1047 2028 1228 2065 Deputatum

172 2066 253 2096 suum
270 2067 324 2096 live
340 2066 499 2103 Deputatos
513 2067 575 2096 suos
588 2066 772 2103 suffimenta,
791 2066 826 2096 ad
843 2066 999 2096 terminum
1014 2066 1033 2085 ‘¹‘
1052 2068 1084 2097 ὃς
1102 2076 1154 2104 pro
1175 2076 1230 2097 ter-

173 2105 254 2133 mino
270 2105 389 2135 vitarum
404 2104 568 2134 naturalium
583 2105 705 2142 ipsorum
722 2104 853 2147 Stephani
864 2104 954 2133 Reade
968 2105 1002 2135 &
1015 2105 1146 2135 Samuelis
1164 2109 1229 2136 Cor-

173 2141 288 2186 dewell,
307 2143 385 2186 &ad
401 2144 555 2173 terminum
570 2143 602 2173 ὃ(
615 2153 668 2181 pro
684 2151 809 2174 termino
824 2144 891 2174 vitae
903 2143 1033 2174 naturalis
1049 2153 1151 2174 eorum
1168 2145 1229 2176 diu-

173 2189 226 2211 tius
239 2190 367 2211 Viventis.

211 2219 246 2249 Et
261 2219 375 2249 ulterius
385 2242 394 2256 ‚
412 2219 448 2250 de
462 2219 586 2250 uberiori
600 2219 702 2251 Gratia
715 2219 811 2250 nostri
825 2220 950 2258 speciali,
969 2219 1099 2251 dedimus
1112 2222 1145 2253 δε
1158 2231 1230 2252 con-

174 2257 320 2294 ceffimus,
338 2268 388 2295 ac,
408 2268 456 2294 per
471 2258 622 2289 Praesentes
632 2281 640 2295 ,
657 2269 710 2296 pro
724 2258 823 2289 Nobis
838 2259 1008 2289 l-laeredibus
1022 2260 1055 2290 &
1075 2260 1229 2290 Successo-

172 2297 248 2326 ribus
270 2295 388 2332 nostris,
408 2296 506 2325 damus
528 2297 561 2327 &
583 2297 768 2327 concedimus
788 2297 906 2334 praefatis
931 2296 1063 2336 Stephano
1084 2299 1174 2327 Reade
1195 2300 1227 2330 &

173 2333 291 2364 Samueli
310 2334 465 2364 Cordewell
480 2335 512 2365 δε
534 2345 634 2365 eorum
657 2336 735 2366 alteri
757 2335 859 2366 diutius
875 2336 1003 2373 viventi,
1022 2345 1076 2372 pro
1092 2338 1228 2367 exercitio

173 2373 206 2403 &
221 2374 411 2410 occupatione
425 2373 526 2403 Officii
540 2373 680 2411 praedie'ti,
701 2373 844 2411 quoddam
860 2373 991 2404 Feodum
1011 2377 1103 2404 Trium
1127 2375 1228 2405 Solido-

173 2422 232 2440 rum
253 2410 345 2448 legalis
369 2413 493 2441 Monetae
513 2411 627 2449 Angliae
646 2422 692 2450 per
713 2412 782 2441 diem
805 2412 901 2442 eidem
921 2411 1033 2441 Officio
1060 2414 1227 2451 pertinens,

171 2449 347 2480 Habendum
368 2449 524 2482 tenendum
548 2451 581 2481 δε
604 2450 815 2488 percipiendum
841 2450 950 2480 dierum
975 2450 1104 2480 Fcodum
1135 2454 1226 2482 Trium

172 2487 321 2518 solidorum
327 2497 377 2527 per
387 2488 457 2517 diem
466 2510 475 2525 ,
494 2489 614 2525 praefatis
627 2488 761 2528 Stephano
776 2489 866 2518 Reade
881 2490 913 2520 ὃς
937 2488 1054 2517 Samueli
1073 2489 1226 2520 Cordewell

171 2527 206 2556 &
219 2536 320 2556 eorum
335 2527 412 2557 alteri
425 2525 528 2556 diutius
542 2527 649 2557 viventi
657 2551 667 2566 ,
682 2529 697 2556 {1
709 2526 773 2556 dat&
789 2527 887 2557 harum
898 2527 1055 2557 Literarum
1067 2526 1225 2558 nostrarum

171 2564 350 2602 Parentium,
368 2563 401 2594 ad
417 2565 572 2595 terminum
588 2566 621 2594 &
636 2575 688 2603 pro
702 2565 828 2595 termino
850 2566 971 2596 vitarum
991 2575 1091 2595 eorum
1116 2574 1226 2597 natura—

171 2603 260 2639 lium,
279 2603 311 2632 &
323 2602 358 2633 ad
371 2603 524 2632 terminum
538 2604 571 2633 δε
587 2613 638 2640 pro
654 2605 778 2634 termino
794 2604 862 2633 vitae
884 2603 1013 2633 naturalis
1035 2613 1137 2633 eorum
1158 2602 1226 2635 alte-

170 2643 228 2672 rius
240 2641 343 2671 diutius
356 2641 494 2679 viventis,
512 2640 548 2670 de
564 2640 691 2672 Exitibus
705 2643 738 2673 δε
756 2641 896 2672 Proficuis
911 2640 1064 2679 Hanaperii
1077 2641 1227 2674 Cancella-

168 2680 218 2709 riae
235 2678 341 2710 nostr-ae
355 2678 512 2709 Haeredum
529 2681 562 2710 &
573 2679 775 2710 Succefforum
790 2679 972 2717 nostrorum,
986 2690 1035 2718 per
1053 2690 1150 2712 manus
1159 2681 1229 2712 Cle-

170 2719 222 2748 rici
243 2718 299 2747 five
320 2716 456 2747 Custodis
478 2718 601 2755 ejusdem
626 2717 778 2754 Hanaperii
800 2726 853 2755 pro
872 2727 1001 2755 ternpore
1016 2717 1154 2749 existentis
1177 2728 1225 2751 aut

171 2756 228 2790 eius
252 2754 390 2792 Deputati
411 2756 445 2785 ad
466 2764 585 2793 quatuor
608 2755 688 2786 Anni
710 2757 865 2788 Terminos
880 2756 999 2794 usuales3
1025 2756 1175 2796 videlicet,
1192 2758 1227 2789 ad

171 2793 254 2823 Festa
268 2795 445 2822 Nativitatis
459 2795 553 2823 SanHi
564 2793 705 2832 Johannis
722 2794 869 2834 Baptistae,
887 2795 982 2824 Sanlli
996 2794 1140 2825 Michaelis
1161 2799 1228 2827 Ar-

170 2831 307 2869 changeli,
327 2831 445 2861 Natalis
459 2835 586 2869 Domini,
603 2833 636 2864 δί
648 2836 882 2864 Annunciationis
901 2833 989 2863 heatae
1008 2836 1112 2863 Mariae
1135 2836 1225 2873 Virgi-

194 2969 352 3014 Commiffio
359 2972 495 3017 specialis
510 2982 563 3016 pro
577 2970 690 3006 Thoma
709 2975 852 3020 Covenrry
872 2974 978 3006 Milite
993 2972 1029 3006 de
1047 2974 1203 3008 exercendo

451 3020 589 3065 Officium
607 3022 766 3054 Attornati
786 3022 946 3056 Generalis.

205 3155 292 3185 ΑΜΕ
303 3164 335 3192 s,
349 3155 388 3193 by
403 3154 450 3183 the
470 3154 566 3185 Grace
581 3154 618 3186 of
630 3154 700 3185 God
711 3177 720 3192 ,
739 3154 799 3190 &c.
817 3156 869 3186 To
888 3165 940 3186 our
959 3156 1055 3186 trustie
1074 3155 1129 3186 and
1147 3154 1228 3186 well-

226 3193 350 3238 beloved
368 3192 484 3222 Thomas
506 3197 662 3233 Coventry,
690 3193 806 3233 Knight
829 3204 883 3225 our
904 3194 1049 3226 Sollicitor
1070 3194 1203 3225 Generall
1217 3217 1227 3233 ,

173 3233 358 3305 Gwhgrgeas,
377 3279 456 3306 upon
477 3268 665 3300 Information
687 3270 742 3301 and
765 3270 959 3313 Complaynte
984 3271 1046 3303 that
1068 3275 1111 3302 Sir
1129 3274 1227 3310 Henry

2264 187 2280 214 1
2293 189 2314 227 5
2321 188 2343 227 5

54 249 128 282 Ann.
139 245 261 283 D.sion,
279 253 314 275 or
329 244 376 275 the
390 243 575 275 Inrollmente
588 254 622 274 or
635 244 884 289 Exemplification
899 246 1021 290 thereos,
1040 246 1107 276 shall
1120 246 1156 291 be
1168 253 1239 276 unto
1276 245 1417 293 Duplicat,
1432 249 1651 295 voras-servirent
1665 249 1703 286 ό·
1716 251 1734 281 ἃ
1757 250 1855 283 chacun
1875 254 1906 284 de
1925 265 2007 294 vous,
2021 255 2125 287 d'ordre
2139 254 2267 296 fiaeffi'sant
2287 258 2326 293 &
2354 259 2430 299 Anp.
2442 261 2486 294 D,

29 307 31 309 -
56 284 310 361 &gip-‚hssgaalrfrg
323 292 407 322 every
422 283 458 313 of
466 293 525 323 you
539 293 555 313 a
569 282 707 315 suffieient
722 284 857 316 Warrant
873 286 927 315 and
943 285 1097 323 Dilcharge
1121 294 1151 314 m
1175 284 1235 314 that
1272 283 1303 312 de
1319 284 1448 322 decharge
1464 297 1483 314 a
1498 295 1539 316 cet
1552 289 1643 325 e‘gard.
2354 298 2463 374 ἐξῇ

1307 361 1351 389 Et
1367 359 1531 405 finalement
1549 369 1628 391 notre
1650 364 1767 395 volonte‘
1781 361 1818 399 (ὧι
1841 366 1998 408 ὂοη-Ρίαὶβν
2018 369 2070 407 est,
2104 381 2133 399 ue
2156 369 2185 400 la
2198 371 2319 410 presbnte

1271 399 1434 436 Commtffion
1446 399 1566 429 demeare
1579 412 1614 430 en
1629 404 1739 438 vigueur
1750 425 1759 441 ,
1773 403 1810 437 ὠ·
1825 415 1890 434 nous
1903 417 1970 436 vous
1985 413 2074 436 autori
2089 420 2136 438 ons
2146 418 2198 452 par
2210 410 2321 448 celle-ci,

1269 447 1302 465 ou
1315 445 1415 476 quatre
1432 448 1464 467 ou
1475 432 1603 477 plufieurs
1616 439 1648 468 de
1662 450 1747 478 vous,
1766 451 1858 471 comme
1872 443 1894 471 il
1915 443 1950 481 est
1968 445 2026 481 dit,
2044 447 2074 474 de
2085 448 2173 485 paſjer
2196 457 2271 478 outre
2299 449 2318 478 a*

1268 473 1428 505 l'exe‘cution
1442 476 1474 504 de
1488 483 1574 505 toutes
1586 475 1624 505 les
1640 476 1726 516 chofi’s
1740 477 1777 511 ὠ·
1793 484 1916 509 mutieres
1929 482 2022 520 qsc'elle
2041 488 2156 514 contient
2166 509 2175 523 ,
2195 487 2226 515 de
2248 494 2316 516 tems

1269 523 1302 541 en
1316 520 1382 542 tems
1399 510 1436 547 &⁶
1449 521 1536 543 toutes
1551 513 1652 553 lesfois
1659 526 1716 554 que
1731 527 1797 545 vous
1831 527 1863 546 ou
1877 527 1975 556 quatre
1993 531 2024 549 ou
2038 520 2164 560 plufieurs
2180 524 2210 552 de
2228 535 2314 562 vous,

1269 550 1293 580 le
1309 558 1456 581 trouverez
1472 552 1490 581 a
1499 561 1609 591 propos,
1629 556 1738 594 quoique
1759 538 1844 582 laalz'te
1867 556 2026 593 Cowmzffim
2043 569 2076 587 ne
2088 559 2142 597 soit
2160 565 2236 600 point
2255 574 2317 593 con-

1271 590 1360 620 timaee‘e
1374 590 1407 619 de
1422 598 1489 619 tems
1504 602 1538 621 en
1551 598 1618 621 tems
1625 601 1681 630 par
1695 592 1739 621 des
1752 595 1872 622 Reavois
1887 604 1918 622 ou
1932 595 2135 633 Ajournemcns.

1312 703 1411 742 Enfin'
1422 703 1454 733 de
1467 708 1549 744 quoi,
1567 705 1628 737 &c-

1303 780 1424 810 Te‘moins
1443 781 1618 812 nous-mimes
1640 782 1659 811 d
1679 781 1899 822 Westminster,
1924 781 1948 812 le
1970 787 2053 822 vingt
2075 783 2111 819 <ly
2131 787 2265 819 deuxieme
2286 790 2318 819 de

1271 816 1355 854 Juin.

1761 896 1817 928 Per
1832 897 1921 930 Breve
1935 899 1970 930 de
1985 899 2099 931 Privato
2112 898 2218 938 Sigillo.

1265 977 2310 996 Ἣ

1273 1027 1329 1068 nis,
1346 1034 1393 1062 per
1409 1026 1530 1064 aequales
1545 1027 1708 1067 Portiones,
1724 1030 1908 1069 solvendum,
1929 1030 2026 1062 Prima
2041 1030 2187 1063 Solutione
2201 1033 2267 1063 inde
2279 1035 2322 1064 in<

1271 1063 1404 1100 cipienda
1416 1066 1450 1094 ad
1462 1065 1574 1096 Festum
1586 1068 1760 1098 Nativitatis
1772 1071 1868 1099 Sancti
1883 1069 2025 1108 Johannis
2041 1071 2173 1110 Baptistae
2187 1073 2322 1108 proximo

1271 1099 1396 1145 sequens*
1413 1102 1477 1139 post
1498 1105 1592 1134 datam
1606 1105 1802 1144 Praesemium,
1823 1109 1877 1138 unu
1898 1118 1965 1138 cum
1989 1110 2122 1139 omnibus
2143 1110 2200 1139 aliis
2221 1110 2323 1140 Feodis

1272 1138 1410 1182 Proficuis
1422 1140 1686 1174 Commoditatibus
1700 1147 1733 1176 ὃς
1751 1146 1931 1183 Advantagiis
1945 1148 2157 1185 quibuscunque
2169 1148 2248 1178 dicto
2265 1148 2323 1178 Of-

1272 1176 1338 1207 ficio
1352 1180 1563 1216 quoquomodo
1577 1181 1762 1220 speetannbus
1776 1186 1808 1214 &
1824 1187 2032 1221 pertinentibus.

1279 1254 1289 1263 Ἴ
1310 1216 1408 1255 Qare
1423 1218 1558 1261 'volumus
1581 1230 1630 1258 ac,
1649 1230 1697 1257 per
1718 1221 1883 1260 Praesentes,
1901 1234 1953 1260 pro
1979 1224 2075 1253 Nobis
2097 1223 2266 1255 Haeredibus
2287 1226 2320 1255 ὃς

1270 1255 1483 1299 buccessorrbus
1505 1257 1606 1287 nostris
1622 1280 1632 1296 ,
1656 1261 1834 1296 praecipimus
1857 1262 1889 1292 &
1912 1262 2074 1292 mandamus
2089 1285 2097 1299 ,
2123 1262 2240 1293 Cion-ico
2264 1263 2322 1294 five

1270 1291 1392 1322 Custod1
1411 1293 1565 1331 Hanaperii
1578 1295 1764 1328 cancellari-2
1779 1299 1882 1329 nostrae
1897 1300 2052 1331 Heredum
2070 1302 2103 1330 δε
2119 1300 2319 1332 S-Jccellorum

1269 1331 1449 1369 nostrorum,
1468 1343 1502 1377 ac
1521 1335 1578 1377 ejus
1601 1334 1749 1372 Deputato
1771 1346 1823 1373 pro
1845 1345 1972 1375 tempore
1994 1338 2136 1374 existenti,
2153 1340 2231 1375 quod
2253 1341 2320 1378 ipii,

1268 1378 1314 1399 aut
1329 1380 1427 1401 eorum
1444 1371 1540 1409 aliquis
1550 1396 1559 1410 ,
1577 1372 1613 1402 de
1631 1382 1759 1410 ternpore
1774 1376 1802 1404 in
1816 1385 1924 1412 tempus
1937 1377 2100 1406 durantibus
2117 1379 2179 1407 vatis
2193 1380 2320 1408 naturali-

1268 1408 1320 1452 bus
1344 1409 1468 1446 ipsorum
1492 1410 1622 1448 Stephani
1643 1413 1733 1441 Reade
1756 1413 1788 1443 &
1813 1414 1940 1443 Samuelis
1959 1415 2124 1451 cordewell,
2149 1417 2182 1446 ἑ(
2203 1417 2319 1447 durante

1268 1446 1324 1476 vltzi
1342 1457 1441 1477 eorum
1455 1447 1564 1478 alterius
1581 1449 1682 1480 diutius
1700 1452 1836 1488 viventiS,
1855 1451 1942 1482 solvat
1958 1453 2001 1483 seu
2015 1453 2084 1482 solvi
2095 1454 2194 1490 faciat,
2211 1455 2319 1486 solvant

1267 1493 1313 1514 aut
1326 1484 1395 1516 solvi
1410 1487 1530 1524 faciant,
1546 1487 1648 1518 eisdem
1661 1488 1796 1526 Stephano
1812 1490 1903 1519 Reacle
1925 1491 1957 1520 &
1979 1490 2095 1519 Samueli
2114 1493 2263 1521 Cordewell
2284 1495 2317 1523 &

1268 1532 1367 1566 eorum
1389 1524 1468 1567 alteri
1488 1525 1589 1556 diutius
1610 1527 1738 1565 viventi,
1755 1528 1792 1558 de
1812 1527 1940 1558 Exitibus
1961 1529 1993 1558 ὃς
2018 1528 2154 1558 Proficuis
2167 1530 2318 1568 Hanaperii

1268 1561 1396 1604 praedisti
1411 1572 1439 1591 m
1459 1564 1587 1593 manibus
1605 1565 1655 1594 suis
1669 1565 1704 1595 de
1715 1574 1843 1602 tempore
1856 1568 1886 1596 in
1909 1576 2020 1604 tempus
2042 1576 2182 1597 remanere
2204 1571 2320 1598 conrin-

1266 1600 1412 1643 gentibus,
1429 1602 1595 1637 praedic‘tum
1614 1603 1745 1633 Feodum
1761 1607 1851 1633 Trium
1865 1604 2012 1635 Solidorum
2019 1612 2069 1642 per
2082 1605 2150 1634 diem
2165 1606 2317 1638 secundnm

1267 1647 1362 1667 veram
1380 1640 1567 1669 intentionem
1584 1640 1779 1672 Praesentium:
1796 1642 1834 1672 Et
1855 1643 1899 1672 bre
1919 1643 2023 1673 Literae
2047 1643 2149 1673 nostr-J:
2174 1644 2320 1684 Parentes,

1267 1675 1311 1704 vel
1335 1675 1581 1720 lrrotulamentum
1602 1679 1765 1709 earumdem
1782 1702 1791 1717 ,
1815 1690 1897 1711 erunt
1913 1703 1922 1718 ,
1947 1689 2006 1711 tam
2025 1681 2104 1711 dieto
2125 1681 2242 1713 Clerico
2263 1685 2321 1715 live

1268 1712 1390 1759 Custodi
1407 1715 1477 1744 dieii
1502 1716 1670 1754 l-lanaperii,
1689 1728 1721 1748 ac
1742 1719 1799 1755 ejus
1820 1718 1984 1756 Deputato,
2003 1729 2056 1757 pro
2075 1719 2215 1751 solutione
2235 1722 2320 1760 inde,

1268 1761 1354 1788 quam
1367 1755 1500 1782 omnibus
1511 1764 1632 1791 quorum
1649 1756 1788 1793 intererit,
1803 1766 1856 1794 pro
1875 1757 2053 1788 Allocatione
2078 1759 2160 1796 inde,
2179 1760 2318 1791 sufficiens

1266 1790 1452 1821 Warrantum
1475 1793 1508 1823 ὃς
1528 1792 1699 1824 Exoneratio
1720 1795 1821 1832 absque
1846 1795 1936 1834 aliqua
1956 1796 2007 1826 alifi
2034 1795 2245 1828 Commiffione
2270 1799 2317 1829 vel

1267 1828 1447 1860 Authoritate
1462 1831 1478 1860 Ξι
1496 1831 1576 1861 nobis
1592 1831 1762 1863 Haeredibus
1784 1833 1829 1864 vel
1845 1832 2059 1865 Succeffotibus
2077 1834 2196 1874 nostris,
2214 1837 2244 1866 in
2264 1837 2319 1868 hac

1264 1874 1343 1905 parte
1354 1868 1529 1905 procuranda
1542 1877 1587 1899 aut
1601 1871 1772 1900 obtinenda:

1301 1905 1421 1936 Proviso
1435 1907 1560 1945 semper,
1579 1909 1632 1946 &,
1650 1919 1700 1946 per
1717 1908 1880 1946 Praescntes,
1900 1920 1952 1948 pro
1973 1911 2071 1941 Nobis
2090 1911 2261 1944 Haeredibus
2275 1913 2319 1944 ⁴&

1265 1942 1479 1976 Successoribus
1492 1945 1609 1984 nostris,
1626 1948 1761 1978 volumus
1775 1950 1807 1978 ὃ(
1821 1948 1982 1980 ordinamus
1998 1949 2077 1987 quod
2093 1950 2128 1980 de
2145 1959 2274 1989 tempore
2289 1952 2320 1982 in

1265 1990 1395 2021 tempuS,
1410 1984 1443 2014 &
1459 1983 1492 2014 ad
1507 1986 1603 2015 omnia
1618 1993 1747 2023 tempora
1760 1987 1969 2024 imperpetuum
1984 1987 2047 2025 post
2062 1987 2192 2019 Mortem
2202 1990 2319 2020 Sursum

1266 2021 1455 2052 redditionem
1475 2022 1531 2052 five
1554 2023 1770 2055 Forisfaeturam
1795 2025 1997 2062 praedi&orum
2019 2026 2149 2064 Stephani
2167 2028 2257 2057 Reaele
2282 2030 2317 2060 &

1265 2059 1395 2089 Samuelis
1418 2060 1571 2090 Cordewell
1588 2062 1619 2091 ὃς
1642 2072 1740 2092 eorum
1754 2062 1861 2094 alterius
1873 2064 1974 2095 diutius
1988 2066 2126 2101 viventis,
2146 2067 2317 2102 praediffturn

1266 2097 1407 2128 Officium
1423 2099 1536 2129 Nuncii
1553 2100 1608 2129 five
1623 2099 1786 2131 Purfivandi
1801 2101 1983 2133 Cancellariae
1998 2102 2100 2133 nostrae
2111 2103 2269 2135 Haeredum
2283 2105 2318 2136 ὃς

1267 2136 1469 2167 Successorum
1494 2137 1679 2176 nostrorum,
1708 2139 1740 2169 fit
1758 2140 1794 2175 v&
1817 2141 1868 2171 erit
1893 2142 1921 2171 in
1946 2140 2123 2180 dispositione
2144 2142 2317 2174 Cancellarii

1266 2175 1378 2213 Angliae
1393 2175 1450 2206 five
1463 2174 1599 2206 Custodis
1615 2176 1717 2216 Magni
1730 2177 1816 2215 Sigilli
1830 2179 1944 2215 Angliae
1958 2190 2009 2217 pro
2025 2188 2153 2217 tempore
2167 2181 2319 2219 existentis,

1266 2213 1402 2251 qubdque
1424 2214 1612 2244 Cancellarius
1635 2216 1747 2253 Angliae
1769 2216 1823 2247 sive
1848 2218 1952 2247 Custos
1975 2217 2077 2257 Magni
2097 2218 2183 2257 sigilli
2204 2220 2318 2258 Anglice

1266 2262 1320 2289 pro
1340 2260 1469 2290 tempore
1483 2253 1616 2291 existens,
1635 2253 1778 2284 Officium
1795 2256 1962 2294 praedic'tum
1979 2266 2046 2286 cum
2063 2258 2233 2293 pertinentiis
2252 2264 2317 2288 dare

1265 2290 1425 2322 concedere
1437 2292 1469 2321 &
1484 2291 1627 2329 disponere
1644 2293 1678 2323 de
1695 2301 1825 2330 tempore
1847 2295 1875 2323 in
1896 2303 2009 2331 tempus
2027 2294 2161 2332 deinceps
2180 2296 2261 2331 poriit
2282 2298 2316 2327 ὃς

1265 2329 1369 2366 valeat,
1389 2339 1473 2366 prout
1485 2330 1575 2360 eidem
1591 2330 1767 2361 Cancellario
1780 2331 1835 2361 five
1848 2332 1969 2362 Custodi
1986 2332 2087 2371 Magni
2104 2334 2194 2369 Sigilli
2205 2334 2317 2372 Angli-x:

1266 2367 1365 2398 melius
1383 2368 1521 2398 videbitur
1535 2369 1679 2408 expedire,
1699 2370 1794 2407 aliquo
1809 2370 1838 2401 in
1853 2369 2037 2403 Praesentibus
2052 2380 2188 2403 contento
2202 2374 2230 2402 in
2244 2383 2317 2404 con-

1263 2406 1381 2437 trarium
1394 2416 1451 2435 non
1467 2407 1608 2437 obstante:

1303 2444 1460 2482 Volumus,
1475 2446 1535 2476 &c.

1299 2481 1344 2512 Eo
1361 2483 1440 2519 quod
1455 2482 1578 2520 expressa
1595 2484 1721 2520 mentio,
1736 2483 1797 2514 &c-

1301 2563 1334 2594 In
1349 2565 1427 2602 cujus
1441 2565 1498 2604 rei,
1516 2566 1577 2597 &c-

1300 2648 1389 2681 Teste
1402 2649 1484 2688 Rege
1497 2650 1572 2688 apud
1591 2650 1866 2691 Wstmonasterium,
1882 2651 1999 2682 decimo
2010 2652 2088 2683 sexto
2106 2653 2162 2684 Die
2172 2654 2262 2693 Junii.

1761 2742 1814 2770 Per
1829 2743 1923 2772 Breve
1934 2741 1966 2772 de
1975 2746 2091 2782 privato
2111 2744 2211 2782 Stgillo.

1264 2970 1475 3007 Commiffion
1511 2971 1705 3017 particuliere
1740 2971 1869 3005 adressee
1900 2985 1939 3006 au
1971 2972 2139 3008 Chevalier
2169 2974 2314 3011 Thomas

1309 3025 1480 3067 Coventry
1510 3031 1590 3066 pour
1613 3031 1736 3054 exercet
1759 3021 1785 3054 la
1807 3018 1931 3067 Charge
1952 3020 1991 3055 de
2011 3025 2184 3057 Procul-eur
2203 3024 2314 3058 Ge‘ne'-

1308 3070 1361 3104 ral.

1254 3157 1419 3230 JAQJEs‚
1434 3162 1488 3193 par
1500 3154 1530 3184 la
1543 3164 1622 3192 grace
1638 3154 1670 3184 de
1685 3157 1772 3192 Dieu,
1791 3154 1851 3185 &c.
1870 3156 1906 3184 A
1924 3161 2000 3184 notre
2015 3154 2097 3193 fidele
2112 3153 2150 3189 ό
2167 3156 2311 3187 bien-aime

1303 3195 1327 3225 le
1342 3193 1487 3224 chevalier
1498 3194 1629 3223 Thomas
1643 3191 1803 3232 Coventry,
1817 3200 1894 3223 notre
1909 3192 2058 3223 Solliciteur
2069 3194 2204 3233 Ge‘neral,
2217 3195 2310 3227 Salat.

1294 3272 1433 3302 D'autant
1455 3281 1505 3311 que
1518 3269 1570 3309 [ἂν
1589 3268 1789 3308 l'information
1809 3266 1847 3303 ὠ·
1868 3268 1897 3298 la
1915 3268 2040 3307 plainte,
2064 3281 2114 3309 que
2126 3269 2150 3299 le
2163 3270 2309 3303 chevalier

174 3310 316 3340 Yelverton
334 3308 448 3346 Knight
463 3317 516 3338 our
531 3308 670 3347 Attorney
687 3308 819 3340 Generall
835 3310 889 3340 had
909 3310 1093 3341 misbehaved
1115 3310 1232 3341 himself
1259 3310 1351 3341 Henri
1368 3310 1544 3346 Yelverton,
1560 3315 1636 3338 notre
1652 3310 1799 3337 Procureur
1813 3307 1942 3344 Gdne'ral,
1957 3307 2014 3346 s’cst
2031 3308 2088 3337 mal
2098 3311 2231 3346 comporte'
2241 3311 2310 3340 dans

173 3351 201 3378 in
219 3349 262 3378 his
279 3347 332 3378 said
346 3347 445 3376 Office
458 3354 587 3384 contrary
603 3355 634 3377 to
650 3347 699 3378 the
713 3346 795 3388 Duty
811 3348 846 3378 of
856 3348 899 3378 his
911 3349 965 3378 said
983 3349 1084 3385 Place,
1103 3349 1156 3379 and
1177 3350 1226 3380 the
1252 3349 1307 3389 βπ
1321 3349 1362 3378 dit
1379 3347 1463 3386 Office
1475 3354 1566 3389 contre
1579 3345 1630 3384 fim
1646 3346 1742 3375 devosr
1758 3345 1795 3379 όν
1810 3345 1840 3374 la
1851 3345 1983 3385 cozffiance
1993 3356 2042 3386 que
2064 3357 2129 3375 nous
2151 3350 2249 3377 avions
2271 3360 2307 3379 en

172 3387 262 3417 Trust
278 3385 391 3423 reposed
405 3386 434 3414 in
450 3384 509 3414 him
519 3407 528 3421 ,
543 3393 575 3414 to
591 3385 640 3414 the
654 3386 673 3404 *³
689 3394 766 3424 great
783 3386 915 3426 Damage
928 3386 982 3417 and
1006 3387 1171 3418 Diffierison
1193 3387 1230 3417 of
1257 3389 1314 3425 lui,
1329 3398 1364 3416 au
1376 3386 1468 3424 grand
1477 3385 1610 3424 pre‘yudice
1623 3384 1655 3413 de
1669 3392 1746 3414 notre
1763 3388 1901 3414 Couronne
1911 3406 1919 3421 ,
1935 3395 2010 3420 nous,
2027 3384 2060 3412 de
2074 3392 2150 3413 notre
2157 3384 2218 3422 soin
2232 3385 2312 3426 royal

172 3436 224 3456 our
239 3425 369 3459 Crown,
387 3433 450 3461 we,
468 3432 519 3453 out
534 3422 571 3452 of
582 3432 635 3452 our
656 3424 782 3462 princely
802 3423 876 3454 Care
898 3433 929 3454 to
951 3425 1070 3455 observe
1093 3426 1149 3464 just
1169 3427 1224 3455 and

171 3463 331 3493 honorable
350 3461 555 3500 proceedings,
574 3460 622 3490 did
642 3461 732 3491 direct
751 3461 805 3492 and
825 3464 943 3500 appoint
967 3464 1025 3494 that
1038 3464 1087 3494 the
1101 3464 1175 3494 truth
1190 3464 1227 3494 of

1259 3427 1278 3457 ἃ
1294 3425 1418 3465 observer
1440 3425 1485 3454 des
1506 3423 1663 3452 Proce‘dures
1675 3421 1758 3460 justes
1780 3421 1818 3456 ῤ’
1840 3421 1984 3458 honusta,
1998 3421 2181 3459 prestrivimes
2204 3423 2242 3458 &⁴
2263 3435 2309 3454 or-

1257 3466 1404 3494 donnames
1417 3474 1467 3503 que
1479 3461 1604 3499 plusieurs
1619 3460 1651 3489 de
1664 3468 1740 3489 notre
1752 3459 1857 3498 Consbil
1869 3461 1961 3489 Prive‘
1967 3463 2178 3490 examineroient
2194 3459 2232 3495 &³
2247 3473 2308 3492 con.

172 3503 219 3533 the
240 3502 294 3532 said
318 3500 520 3537 lnformation,
539 3499 593 3528 and
617 3508 714 3529 nature
735 3501 788 3530 and
805 3502 930 3538 qualities
943 3502 978 3531 of
988 3502 1038 3532 the
1053 3501 1223 3533 Misdemea-
1250 3504 1428 3543 stde‘reroient
1446 3501 1474 3530 la
1488 3500 1581 3529 ve'rite‘
1594 3498 1626 3527 de
1637 3497 1722 3527 ladite
1736 3497 1912 3536 information
1926 3496 1964 3531 ὠ
1980 3497 2009 3526 la
2025 3506 2123 3527 nature
2139 3499 2177 3533 &
2192 3499 2220 3529 la
2240 3512 2308 3541 qua-

170 3551 236 3571 nors
249 3539 390 3570 informed
406 3538 505 3568 should
522 3538 558 3568 be
580 3538 725 3568 esamined
748 3539 912 3569 considered
929 3539 982 3569 and
1003 3540 1132 3571 certefied
1154 3550 1223 3571 unto

170 3579 218 3609 Us
233 3579 270 3618 by
287 3579 380 3608 divers
394 3577 430 3606 of
440 3587 493 3606 our
508 3576 593 3615 Privy
616 3574 774 3614 Councell;
791 3577 856 3606 And
879 3577 962 3607 albeit
982 3578 1029 3608 the
1049 3579 1103 3609 said
1127 3578 1224 3609 Com-

173 3618 283 3647 mittees
303 3615 460 3653 proceeded
484 3615 592 3645 therein
611 3615 682 3645 with
697 3624 774 3653 great
789 3615 988 3654 Advisement,
1005 3617 1060 3647 and
1077 3617 1168 3647 divers
1189 3619 1226 3648 ti-

174 3664 234 3685 mes
253 3654 337 3685 heard
356 3654 406 3684 the
427 3653 572 3683 Defences
595 3653 631 3683 of
645 3663 697 3682 our
711 3653 766 3682 said
786 3653 938 3692 Attorney,
957 3654 1011 3684 and
1025 3655 1107 3686 made
1128 3665 1225 3692 report

171 3693 285 3723 thereof
304 3701 336 3722 to
359 3692 512 3730 Us‚ye1t‚
530 3691 597 3721 such
621 3701 678 3720 was
701 3701 754 3721 our
772 3691 937 3721 Tendernes
959 3693 1013 3722 and
1040 3693 1225 3724 Moderation

176 3730 236 3760 that
249 3740 294 3760 we
309 3731 420 3760 forbear
434 3739 464 3760 to
480 3730 600 3767 proceed
622 3729 745 3767 further,
763 3730 840 3759 untill
863 3730 910 3760 the
931 3739 1025 3760 nature
1050 3732 1086 3761 of
1104 3732 1151 3761 the
1171 3731 1225 3762 said

176 3767 402 3834 Mli¹sdemeanors
417 3767 472 3798 had
487 3770 558 3799 bene
573 3768 708 3805 imparted
724 3776 754 3798 to
769 3768 816 3798 the
829 3767 909 3807 Body
925 3769 961 3798 os
971 3779 1024 3799 our
1031 3770 1118 3809 Privy
1125 3770 1227 3800 Coun-

178 3815 212 3836 ce
237 3817 247 3841 ς

217 3842 283 3872 And
297 3843 433 3881 whereas,
452 3855 531 3882 upon
546 3844 696 3875 deliberate
710 3843 812 3875 Advise
834 3843 904 3873 with
926 3854 980 3875 our
1000 3845 1053 3875 said
1073 3845 1228 3883 Counsail‚

177 3882 199 3911 it
212 3891 268 3910 was
279 3881 399 3919 thought
413 3882 444 3912 fit
456 3883 514 3913 that
526 3894 542 3913 a
551 3883 678 3920 judiciall
694 3882 870 3920 Proceeding
885 3881 984 3913 lhould
999 3883 1035 3913 be
1051 3883 1105 3914 had
1122 3884 1227 3921 against

179 3930 232 3950 our
243 3919 296 3948 said
316 3919 453 3959 Attorney
467 3924 504 3961 by
524 3921 712 3951 Inl'ormation
730 3920 766 3950 of
785 3930 838 3949 our
860 3919 952 3951 Court
977 3922 1012 3951 of
1030 3922 1228 3952 Starchamber

179 3958 224 3988 for
243 3957 291 3986 the
309 3956 369 3986 said.
387 3957 604 3990 Mildemeanors
626 3960 680 3989 and
700 3958 857 3994 Offences,
873 3959 998 3989 wherein
1018 3960 1054 3990 be
1076 3961 1177 3990 ssrould
1193 3962 1228 3990 be

180 3992 310 4025 received
325 4002 356 4024 to
372 3995 475 4025 defend
491 3997 605 4028 himself
614 4008 642 4028 as
657 3998 722 4028 well
737 4007 764 4027 as
778 3998 813 4028 he
831 3997 933 4033 could,
951 3999 1005 4028 and
1021 3999 1160 4029 therefore
1174 4009 1229 4036 we,

177 4033 296 4103 holading
310 4033 568 4102 gffpiffieffithat
580 4046 633 4068 our
647 4036 702 4069 said
715 4037 873 4077 Attorney,
891 4035 999 4074 against
1014 4036 1117 4068 whom
1131 4037 1197 4068 such
1215 4047 1230 4066 a

242 4082 292 4101 om.
376 4094 383 4101 .
428 4094 435 4102 ο
506 4094 513 4102 ι

1161 4074 1235 4105 Pro-

1257 3542 1312 3571 [ι’ῐί
1323 3541 1366 3570 des
1382 3536 1589 3575 malverfations
1609 3536 1676 3564 dont
1699 3535 1722 3564 il
1733 3547 1751 3564 a
1764 3537 1810 3565 e'te'
1819 3534 1918 3574 accuft',
1933 3534 1971 3569 &³
1986 3545 2050 3564 nous
2061 3535 2098 3565 les
2106 3536 2308 3570 declareroient.

1258 3583 1300 3609 Et
1315 3582 1424 3618 quoique
1440 3576 1531 3615 lesa'its
1543 3572 1733 3611 Commiffizires
1748 3574 1925 3611 procedaffint
1949 3572 2077 3611 lai-deffits
2094 3586 2162 3604 avec
2178 3577 2290 3607 beaucou

1258 3619 1290 3647 de
1302 3617 1447 3656 prudente,
1461 3613 1498 3649 (ἐν
1512 3612 1588 3654 qu’ils
1601 3611 1700 3650 cuffint
1722 3611 1836 3641 emenda
1859 3622 1892 3640 en
1908 3611 2002 3640 divers
2017 3620 2083 3642 tems
2095 3613 2131 3642 les
2142 3612 2262 3653 dffenst’s
2275 3589 2310 3645 ,ιζ

1258 3664 1335 3685 notre
1347 3655 1387 3684 dit
1405 3656 1550 3683 Procureur
1565 3647 1602 3683 ὅν
1617 3660 1683 3679 nous
1695 3661 1727 3678 en
1744 3649 1841 3687 euffi‘nt
1853 3648 1911 3686 fait
1922 3657 2031 3688 rapport
2041 3674 2050 3687 ,
2069 3661 2096 3679 ce
2128 3653 2215 3682 edant
2232 3662 2309 3683 notre

1258 3691 1404 3730 delicateffi
1418 3690 1455 3726 ὠ
1472 3687 1694 3725 νησᾶιῆατίοηῇιῐ
1708 3687 1771 3716 telle
1783 3698 1833 3727 que
1855 3698 1919 3716 nous
1940 3697 2005 3716 nous
2020 3698 2071 3726 gar
2091 3701 2162 3720 ames
2176 3691 2208 3719 de
2219 3691 2308 3730 paffl>r

1259 3740 1352 3768 outre,
1369 3728 1475 3769 juffiu'd
1487 3739 1513 3758 ce
1548 3727 1610 3756 u’on
1624 3727 1671 3755 etit
1685 3730 1866 3765 communique
1874 3725 1902 3754 la
1916 3733 2016 3755 nature
2031 3727 2142 3766 destines
2154 3729 2309 3769 malverfiz.

1259 3774 1329 3801 tions
1342 3769 1360 3799 a
1376 3776 1453 3799 notre
1467 3739 1571 3804 Conssil
1582 3766 1673 3794 Prive‘
1682 3775 1716 3794 en
1729 3767 1816 3801 Corps.

1299 3848 1341 3875 Et
1354 3845 1483 3874 d'autant
1497 3839 1620 3882 qu’apre‘s
1630 3843 1710 3870 avoir
1723 3839 1843 3869 delibare<
1849 3850 1917 3869 avec
1930 3847 2007 3870 notre
2019 3841 2061 3871 dit
2084 3841 2201 3881 Confiil,
2219 3844 2244 3874 il
2256 3843 2310 3884 fut

1263 3886 1365 3914 trouve‘
1375 3883 1393 3913 a
1403 3891 1495 3921 propos
1508 3879 1586 3919 qu’on
1595 3878 1726 3917 procedat
1739 3879 1948 3918 juridiquement
1959 3887 2024 3916 pour
2038 3879 2144 3917 lesdites
2155 3882 2310 3923 malversb-

1262 3927 1333 3953 tions
1351 3920 1388 3955 (ἐν
1402 3919 1510 3958 offi’szles
1525 3926 1614 3947 contre
1627 3925 1706 3946 notre
1721 3919 1883 3955 Procureur,
1903 3924 1955 3953 par
1980 3917 2159 3956 irtformation
2178 3921 2211 3949 de
2231 3930 2311 3951 notre

1265 3965 1334 3991 Cour
1352 3960 1382 3988 de
1401 3959 1428 3988 la
1444 3956 1574 3987 chambre
1593 3954 1700 3991 froilae,
1725 3954 1742 3983 ἃ
1758 3954 1871 4004 laquelle
1891 3954 1915 3984 il
1922 3954 2009 3994 feroit
2028 3957 2114 3986 admis
2129 3967 2198 3997 pour
2209 3958 2241 3997 fl*
2263 3960 2311 3989 de‘-

1256 3998 1376 4038 ftndre,
1403 4002 1504 4026 arctant
1522 3992 1591 4034 qu’il
1605 3995 1741 4032 psrurroit,
1776 3993 1833 4031 cest
1851 3997 1980 4034 pourquoi
1993 4017 2001 4031 ‚
2028 4004 2139 4032 croyant
2179 3996 2228 4026 fil
2246 3999 2313 4026 &wit

1265 4038 1284 4068 ἁ
1297 4045 1388 4077 propos
1401 4035 1433 4065 de
1443 4037 1538 4072 priver
1551 4038 1628 4062 notre
1641 4032 1684 4062 dit
1697 4033 1862 4068 Procureur,
1880 4041 1969 4063 contre
1985 4033 2071 4072 lequel
2089 4045 2123 4065 on
2162 4038 2237 4064 evoit
2248 4044 2313 4072 pro-

1740 4069 1767 4100 V
1785 4079 1802 4100 2
2246 4072 2326 4101 ceder
