2557 4279
662 241 764 284 ET
850 244 1117 286 ACTA
1205 245 1654 293 PUBLICA.

2207 276 2286 315 175

0 332 128 369 Ann.D·
177 329 391 370 ¹§Qa’nquaginta
407 331 472 359 item
484 326 546 358 aliis
556 327 684 369 fimiliter
699 327 818 360 Yhorace
835 333 973 369 armatis,
991 330 1102 370 singulis
1117 328 1189 362 osto
1224 329 1348 362 strorum
1367 330 1495 370 Incolas‚
1509 335 1599 364 teneri
1615 336 1753 368 observari
1775 338 1808 369 &
1829 340 1974 380 adimpleri
1991 353 2060 375 cum
2073 345 2178 377 effeetu
2193 347 2275 377 facie·
2303 345 2435 377 Ann.D.'

13 374 100 407 1610·
138 367 252 404 Librae,
268 377 332 405 quae
344 368 461 401 redeunt
476 366 510 396 ad
526 366 762 406 Qadringentas.

0 413 80 453 ssJac.
99 421 124 439 ι’
138 453 232 486 gentas
248 446 428 485 quadraginta
440 445 486 475 sex
500 444 608 491 Librast
1171 485 1177 490 υ

172 481 281 512 Duobus
311 485 439 528 Galeatie
462 481 682 521 Sclopetartorum
697 506 707 522 ‚
738 482 892 528 Caporaalar
911 483 1057 541 .G³¹¹i⁶³²’
1080 483 1192 524 fingulis

134 521 305 605 ΒῗὲηἙρῗ
315 524 390 591 ῗῗῖἓ
406 522 1190 605 &Siai-5³325532532522325322{exeanspefflfn

136 597 267 668 (ζῖΙῐΙῙιεὲἐ
276 599 402 668 [figgssffis
430 598 609 638 Qindecim
636 598 747 636 Librae,
772 608 837 638 quae
861 597 990 630 efficiunt
1014 600 1194 639 Septuaginta

135 646 154 676 q
174 646 307 715 figinque
331 649 397 707 irtesrn
420 675 544 706 Galeatis
567 674 736 712 Sclopetariis
750 696 760 712 ,
784 673 896 713 singulis
922 673 1046 707 Novem
1076 675 1189 715 Librae,

138 722 204 752 quae
220 715 348 747 erhciunt
363 715 532 747 Trescentas
544 714 678 755 sexaginta
692 712 801 756 Libras.

175 755 300 791 Triginta
320 753 383 784 aliis
397 752 583 798 Selopetariiss
610 752 726 790 lingulis
747 749 831 782 ocio
850 750 963 791 Librae,
981 761 1044 791 quae
1061 752 1195 785 efficiunt

136 790 284 838 Ducentas
298 793 477 839 quadraginta
492 791 600 820 Libras.
643 830 660 836 ..
811 828 816 833 Ι
1022 829 1027 835 .

176 832 282 875 Vrgmti
305 831 394 862 tr1bu5
417 828 477 859 alus
501 827 672 873 ⁴§Jclqactarm-
689 850 699 866 ‚
720 827 830 897 silngkfflaiz
851 827 969 868 Septem
993 828 1110 868 Librae,
1127 839 1193 869 quae

142 867 766 948 dffiffixfiffixssffiffifflffzssssssffie?
832 889 839 895 ·

179 984 224 1016 Ex
239 985 293 1016 hiis
306 982 449 1014 Centuriis
461 980 618 1020 explebitur
632 981 785 1013 Numerus
800 980 855 1012 Sex
871 981 992 1012 millium
1006 980 1157 1019 Peditum,
1176 981 1197 1012 fi

143 1030 254 1055 tantum
276 1021 432 1059 postuletur
445 1043 456 1059 ‚
482 1021 582 1059 quibus
605 1020 775 1058 praeficietur
798 1020 936 1052 Tribunus
959 1030 1030 1052 unus
1053 1019 1198 1058 Militum,

143 1071 228 1100 quem
240 1059 349 1091 Colonel
359 1059 437 1090 Galli
453 1067 576 1097 vocant,
594 1059 656 1098 cui,
673 1069 726 1098 pro
739 1059 766 1089 se
779 1059 813 1089 &
829 1058 1055 1091 Centurionibus
1070 1058 1197 1089 nonnul-

141 1102 174 1132 lis
190 1099 238 1137 qui
253 1099 292 1129 illi
306 1097 414 1129 adstant
425 1120 435 1135 ,
451 1097 591 1128 dabuntur
606 1096 716 1136 singulis
732 1097 879 1129 Menfibus
891 1099 1026 1129 sexcentae
1042 1097 1147 1128 Librae.

179 1137 291 1168 Duobus
318 1135 461 1177 Praefeblis
486 1135 662 1177 Castrorum,
687 1136 799 1176 singulis
819 1136 985 1176 Ducemae,
1006 1145 1071 1175 quae
1089 1136 1199 1168 faciunt

140 1176 367 1215 Qiadringentas
384 1176 491 1206 Libras.

176 1217 249 1251 Uni,
266 1225 342 1255 quem
358 1217 470 1252 Sergent
486 1212 583 1253 Major
601 1213 770 1253 nominant,
786 1213 918 1246 Centum
935 1213 1040 1244 Librae.

176 1253 311 1283 Auditori
325 1256 515 1283 Centuriarum
524 1274 534 1289 ,
550 1250 690 1283 Centum.

175 1291 400 1330 Castrametatori
422 1291 479 1323 five
499 1289 684 1330 Marescallo‚
701 1291 852 1329 Sexaginta
867 1291 994 1329 quinque
1010 1289 1116 1321 Librae.

182 1329 412 1360 Latrunculatori
428 1352 439 1368 ,
464 1337 553 1368 quem
582 1329 697 1370 Prevosb
723 1330 776 1360 dez
808 1328 1006 1369 Marefihaulx
1032 1327 1201 1365 nominant,

144 1368 360 1408 Quinquaginta
375 1368 510 1407 quinque.

186 1407 257 1446 Ejus
274 1407 387 1446 Scribae,
403 1406 539 1446 Triginta
552 1406 586 1437 &
598 1405 760 1437 duodecim.

188 1447 266 1476 Diffi
283 1445 529 1476 Latrunculatoris
546 1445 774 1484 Apparitorihus,
791 1444 915 1475 Archers
927 1443 1092 1482 nominatis,
1107 1441 1204 1481 fingu-

153 1481 185 1513 lis
195 1484 313 1515 Decem
330 1485 443 1523 Librae,
461 1492 526 1523 quae
539 1486 655 1515 redeunt
671 1484 706 1515 ad
718 1483 868 1515 Ducentas
883 1483 990 1514 Libras.

184 1523 306 1561 Medico,
321 1523 469 1561 Sexaginta
485 1522 590 1552 Librae.

3 1561 18 1578 ⁰
31 1559 113 1587 XVI.
185 1561 204 1581 ²¹¹
221 1560 351 1598 Chirurgo
361 1583 370 1599 ‚
386 1562 442 1592 Tri
464 1562 529 1591 inta.

4 1607 65 1635 703.
182 1599 399 1637 Pharmacopolae
408 1622 418 1637 ‚
439 1571 662 1638 Quinquaginta.

184 1641 294 1668 Summa
313 1637 387 1668 mille
394 1638 533 1677 sexcentae
551 1636 656 1667 Lihrae.

411 1729 555 1774 Sequitur
576 1724 815 1770 Commiffionnm
830 1728 938 1760 Tenor.

181 1811 320 1851 Jacobus,
337 1811 399 1843 Dei
411 1810 527 1849 Gratia,
544 1814 663 1850 Magnae
675 1813 853 1848 Britannia,
865 1811 990 1840 Franciae
1008 1805 1046 1842 &
1066 1806 1207 1837 Hiberniae

144 1853 207 1920 1Rex
218 1873 227 1889 ,
246 1850 328 1882 Fidei
344 1850 498 1889 Defensor,
515 1851 576 1882 &c.
593 1851 729 1881 omnibus
743 1848 893 1888 praesentes
908 1848 1017 1879 Literas
1030 1847 1138 1884 visuris,
1156 1844 1208 1876 Sa-

156 1898 266 1959 ntggin
282 1936 383 1966 nuper,
401 1926 600 1959 Sereniffimus
613 1927 710 1958 Frater
725 1927 760 1958 δε
774 1925 1008 1994 Consanguineus
1021 1922 1115 1955 noster
1129 1921 1208 1952 Cha-

147 1966 281 2005 riffimus,
296 1969 432 1996 Henricus
446 1967 505 2005 ejus
522 1965 663 1998 Nominis
712 1972 811 1996 uartus
827 1963 888 1996 Gal
896 1968 985 1995 iarum
1000 1961 1039 1999 &
1058 1963 1205 1994 Navarrae

148 2009 210 2037 Rex
225 2004 479 2044 Christianzffimus3
496 2003 558 2040 &c.
569 2012 653 2043 prout
658 1967 791 2046 ffirius.

188 2081 303 2113 Datum
316 2082 390 2120 apud
405 2081 547 2113 Palatium
560 2081 680 2122 nostrum
695 2082 727 2112 de
735 2081 806 2121 East
814 2079 1016 2118 Greenewiche,
1032 2086 1133 2117 quarto
1147 2076 1208 2108 Die

150 2119 260 2152 Mensis
270 2121 356 2159 Julii,
375 2121 462 2151 Anno
480 2120 606 2151 Domini
619 2122 653 2152 ὃς
668 2121 869 2158 Redemptoris
883 2119 973 2150 nostri
988 2117 1137 2149 millesimo
1151 2116 1209 2146 sex—

148 2159 307 2190 centefimo
322 2160 455 2197 decimo,
477 2158 573 2199 Regni
587 2162 657 2191 vero
672 2159 765 2191 nostri
781 2158 900 2198 Magnae
914 2158 1066 2190 Britanniae
1081 2155 1105 2187 F
1107 2156 1210 2187 ranciae

148 2199 183 2230 &
197 2197 349 2229 Hiberniae
364 2197 480 2230 οθιῑανο.

743 2277 797 2306 Per
815 2274 899 2315 ipfiaem
916 2276 1023 2312 Regem.

187 2363 296 2400 Louys,
314 2369 363 2398 par
381 2360 406 2391 la
425 2359 523 2392 Grace
542 2360 578 2391 de
597 2360 695 2399 Dieu,
713 2363 764 2391 Roi
782 2361 814 2390 de
831 2364 936 2391 France
950 2359 989 2395 &
1004 2359 1040 2389 de
1055 2359 1212 2395 Navurre,

152 2409 168 2430 a
189 2408 271 2430 notre
291 2398 366 2430 Ame
381 2400 415 2431 &
431 2399 495 2430 Feai
510 2399 657 2430 Conseller
670 2409 705 2430 en
722 2409 806 2431 noire
824 2399 940 2430 Conseil
954 2398 1079 2438 d'Estat‚
1095 2398 1121 2428 Ie
1136 2401 1211 2428 Sieur

153 2438 186 2467 de
203 2437 232 2467 la
245 2438 377 2477 Bodera‘e,
395 2437 483 2469 Salut.
502 2436 564 2473 &aa
576 2445 660 2478 prout
676 2441 760 2468 etiam
768 2438 901 2478 ficperius.

187 2514 301 2545 Donne
314 2514 329 2544 a
344 2516 441 2552 Paris,
459 2514 486 2545 le
499 2514 580 2553 vingt
593 2514 761 2553 quatriesme
770 2515 837 2553 jour
852 2514 887 2544 de
900 2514 983 2555 May,
1001 2513 1069 2544 l'An
1085 2512 1120 2545 de
1134 2511 1212 2544 Gra-

151 2563 187 2584 ce
200 2553 285 2583 Mille
297 2553 335 2584 fix
352 2562 419 2584 cens
434 2552 500 2592 diX,
518 2553 553 2585 ὃς
566 2553 602 2584 de
615 2562 698 2585 notre
711 2553 826 2593 Reigne
838 2553 865 2584 le
878 2555 1010 2592 premier.

188 2628 269 2660 Ainfi
285 2628 390 2669 signe,

873 2705 902 2737 L
918 2715 939 2736 0
958 2714 982 2736 u
1001 2715 1014 2736 1
1034 2713 1057 2735 s.

191 2781 232 2813 Et
249 2781 310 2822 plus
325 2782 391 2821 bas,
443 2766 445 2768 .

566 2861 625 2890 Par
640 2859 666 2890 le
683 2863 758 2900 Ray,
775 2858 806 2891 Ia
820 2862 913 2900 Royne
928 2862 1048 2899 Rege-nte

319 2933 469 2973 Presente‚

641 3011 713 3043 Di:
751 3012 1110 3045 Naurv1LLss.

536 3088 580 3116 Et
589 3085 685 3126 seellee
701 3087 737 3117 du
755 3088 857 3120 Grand
869 3088 930 3119 Seel
944 3089 977 3120 de
994 3091 1047 3119 cire
1055 3089 1157 3128 jaune.

195 3163 231 3194 In
271 3171 373 3193 uorum
394 3162 526 3193 omnium
545 3163 579 3194 &
600 3162 773 3202 fingulorum
795 3164 898 3196 Fidem
921 3165 955 3197 δι
977 3164 1211 3206 Testimonium,

155 3202 224 3233 Nos
278 3202 384 3238 eputati
405 3200 540 3231 Oratores
556 3202 590 3233 δε
604 3200 815 3242 Commiffarii,
833 3203 911 3234 hunc
925 3203 1096 3236 Tractatum
1115 3205 1210 3238 Manu

152 3238 458 3311 nostrgcsqggcgitaiffm,
474 3238 637 3279 Sigillorum
653 3240 820 3274 nostrorum
833 3241 1007 3282 appositione
1022 3245 1126 3275 muniri
1138 3243 1210 3276 feci-

153 3290 217 3312 mus
410 3301 416 3306 -

190 3355 302 3387 Actum
320 3353 462 3392 Londini,
480 3353 541 3385 Die
562 3353 678 3386 decimo
699 3365 780 3388 nono
797 3356 936 3400 Augusti,
953 3358 1042 3392 Anno
1057 3361 1074 3392 a
1090 3359 1210 3393 Nativi-

0 3424 1 3434 ἶ
54 3427 55 3430 ,
149 3401 205 3427 tate
220 3392 331 3425 Christi
344 3393 493 3424 millesimo
507 3392 708 3425 sexcentesimo
722 3394 847 3427 decimo.

0 3469 2 3504 ἶ
308 3470 723 3502 R.SA1.1snuRv.

0 3528 3 3544 1
385 3509 422 3540 N

367 3557 388 3577 o
406 3556 430 3578 T

379 3586 425 3617 W

337 3631 360 3655 u
380 3633 413 3655 L.
500 3632 532 3655 ιε
551 3633 564 3655 s

309 3663 341 3693 T
361 3672 385 3693 H
405 3673 439 3694 o.
475 3662 501 3693 Ρ
520 3672 541 3693 Α
560 3671 585 3693 R
604 3670 628 3694 R
649 3672 681 3693 Υ.

306 3700 379 3732 ΒΕ
418 3711 484 3733 LA
517 3701 791 3732 Bouiania.

304 3508 348 3616 {²³2ss

442 3516 594 3539 oRTH

449 3555 593 3578 TING

444 3593 602 3655 ‘eTT‘l

299 3624 317 3663 k.-

189 3775 258 3807 Nos
269 3778 367 3809 omnia
383 3778 417 3809 &
429 3778 532 3818 singula
545 3776 618 3809 dieti
631 3775 784 3808 Tradimus
798 3776 930 3817 Capitula
942 3777 1139 3820 suprascripta,
1156 3790 1207 3821 per

151 3811 263 3852 Nostros
276 3815 310 3846 &
324 3815 394 3846 dieti
407 3819 486 3854 Regis
498 3816 712 3858 Christianiffl'mi
722 3814 943 3847 Commiffiirios
955 3819 1116 3859 praedi&os‚
1133 3830 1206 3851 con-

149 3857 233 3894 venta
243 3854 416 3886 concordata
436 3856 470 3887 δε
490 3855 641 3893 conclusa,
658 3855 692 3886 &
714 3856 813 3885 omnia
835 3856 869 3887 &
891 3855 997 3893 singula
1011 3857 1156 3895 superinde
1173 3860 1204 3889 in

149 3887 254 3932 eisdem
284 3899 422 3923 contenta
443 3895 477 3926 &
500 3893 673 3933 specificata,
690 3901 747 3925 rata
762 3892 841 3924 firma
857 3895 890 3925 δε
906 3902 984 3932 grata
1000 3895 1146 3936 habentes,
1169 3907 1202 3928 ea

148 3935 249 3970 omnia
267 3927 301 3958 &
321 3929 425 3968 lingula
438 3955 449 3971 ,
473 3942 528 3971 pro
548 3932 649 3962 Nobis
667 3931 840 3964 Haeredibus
859 3933 892 3964 &
913 3932 1126 3966 Succefforibus
1146 3946 1200 3967 no-

145 3963 220 4002 stris,
233 3973 366 4003 quatenus
380 3968 448 4000 Nos
461 3979 509 4003 aut
524 3970 660 4002 Haeredes
673 3971 868 4002 Succceffores
882 3971 927 4003 vel
941 3971 1076 4004 Subditos
1088 3974 1200 4006 nostros

145 4012 325 4046 concernunt
344 4014 392 4050 aut
403 4016 578 4041 concernere
589 4017 723 4046 poterunt
731 4033 741 4049 ,
759 4017 941 4048 acceptamus
956 4012 1143 4048 approbamus
1155 4024 1199 4044 ra-

144 4040 304 4086 tificamus,
319 4052 353 4074 ac
368 4046 565 4089 inviolabiliter
578 4047 694 4080 firmiter
709 4049 782 4080 bene
795 4050 828 4080 &
842 4047 957 4080 fideliter
972 4051 1129 4083 tenebimus
1143 4053 1200 4082 ob-

142 4079 314 4124 servabimus
334 4082 378 4125 δε·
390 4082 608 4124 adimplebimus
618 4087 653 4117 &
667 4096 738 4118 cum
754 4085 861 4118 effectu
875 4087 1011 4119 faciemus
1026 4097 1057 4120 ut
1075 4089 1103 4119 in
1118 4090 1201 4122 dietis

138 4116 277 4161 Capitulis
297 4126 479 4160 continetur,
496 4123 530 4155 &
551 4132 602 4162 per
621 4124 757 4159 Subditos
779 4124 891 4159 nostros
905 4135 939 4159 ac
954 4125 1127 4166 Regnorum
1141 4139 1194 4162 no-

177 405 252 438 Aliis
267 409 445 446 Septuaginta
458 406 527 444 σεῖο,
543 406 654 445 lingulis
663 405 772 445 septem
785 405 884 438 Librae
894 416 958 447 quae
971 407 1079 440 faciunt
1094 406 1190 445 Quin·
1225 405 1386 439 Praesentes.

1228 378 1292 399 mus
1306 392 1317 407 ³
1339 369 1373 400 &
1394 371 1450 409 ita,
1473 371 1550 403 bona
1571 372 1641 403 Fide
1659 375 1693 405 &
1713 377 1743 407 in
1769 376 1867 409 Verbo
1886 379 1996 420 Regio,
2022 386 2212 421 promittimus
2228 395 2278 425 per
2326 384 2415 415 1610.

1255 445 1297 489 ¹In
1312 447 1585 491 quorum'ornnium
1598 449 1631 491 δε
1645 449 1815 489 singulorum
1831 454 2039 488 Praemifforum
2054 460 2154 491 Fidem
2169 462 2203 492 &
2216 461 2278 492 Te·
2302 422 2317 448 8
2328 422 2392 462 Jaa
2403 432 2431 454 x*

1227 482 1395 553 gimffmum
1408 485 1461 553 lsigis
1476 485 1684 555 Praesentibifm,
1699 489 1792 521 Manu
1811 494 1922 531 propria
1935 495 2091 537 subscriptis
2104 522 2114 538 ,
2136 499 2280 539 Magnum

1258 531 1286 562 gi
1306 532 1358 553 um
1369 532 1409 553 no
1436 533 1498 555 rum
1514 533 1618 564 appom
1641 535 1759 558 ecimus.

1264 597 1376 630 Datum
1396 600 1469 640 apud
1481 600 1672 645 *Wodllockm
1692 603 1829 634 vicesimo
1852 607 1952 644 quinto
1971 608 2030 640 Die
2053 611 2172 652 Augusti
2186 615 2290 647 secun-⁴

1231 636 1301 668 dum
1317 636 1575 678 Computationem
1591 639 1726 672 Ecclesiae
1741 642 1916 681 Anglicanae,
1934 647 2021 678 Anno
2035 649 2159 683 Domini
2173 654 2283 685 millesi-

1232 685 1283 706 mo
1304 676 1506 723 sexcentesimo
1527 678 1661 723 decim0,
1687 679 1781 720 Regni
1801 683 1871 713 vero
1894 684 1980 714 nostri
1998 686 2115 727 Magnae
2136 691 2283 724 Britannice

1232 714 1359 748 Franciae
1371 717 1405 749 ὃ(
1420 717 1569 748 Hiberniae
1582 718 1697 749 octavo.

1802 795 1822 835 J
1839 805 1860 826 A
1878 805 1897 827 c
1915 807 1937 827 o
1957 807 1976 829 B
1997 806 2020 828 u
2040 809 2052 830 s
2091 800 2132 832 R.

1854 875 1909 904 Per
1925 872 2008 914 ipfitm
2025 878 2131 914 Regem.

1981 951 2192 985 CARizw.

1238 1077 1266 1105 ²¹*
1278 1081 1325 1114 De
1343 1077 1488 1124 Potestate
1503 1079 1650 1126 commissa
1665 1080 1822 1115 Edwardo
1839 1084 1968 1116 Domino
1985 1086 2101 1119 thon
2116 1084 2292 1135 Juramen-
2310 1103 2326 1119 ra
2335 1103 2418 1132 χνῑ,

1459 1138 1526 1162 tum
1552 1130 1640 1175 Regis
1656 1129 1890 1175 Christianiffimi
1903 1134 2072 1179 recipiendi.
2312 1151 2378 1177 7⁰4·

1242 1213 1387 1272 REX,
1404 1214 1467 1245 ὅτε.
1483 1213 1616 1245 omnibus
1630 1215 1664 1246 &
1679 1213 1790 1254 lingulis
1804 1218 1950 1255 praeientes
1964 1218 2071 1251 Literas
2085 1220 2198 1261 visuris,
2216 1222 2296 1255 Salii·
2314 1233 2388 1263 Αῃῃ,
2404 1232 2446 1262 D;

1332 1262 1388 1283 em.

1279 1261 1362 1322 Cdm
1376 1291 1406 1321 in
1423 1289 1560 1320 Tranatu
1576 1299 1666 1329 nuper
1681 1291 1798 1329 habito,
1813 1293 1885 1324 inter
1900 1295 2036 1332 quosdam
2049 1296 2228 1331 Consiliarios
2242 1311 2297 1332 no-
2335 1272 2421 1337 ¹253

1241 1329 1312 1360 stros
1325 1339 1374 1369 per
1388 1327 1458 1359 Nos
1472 1328 1638 1367 deputatos,
1656 1331 1689 1361 ὅτ,
1704 1329 1842 1362 lllustrem
1859 1332 1962 1364 Virum
1974 1339 2135 1367 Antonium
2146 1337 2179 1368 de
2194 1338 2224 1368 la
2240 1341 2290 1369 Bo·
2315 1349 2391 1376 Trafi·
2420 1347 2437 1374 8

1239 1368 1286 1398 der
1283 1379 1317 1409 ye
1340 1368 1474 1406 Equitem
1496 1367 1652 1413 Auratum,
1672 1367 1810 1414 Legatum
1824 1372 1857 1401 ὃς
1874 1370 2051 1412 Deputatum
2067 1376 2083 1405 ὲ
2096 1378 2165 1414 Rege
2180 1381 2299 1408 Franco·
2315 1386 2383 1425 ch,
2394 1371 2431 1413 ἰ,
2442 1370 2449 1376 “

1241 1417 1303 1437 rum
1317 1405 1356 1441 ὠ
1372 1408 1519 1436 Navarrae
1532 1404 1750 1450 Chr-stiantffimo
1765 1408 1905 1439 Ludovico
1920 1412 1976 1448 ejus
1990 1415 2113 1445 nominis
2122 1418 2230 1446 Decimo
2242 1423 2300 1447 ter·
2315 1409 2349 1455 ,η’

1243 1449 1283 1476 tio
1299 1445 1393 1477 Fratre
1410 1443 1510 1475 nostro
1524 1444 1704 1483 chariffimo,
1719 1446 1755 1476 de
1773 1446 1975 1480 Renovatione
1991 1452 2170 1489 antiquorum
2192 1455 2300 1486 Foede-
2345 1447 2352 1455 ⁶
2373 1434 2400 1462 3⁹

1245 1493 1328 1522 rum,
1346 1493 1460 1514 necnon
1483 1481 1518 1513 de
1537 1491 1636 1514 mutua
1651 1483 1843 1523 Defensione,
1859 1485 2019 1518 Intercursu
2034 1489 2217 1523 Commercii
2252 1503 2301 1524 ex-

1246 1521 1390 1559 ercendis,
1408 1522 1441 1553 &
1463 1519 1734 1565 Depraedationibus
1748 1524 1877 1562 utrinque
1891 1526 2075 1566 cohibendis,
2093 1530 2164 1561 inter
2179 1516 2281 1564 caeiera

1245 1570 1422 1592 conventum
1437 1561 1470 1591 &
1483 1559 1650 1590 conclusum
1665 1560 1762 1599 fuerit,
2291 1555 2302 1572 ³

1282 1598 1370 1639 Qod
1382 1599 1466 1628 dietus
1482 1601 1581 1628 Frater
1595 1598 1682 1638 noster
1695 1599 1873 1631 Francorum
1888 1601 1971 1641 Rex,
1990 1603 2048 1633 una
2063 1616 2121 1635 cum
2136 1608 2302 1648 Sereniffima

1249 1636 1364 1675 Regina
1385 1637 1483 1667 Matre
1503 1636 1547 1666 sua
1571 1636 1701 1676 Regente
1722 1637 1865 1677 Franciae‚
1886 1640 1919 1670 de
1941 1641 2115 1680 avisamenta
2134 1643 2172 1679 ὠ·
2192 1647 2304 1686 consilio

1249 1677 1402 1713 Principum
1416 1678 1562 1712 Sanguinis
1567 1674 1625 1714 siti,
1643 1675 1758 1706 aliorum
1779 1688 1810 1706 ue
1824 1677 2023 1715 officiariorum
2031 1684 2202 1723 Coronaefhae
2213 1689 2304 1715 Fran-

1247 1717 1296 1743 eiae
1305 1737 1314 1753 ,
1331 1714 1504 1753 Juramenta
1512 1713 1674 1752 praestarent
1684 1737 1693 1753 ,
1711 1722 1742 1744 ta
1771 1719 1793 1744 is
1810 1717 1932 1747 manibus
1938 1717 2187 1760 ficii-sacrosanblis
2201 1726 2303 1754 Evan-

1244 1752 1340 1789 geliis‚
1359 1751 1433 1793 quod
1454 1755 1544 1781 omnia
1566 1756 1597 1782 in
1614 1753 1685 1782 disto
1703 1755 1837 1783 Traelatu
1850 1763 1977 1785 contenta
1990 1757 2173 1797 observabunt
2188 1760 2226 1796 ό,
2261 1773 2305 1792 er-

1247 1791 1410 1829 implebunt,
1429 1799 1487 1820 tum
1508 1787 1547 1824 ό
1567 1791 1692 1830 quando,
1705 1801 1756 1830 per
1774 1795 1910 1830 Legatum
1929 1795 1981 1824 vel
2001 1800 2119 1834 Legatos
2134 1800 2174 1829 ad
2187 1801 2219 1831 id
2244 1798 2305 1838 uffi-

1247 1833 1328 1859 cienti
1343 1829 1485 1859 Mandata
1495 1831 1635 1869 praeditos,
1652 1830 1742 1860 debite
1760 1831 1880 1870 requifiti
1897 1831 2017 1874 fiierint,
2034 1834 2072 1870 ό·
2084 1846 2219 1876 praeterea
2234 1841 2308 1881 quod

1250 1868 1337 1899 didus
1354 1868 1419 1898 Rex
1436 1867 1687 1899 Christianiffimus
1702 1868 1830 1909 confimile
1841 1871 2039 1908 Juramentum
2050 1875 2138 1905 denuc)
2172 1878 2296 1917 raestahit

1250 1908 1309 1937 ciem
1330 1907 1424 1945 Major
1443 1906 1606 1945 devenerit,
1623 1905 1662 1942 ό·
1682 1911 1788 1938 interea
1799 1909 1874 1949 quod
1883 1917 1976 1940 ratum
1989 1911 2099 1943 habebit
2183 1903 2306 1947 amori-3

1251 1953 1313 1977 tate
1327 1945 1384 1985 fied
1407 1945 1566 1984 approbabit
1588 1956 1676 1975 omnes
1697 1944 1735 1981 ῤ’
1750 1947 1868 1987 singulos
1886 1949 2029 1980 Articulos
2039 1954 2068 1981 in
2083 1937 2155 1984 aido
2171 1955 2308 1986 Tradatu

1252 1993 1405 2022 contentos,
1418 1992 1467 2022 per
1490 1987 1604 2014 Literas
1617 1983 1686 2024 sicas
1710 1987 1843 2016 Patentes
1862 1990 1955 2017 Manu
1962 1986 2173 2031 fikdfignatar,
2190 2002 2255 2032 appo
2265 2001 2306 2025 tta

1250 2027 1358 2062 Magno
1379 2023 1470 2060 Sigillo
1486 2021 1554 2062 fito,
1572 2034 1641 2064 quas
1664 2024 1769 2065 quidem
1790 2026 1903 2055 Literas
1925 2027 2119 2067 ratificatorias
2135 2031 2222 2061 draus
2239 1993 2308 2064 Ιζεκ

1250 2061 1502 2094 Christianiffimus
1524 2062 1587 2092 dari
1604 2059 1642 2096 &¹
1655 2064 1731 2092 tradi
1736 2061 1828 2102 faciet
1845 2067 1922 2094 intra
1929 2064 2052 2104 spatium
2070 2072 2154 2099 trium
2172 2070 2309 2112 Menfium

1250 2101 1270 2132 ἃ
1290 2105 1345 2132 Die
1368 2104 1454 2131 Datae
1475 2100 1651 2140 Conclufienis
1667 2101 1734 2131 dieii
1747 2102 1894 2133 Tradatds
1906 2106 2110 2146 computandos,
2129 2111 2245 2139 oratori
2259 2121 2308 2140 no-

1243 2140 1304 2181 stro
1323 2148 1381 2171 tum
1403 2143 1433 2170 in
1455 2138 1551 2168 Gallia
1569 2138 1711 2177 refidenti‚
1730 2147 1780 2170 aut
1793 2140 1874 2172 alicui
1889 2141 1940 2172 alii
1949 2142 2127 2183 fitfficientem
2143 2145 2309 2187 potestatem

1252 2179 1291 2215 ρξ’·
1313 2178 1484 2210 Mandatum
1502 2177 1619 2208 habenti
1639 2178 1680 2207 ad
1694 2177 1798 2217 easdem
1810 2180 2000 2219 recipiendum,
2018 2181 2056 2217 ὠ·
2074 2184 2151 2227 quod
2157 2189 2221 2225 pari
2234 2187 2311 2217 modo

1252 2219 1379 2260 quicquid
1390 2221 1420 2248 in
1437 2217 1484 2247 hoc
1499 2215 1564 2246 Rex
1578 2216 1832 2248 Christianiffimus
1849 2226 1958 2250 tenetur
1970 2220 2062 2259 facere
2075 2220 2114 2257 ό·
2160 2222 2255 2263 aestare
2282 2226 2315 2255 id

1250 2255 1335 2335 ipfiossz
1358 2255 1435 2296 infra
1456 2255 1525 2285 idem
1545 2262 1645 2294 tempus
1665 2257 1727 2286 Nos
1746 2255 1842 2297 eisdem
1855 2256 1954 2298 formai
1974 2258 2012 2295 ὠ
2026 2261 2101 2291 modo
2127 2249 2312 2301 aceremus'&

1245 2304 1305 2335 prae
1329 2306 1454 2333 aremu53

1290 2335 1386 2366 Sciatis
1408 2335 1492 2372 igitur
1513 2333 1621 2371 quod‚·
1629 2332 1876 2373 quemadmodum
1899 2334 1968 2367 Nos
1989 2346 2041 2374 pro
2062 2337 2146 2370 Parte
2167 2339 2263 2371 nostra
2279 2348 2312 2374 ea

1253 2375 1351 2405 omnia
1366 2372 1497 2411 praestare
1514 2373 1611 2416 parati-
1621 2372 1713 2402 sumus
1732 2373 1766 2404 δε
1781 2374 1902 2412 erimus,
1918 2375 1957 2406 ita
1972 2374 2007 2406 de
2023 2377 2168 2415 reciproca
2183 2378 2314 2417 Propen-

1253 2413 1331 2444 sione
1353 2412 1499 2442 dierorum
1522 2409 1765 2441 Chariffimorum
1779 2433 1788 2447 ,
1813 2411 1917 2442 Fratris
1937 2413 2026 2443 nostri
2045 2418 2210 2446 Francorum
2233 2420 2273 2448 Re
2290 2422 2314 2448 is

1254 2450 1500 2485 Christianiffimi,
1519 2450 1552 2479 ὃς
1567 2449 1679 2479 Sororis
1691 2448 1795 2479 nostrae
1806 2449 1995 2481 Sereniffimae
2007 2455 2116 2490 Reginae
2132 2458 2239 2486 Matris
2267 2467 2310 2486 uae

1253 2492 1379 2527 Regentis
1391 2490 1532 2524 Franciae,
1552 2488 1674 2517 minime
1688 2487 1860 2525 dubitantes,
1879 2489 1914 2519 de
1928 2489 2073 2522 Fidelitate
2088 2495 2158 2523 vero
2172 2494 2313 2526 Circum-

1253 2529 1398 2565 spectione
1413 2528 1446 2557 ὃ(
1461 2525 1612 2563 Industria,
1629 2525 1790 2556 Praedileeti
1802 2526 1963 2557 Consiliarii
1976 2529 2082 2567 nostri,
2100 2530 2239 2562 Edwardi
2254 2536 2315 2563 Do-

1253 2569 1322 2596 mini
1337 2569 1450 2596 Wotton
1465 2563 1500 2593 de
1518 2563 1628 2601 Marley
1642 2562 1776 2601 supremi
1790 2563 2060 2598 Contrarotulatoris
2071 2568 2196 2607 Hospitii
2210 2571 2317 2610 nostri,

1255 2604 1412 2642 plurimum
1438 2601 1632 2639 confidentes,
1650 2601 1775 2632 eundem
1796 2602 1936 2642 Legatum
1959 2604 2114 2638 Oratorem
2136 2607 2314 2641 Commissa-

1257 2643 1333 2673 rium
1348 2643 1381 2673 &
1398 2641 1614 2671 Procuratorem
1628 2639 1760 2670 nostrum
1773 2641 1894 2672 facimus
1906 2652 1956 2679 per
1969 2643 2134 2684 Prael‘entes,
2152 2647 2263 2685 illique,
2279 2649 2313 2679 fi-

1257 2681 1318 2711 mul
1332 2690 1402 2710 curn
1416 2679 1536 2710 Dueeto
1551 2679 1585 2710 δε
1600 2678 1699 2722 Fidele
1707 2678 1816 2718 nostro,
1832 2679 1938 2710 Thomae
1948 2681 2099 2713 Edmondes
2115 2684 2225 2724 Milite,
2240 2686 2315 2718 Ora-

1256 2729 1319 2750 tore
1343 2718 1444 2749 nostro
1465 2719 1493 2747 in
1517 2717 1634 2747 FranCia
1650 2717 1800 2756 relidente,
1820 2720 2001 2757 conjunfflm
2017 2722 2050 2752 &
2067 2722 2196 2760 divisim,
2215 2724 2316 2755 damus

1255 2760 1289 2789 &
1314 2756 1499 2788 concedimus
1526 2755 1734 2786 Austoritatem
1756 2757 1789 2787 &
1814 2755 1988 2788 potestatem
2009 2759 2102 2790 dietus
2128 2761 2317 2794 Chariffimos

1254 2800 1382 2827 Fratrem
1402 2796 1435 2827 ὃς
1453 2798 1574 2825 Sororem
1598 2793 1710 2824 nostros
1729 2795 1847 2826 nomine
1865 2795 1964 2826 nostro
1985 2797 2122 2837 adeundi,
2141 2799 2317 2831 Instrumen-

1254 2844 1316 2867 tum
1330 2833 1535 2865 Ratificationis
1549 2833 1582 2864 ὃς
1598 2831 1838 2863 Confirmationis
1852 2833 1921 2864 dieti
1937 2834 2093 2867 Trastatfis
2109 2838 2208 2869 debito
2223 2840 2315 2870 modo

1255 2872 1462 2916 expediendum
1471 2872 1528 2941 ‚dest
1547 2869 1661 2910 Magno
1682 2871 1781 2909 sigillo
1806 2871 1875 2902 dieti
1897 2875 1975 2910 Regis
1991 2874 2204 2917 Christianiffimi
2219 2879 2314 2908 niuni-

1254 2921 1316 2944 tum
1352 2922 1406 2942 rec¹
1428 2921 1474 2941 ien
1497 2920 1505 2940 i

1289 2921 1454 2989 Ju’ramegta
1475 2933 1523 2987 pei
1536 2948 1610 2985 ipsos
1624 2951 1721 2985 Regem
1735 2948 1769 2979 ὃς
1781 2951 1928 2988 Reginam,
1947 2950 2056 2981 attaCtis
2070 2951 2257 2984 Sacrosanffis
2272 2953 2313 2984 E-

1255 2990 1406 3028 vangeffis,
1425 2997 1478 3026 pro
1500 2987 1695 3017 observatione
1717 2988 1850 3017 omnium
1870 2988 1899 3017 in
1914 2988 1993 3018 dieto
2006 2989 2142 3022 Tractatu
2160 3000 2314 3023 contento-

1255 3037 1319 3058 rum
1336 3026 1457 3064 praestari
1471 3024 1642 3063 requirendi,
1660 3025 1693 3055 &
1707 3025 1751 3055 illa
1765 3024 1887 3063 praestari
1901 3026 2030 3066 videndi,

1293 3065 1456 3102 Literasque
1478 3064 1512 3094 &
1524 3062 1748 3094 instrumentum
1763 3064 1911 3102 publicum
1921 3065 1954 3095 &
1969 3066 2164 3098 authenticum
2178 3068 2258 3106 super
2271 3068 2315 3101 di'-

1252 3104 1370 3173 gitorum
1382 3103 1628 3172 Sgeramentorum
1642 3101 1822 3142 praestatione
1835 3102 1942 3134 confici
1956 3104 1989 3136 &
2004 3104 2055 3135 sibi
2067 3106 2139 3136 tradi
2152 3108 2314 3146 requirendi

1300 3152 1341 3172 exi
1365 3151 1398 3172 en
1421 3151 1450 3179 i,

1288 3151 1458 3218 Caegemque
1489 3180 1588 3210 omnia
1609 3188 1674 3218 quae
1697 3179 1774 3210 circa
1798 3179 1947 3211 Praemissa
1970 3180 2072 3212 fuerint
2092 3183 2244 3215 necessaria
2263 3191 2311 3216 aut

1251 3218 1476 3257 quomodolibet
1489 3227 1652 3256 opportuna
1665 3218 1796 3256 explendi
1810 3219 1844 3249 ὃς
1859 3219 1989 3250 faciendi.

1288 3257 1333 3288 Ιτ
1344 3267 1362 3288 E
1372 3265 1418 3296 M,
1436 3256 1657 3296 promittentes,
1675 3255 1752 3287 bona
1767 3256 1837 3287 Fide
1850 3258 1926 3287 &in
1941 3257 2039 3288 Verbo
2055 3257 2161 3296 Regio,
2181 3258 2250 3289 Nos
2265 3270 2310 3292 ra-

1250 3304 1315 3327 tum
1342 3296 1458 3326 firmum
1480 3295 1513 3326 &
1532 3303 1644 3335 gratum
1667 3294 1812 3326 habituros
1830 3296 1981 3335 quicquid,
1998 3305 2047 3334 per
2067 3297 2159 3328 dictos
2182 3297 2306 3336 Legatos

1248 3334 1362 3404 ¹nostros
1385 3334 1430 3366 vel
1452 3343 1555 3364 eorum
1575 3334 1716 3372 aliquem,
1736 3334 1834 3365 actum
1857 3334 1892 3365 &
1909 3334 2019 3373 gestum
2034 3335 2162 3367 fueritin
2175 3335 2310 3368 Praemis-

1260 3384 1291 3404 ιε.

1289 3411 1325 3442 In
1369 3420 1472 3443 uorum
1491 3411 1625 3442 omnium
1643 3410 1743 3442 Fidem
1757 3412 1790 3442 &
1805 3409 2022 3441 Testimonium
2038 3411 2215 3448 praesentibus
2227 3412 2310 3445 Lite-⁴

1249 3450 1323 3519 ris,d
1368 3461 1421 3481 anu
1443 3449 1539 3481 nostra
1558 3449 1730 3487 subscriptis,
1758 3448 1888 3488 Sigillum
1909 3449 2042 3480 nostrum
2062 3450 2196 3482 duximus
2216 3460 2307 3491 app&

1248 3499 1303 3520 nen
1326 3499 1386 3520 um.

1285 3566 1353 3596 Dat.
1377 3565 1450 3604 apud
1470 3562 1639 3610 Woofflock,
1657 3563 1796 3594 vicesimo
1818 3564 1918 3601 quinto
1940 3562 1998 3593 Die
2011 3563 2132 3609 Augusti
2146 3565 2304 3600 secundum

1249 3603 1511 3642 Computationem
1528 3603 1662 3633 Ecclelize
1684 3603 1867 3639 Anglicanae,
1887 3602 1972 3630 Anno
1997 3600 2123 3633 Domini
2141 3605 2228 3635 1610.
2243 3605 2305 3637 Re-

1247 3645 1297 3683 gni
1311 3645 1381 3675 vero
1396 3642 1483 3673 nostri
1497 3641 1617 3680 Magnae
1631 3640 1779 3671 Britanniae
1793 3640 1919 3670 Franciae
1935 3640 1968 3669 &
1984 3639 2133 3672 Hiberniae
2148 3644 2264 3676 oe’tavo.

1247 3764 1275 3791 *ὲ
1288 3766 1505 3811 Acquietantia
1515 3773 1569 3808 pro
1587 3765 1661 3809 Rege
1678 3764 1859 3794 Francorum
1874 3765 1910 3800 (ᾗ
1931 3765 2087 3796 Navarrae
2103 3764 2139 3798 de
2158 3766 2306 3800 Solutione
2319 3787 2336 3803 0
2346 3789 2430 3817 XVI·

1392 3815 1556 3858 Sexaginta
1578 3811 1722 3843 Millium
1744 3808 1906 3843 Librarum
1931 3812 2158 3859 Sterlingorum.
2319 3835 2384 3862 705-
2422 3809 2433 3817 ⁹

1287 3897 1397 3928 Acobus
1408 3920 1417 3934 ,
1434 3896 1492 3927 Dei
1511 3894 1628 3933 Gratia,
1647 3898 1762 3932 Magnae
1781 3897 1938 3925 Britannia
1956 3898 2081 3927 Francia
2098 3897 2136 3933 (ᾗ,
2155 3901 2296 3932 Hibera-24,
2316 3910 2392 3939 Am·
2404 3908 2448 3938 D⁴

1295 3939 1372 3974 Rex,
1389 3935 1468 3967 Fidei
1489 3933 1648 3972 Defensor,
1665 3935 1726 3965 &c.
1747 3934 1881 3965 omnibus
1898 3934 1932 3964 ad
1945 3944 2017 3972 quos
2037 3937 2182 3974 praesentes
2198 3941 2296 3972 Literae
2335 3948 2411 3976 1610

1242 3975 1440 4014 pervenerint,
1458 3972 1594 4004 Salutem.
2414 3970 2421 3977 ²

1279 4013 1378 4043 Sciatis
1393 4012 1462 4042 Nos
1475 4009 1606 4048 recepisse
1618 4010 1652 4041 &
1666 4008 1808 4047 habuisse,
1825 4010 1871 4040 die
1887 4010 2076 4043 confefflonis
2092 4013 2275 4046 Praeseritium
2285 4039 2295 4054 ‚
2316 3990 2431 4049 Trffcotta't.

1239 4053 1269 4090 Ξ,
1286 4050 1466 4095 Sereniffitno
1481 4049 1614 4092 Principe
1623 4048 1718 4094 Fratre
1727 4049 1760 4080 &
1769 4047 1989 4087 Consanguineo
2003 4051 2100 4081 nostro
2110 4052 2294 4092 Chariffim0‚
2315 4061 2330 4085 δ’
2343 4060 2403 4096 Jac.
2414 4061 2440 4093 ³}

1243 4090 1455 4134 Ludovico'ejus
1473 4087 1613 4118 Nominis
1629 4090 1739 4117 Deczmo
1756 4094 1836 4132 tertro
1850 4090 2016 4134 Francoriim
2031 4086 2069 4124 ὠν
2081 4092 2226 4121 Navarrae
2244 4093 2295 4119 Re·
2317 4107 2352 4125 m,
2368 4106 2413 4134 34,

1236 4141 1271 4169 ge
1285 4126 1522 4159 Christiamffimo
1532 4149 1541 4165 ,
1559 4135 1608 4166 per
1629 4124 1735 4157 Manus
1750 4128 1860 4157 Donum
1874 4126 1906 4155 de
1920 4126 2066 4167 Batffiaux
2081 4127 2189 4167 Equiris
2206 4129 2297 4171 Aura-

2268 4174 2301 4203 ti,
