2557 4279
78 281 94 294 -
114 258 215 305 xvii]

78 326 112 351 29
120 327 128 344 r
136 336 143 342 .

78 360 124 382 Ro!
131 377 135 381 .
143 356 207 380 Tra-

79 394 141 419 (lat.
153 396 208 418 An·

77 433 115 458 nis
147 440 188 465 ¹7-

80 517 126 536 20.
142 505 209 544 Jac.

76 2463 153 2494 Arm.
171 2461 213 2493 D.

100 2502 185 2532 1621.

75 2541 142 2569 lbid.
157 2551 193 2568 m.

82 2589 124 2607 12.

83 3124 105 3145 ¹⁸
121 3125 225 3153 XVII.

88 3173 152 3199 ²92·

274 253 293 274 *
307 255 364 285 Pro
390 248 544 284 frederico
571 247 606 280 de
632 251 768 290 Vervon,
795 246 932 294 Equestri
955 247 1070 281 Ordine
1091 245 1237 280 decorare.

262 337 286 367 A
296 345 338 365 co
348 343 395 366 rit]
407 344 437 371 s,
456 333 515 365 Dei
530 332 632 372 gratis,
650 336 764 370 Magnae
781 336 920 364 Britaniae
933 336 1057 363 Franciae
1080 331 1119 366 ὠ·
1145 330 1287 360 Hiberniae

274 378 331 404 Rex
352 374 430 403 Fidei
451 371 683 407 Defensor‚&c.
692 371 838 402 Omnibus
857 382 984 411 quorum
1001 370 1115 402 interest
1130 369 1284 408 Diploma·

223 416 259 447 tis
277 412 392 450 hujusce
410 411 500 441 nostri
518 420 648 441 tenorem
675 410 867 449 cognoscere,
885 410 1021 441 Salutem.

257 451 316 482 Etsi
336 450 432 480 Virtus
451 450 506 486 ipia
523 448 625 480 idonea
643 449 693 480 sibi
713 450 743 479 lit
764 448 877 479 Merces
893 473 903 486 ,
929 448 963 479 &
989 447 1061 478 infra
1085 455 1151 477 eum
1171 444 1287 488 censen·⁴

223 491 292 522 dum
312 489 343 519 sit
368 488 515 527 quicquiid
533 487 626 528 potest
652 488 785 525 retribui,
811 487 958 525 Principes
984 495 1082 516 tamen
1101 485 1210 528 decet,
1236 483 1286 513 ubi

225 530 274 561 ubi
292 537 356 559 earn
381 528 540 558 invenerint
551 549 560 564 ,
577 526 756 565 magnificare
767 548 777 563 ,
793 526 937 556 bonorum
954 524 1091 554 Virorum
1113 522 1218 553 Merita
1235 532 1287 553 co-

166 567 171 572 ’
223 575 355 599 ronantes
368 565 527 596 Honorum
547 565 673 596 Praemiis
687 589 696 601 ,
721 564 895 602 caeterosque
914 564 967 593 hac
987 564 1135 592 invitantes
1155 558 1290 591 illecebra

227 606 262 638 ad
288 604 458 635 Imitationis
476 603 631 634 Gloriam:
657 613 716 641 quo
738 603 768 632 in
785 611 888 641 genere
910 602 981 632 cum
1007 600 1195 644 Subditorum
1221 608 1289 629 cura

227 645 328 678 Nobis
347 643 431 675 fuerit
451 643 718 681 praecipua‚quibus
739 650 884 679 nunquam
899 638 968 677 paffi
983 639 1077 669 sumus
1095 638 1220 669 sterilem
1236 647 1289 668 co-

226 685 245 717 li
275 682 423 713 Virtutem
442 703 451 719 ,
476 691 538 712 tum
563 691 656 718 neque
680 688 790 710 exteros
814 679 1014 716 negleximus,
1040 686 1113 721 quos
1146 676 1289 721 perspecta

226 721 328 755 Nobis
351 720 566 752 commendavit
592 718 729 749 Industria
746 740 755 754 ,
790 718 947 755 praesertim
973 727 1022 748 eos
1049 725 1097 755 qui
1123 715 1289 753 Legationis

226 762 376 799 fungentes
395 759 535 796 Munere,
554 760 569 788 a
589 757 812 795 Consanguineis
838 755 1018 795 Principibus
1032 777 1042 794 ,
1067 754 1116 785 vel
1142 753 1289 786 illustrissi-

226 801 281 832 mis
301 799 375 829 miffi
392 797 631 836 Rebuspublicis,
650 797 725 826 bene
742 793 779 824 de
797 793 951 825 Christiani
970 793 1156 832 Orbi5,bene
1174 792 1211 823 de
1224 791 1290 823 nos-

226 848 289 875 tro,
305 839 379 869 bene
398 838 433 867 de
453 836 553 866 Patriae
572 835 619 865 cui
634 834 787 865 inserviunt
799 833 879 864 Statu
900 841 1073 864 meruerunt.

268 877 347 916 Qae
364 876 432 907 Nos
447 875 503 905 hoc
523 882 654 911 tempore
669 873 844 911 impulerunt
862 870 1016 910 Causae,ut
1036 871 1137 902 Virum
1157 869 1289 901 nobilem

228 916 349 948 Frisium
390 923 477 945 artem
497 912 654 943 clariffimae
675 911 841 955 Legationis
865 910 902 942 ab
921 911 1032 941 Amicis
1057 909 1158 940 nostris
1176 908 1290 953 clariss‘i-

228 956 285 986 mis
307 955 339 986 ὃ(
409 951 575 983 nfoederatis
602 949 788 981 illustrissimis
810 950 844 982 &
872 949 1097 988 praepotentibus
1114 971 1124 986 ,
1151 946 1290 978 Dominis

229 993 368 1024 ordinum
388 994 534 1021 Unitarum
551 988 640 1026 Belgii
656 991 868 1018 Provinciarum
883 988 905 1018 F
908 995 1114 1019 Renenicum
1135 995 1178 1017 Di:
1200 985 1294 1017 VER-

230 1041 295 1063 voN
313 1032 331 1061 ὰ
350 1028 540 1060 Martuahniis
551 1051 560 1066 ,
584 1027 731 1058 illustrium
750 1026 894 1057 Ordinum
912 1027 1006 1056 Frisiae
1022 1028 1050 1056 in
1062 1025 1208 1057 dictorum
1224 1024 1293 1055 Do-

230 1072 377 1101 minorum
394 1068 539 1098 Ordinum
558 1066 743 1096 Generalium
763 1064 902 1096 Concilio
919 1066 1086 1105 deputatum
1111 1074 1192 1095 novo
1209 1073 1294 1095 orna-

229 1119 260 1140 re
276 1107 419 1146 Equestris
439 1106 552 1136 Gradus
570 1105 706 1143 Honore,
723 1105 752 1135 in
771 1104 896 1143 publicae
915 1104 971 1135 Rei
989 1105 1063 1135 bene
1082 1104 1118 1134 ab
1136 1112 1172 1134 eo
1187 1102 1274 1141 gestae
1285 1124 1296 1140 ,

231 1148 375 1184 nostrique
395 1145 517 1182 favoris,
535 1144 700 1175 duraturam
720 1145 947 1185 memoriam,ut
962 1152 996 1174 ex
1018 1142 1109 1182 Regia
1126 1141 1220 1172 nostra
1237 1141 1294 1172 Po-

232 1185 425 1222 testate‚unde
442 1184 539 1214 caeteri
557 1183 729 1213 diducuntur
746 1181 930 1222 Dignitatum
945 1180 1078 1220 Rivi,ad
1098 1182 1203 1212 avitam
1222 1179 1292 1211 San-

251 1225 320 1254 uinis
341 1222 554 1258 Nobilitatem,
575 1222 607 1252 &
625 1221 660 1252 ad
677 1230 725 1251 eos
741 1230 812 1259 quos
831 1222 880 1252 iub
899 1221 927 1250 Si
949 1222 990 1251 nis
1009 1221 1114 1250 meruit
1137 1221 1166 1249 in
1185 1217 1292 1249 Militia

265 1272 384 1298 otiores,
405 1270 551 1301 perpetuus
568 1260 626 1290 fere
644 1262 660 1290 a
675 1259 747 1289 virili
765 1258 866 1290 AEtate
880 1258 935 1289 Cal
954 1269 1051 1290 rorum
1073 1258 1184 1288 Comes
1197 1282 1207 1294 ,
1233 1267 1294 1301 uta-

231 1310 277 1333 tur
293 1302 453 1337 fruaturque
478 1299 550 1329 dum
570 1299 673 1329 vixerit
692 1299 828 1329 omnibus
848 1297 1059 1336 splendidissimi
1085 1297 1155 1327 illius
1176 1295 1293 1326 Ordinis

228 1339 373 1378 Equestris
384 1338 490 1369 Titulis
504 1337 655 1376 inlignibus
674 1336 833 1374 Privilegiis
848 1338 876 1366 in
892 1336 992 1367 Patriae
1008 1335 1107 1366 Nobis
1121 1333 1293 1365 charissima:

229 1379 330 1410 Decus
343 1378 480 1415 suumque
497 1377 530 1407 ὅτ.
548 1377 713 1407 amicorum
730 1376 952 1407 Ornamentum.

267 1455 377 1486 Atrum
392 1455 421 1484 in
441 1457 524 1492 Regia
547 1452 639 1492 nostra
663 1451 799 1483 Alh'aula
817 1475 826 1489 ,
852 1452 960 1482 octavo
979 1451 1038 1482 Die
1056 1451 1177 1490 Aprilis,
1202 1450 1291 1481 Anno

228 1493 355 1526 Domini
374 1493 525 1524 millesimo
545 1492 746 1523 sexcentesimo
766 1490 902 1529 vigesimo
922 1491 1028 1529 primo.

265 1567 400 1602 Testibu‘s
418 1569 537 1600 oculatis
557 1568 709 1598 solenniter
727 1567 821 1597 collati
845 1567 977 1599 Honoris
989 1590 999 1605 ‚
1026 1576 1128 1606 praeter
1147 1567 1289 1609 reliquum

230 1610 382 1647 frequentis
398 1609 479 1639 Aul-„t-
495 1607 676 1637 Comitaturn
693 1630 702 1644 ,
727 1606 955 1644 Consanguincis
979 1607 1011 1638 ὃς
1033 1605 1208 1636 Consiliariis
1227 1608 1291 1636 nol-

233 1659 282 1681 tris

268 1671 408 1717 Liaedovico
424 1688 498 1715 Duce
513 1686 629 1721 Lenox,
649 1686 752 1713 Comite
770 1682 939 1713 Richmondae
956 1682 1060 1714 nostrae
1086 1682 1207 1713 Domus
1229 1682 1293 1713 Oe—

227 1735 357 1758 conomo

265 1748 374 1800 600⁷th
394 1760 556 1791 Mai—chione
575 1761 776 1798 Buckingamiae
792 1760 904 1799 Angliae
923 1760 1154 1798 Thalassiarcha,

262 1801 368 1842 Jacobs]
384 1799 543 1831 marchione
562 1798 744 1830 Hamiltoniae
757 1823 766 1837 ,
784 1799 902 1831 Comite
922 1799 1133 1839 Cantabrigiae,

265 1840 399 1871 Gulielmo
414 1842 515 1870 Comite
534 1837 710 1877 Fembrociae,
729 1836 836 1868 nostrae
849 1837 970 1869 Domus
988 1838 1252 1876 Archicatnerario,

262 1879 365 1910 :thoma
380 1881 482 1909 comite
501 1876 681 1914 Arundeliae,

260 1921 379 1948 Henrico
397 1919 552 1947 Vicecomite
568 1913 800 1955 Maundevilliae,

263 1956 369 1996 Jacobo
383 1958 410 1986 V
408 1959 538 1986 icecomite
552 1953 724 1996 Doncastriae
735 1977 746 1991 .,

262 1999 374 2033 Georgia
385 1994 520 2025 Calverto
547 1993 651 2032 Equite
667 1993 776 2023 Aurato
790 1991 949 2024 Secretario
969 1991 1070 2023 nostro
1089 1993 1248 2031 praecipno.

266 2035 399 2072 Quarum
426 2035 457 2064 in
481 2042 574 2062 rerum
595 2033 733 2069 majorem
760 2030 859 2062 Fidem
889 2031 1054 2071 Diplornati
1080 2031 1149 2062 huic
1176 2032 1297 2072 nostro,

227 2074 306 2142 qufigd
325 2072 424 2103 nostro
444 2072 623 2141 ngunivimus
637 2070 840 2109 chirographo
858 2069 1005 2109 Magnum
1025 2071 1143 2109 Angliae
1158 2070 1295 2110 Sigillum

222 2122 256 2151 Ju
280 2121 353 2143 imus
369 2120 458 2152 appen
481 2121 497 2141 i.

537 2189 591 2218 Per
607 2185 692 2226 ipfimi
711 2189 807 2225 Regem
814 2185 928 2227 propria*
946 2197 1032 2218 manu
1039 2185 1192 2228 fignatum.

360 2336 417 2367 Pro
448 2330 562 2377 Jacobo
588 2329 728 2372 Schotte,
755 2329 870 2363 Ordine
892 2327 1032 2376 Equestri
1055 2340 1168 2364 ornato.

233 2416 376 2476 REX,
398 2418 460 2448 δίε.
479 2417 612 2446 omnibus
637 2425 764 2454 quorum
788 2414 900 2445 interest
921 2415 1001 2453 hujus
1018 2415 1110 2446 nostri
1126 2416 1298 2455 Diplomatis

312 2464 442 2486 tenorem
463 2455 655 2492 cognoscere,
674 2455 809 2484 Salutem.

271 2495 446 2533 Quanquam
461 2495 515 2530 ipla
534 2493 631 2522 Virtus
646 2492 747 2522 idonea
764 2492 812 2521 sibi
829 2491 858 2520 sit
877 2490 1048 2529 Merces,&
1064 2492 1135 2522 infra
1149 2502 1212 2522 eam
1228 2503 1296 2523 cen-

232 2535 351 2564 sendum
373 2541 403 2563 iit
419 2531 554 2570 quicquid
571 2529 664 2568 potest
687 2531 801 2559 retribui
819 2552 827 2567 ,
855 2529 1001 2567 Principes
1022 2539 1118 2561 tamen
1144 2532 1225 2561 decet
1248 2533 1297 2561 ubi

232 2574 279 2604 ubi
294 2581 356 2601 eam
377 2572 531 2608 repererint
558 2569 763 2608 magnifacere,
796 2569 943 2598 bonorum
970 2568 1104 2599 Virorum
1129 2579 1298 2600 coronantes

230 2609 336 2642 Merita
351 2609 512 2640 Honorum
532 2608 677 2643 Praemiis,
696 2608 870 2644 caeterosque
884 2607 936 2637 hac
952 2608 1100 2638 invitantes
1114 2607 1247 2638 illecebri
1261 2609 1296 2639 ad

230 2651 395 2680 imitationis
413 2647 647 2684 GloriamgQuo
662 2646 690 2675 in
706 2654 809 2684 genere
821 2645 891 2675 cum
911 2646 1098 2676 Subditorum
1113 2655 1179 2676 cura
1196 2646 1295 2678 Nobis

231 2689 316 2720 fuerit
330 2688 487 2726 praecipua,
509 2686 612 2724 quibus
628 2694 773 2721 nunquam
790 2683 857 2722 paffi
873 2684 965 2714 sumus
982 2683 1102 2715 sterilem
1121 2685 1180 2715 coli
1200 2684 1293 2715 Virtu-

232 2737 310 2764 tem,
329 2735 390 2756 turn
407 2735 499 2764 neque
514 2725 648 2760 umeros,
667 2733 738 2760 quos
761 2722 904 2760 persperfia
926 2723 1023 2753 Nobis
1041 2723 1229 2754 comendavit
1248 2724 1295 2755 ln-

231 2765 353 2803 dustria,
371 2765 441 2795 soliti
460 2766 553 2794 sumus
572 2762 735 2802 negligere,
755 2772 802 2792 eos
820 2761 973 2799 praesertim
990 2761 1039 2800 qui
1053 2761 1216 2801 Legationis
1232 2763 1296 2793 fun—

251 2814 328 2835 entes
344 2813 461 2834 munere
475 2804 489 2833 {i
508 2801 734 2839 Consanguineis
748 2801 948 2838 Principibus,
962 2801 1008 2831 vel
1024 2799 1214 2831 Illustriffimis
1228 2802 1296 2832 mis-

244 2856 253 2873 1
272 2841 371 2873 Rebus
391 2842 510 2879 publicis
528 2842 603 2871 bene
618 2840 654 2870 de
676 2839 828 2869 Christiani
845 2838 952 2877 Orbis,
969 2840 1044 2869 bene
1061 2839 1096 2870 de
1112 2839 1229 2878 nostro,
1244 2841 1295 2871 be-

232 2883 270 2913 nc
286 2882 321 2912 de
336 2880 438 2912 Patria:
458 2881 505 2911 cui
521 2879 675 2909 inserviunt
691 2877 771 2908 Statu
787 2887 970 2916 meruerunt,

270 2921 349 2957 Qiae
366 2930 420 2951 nos
439 2919 497 2950 hoc
519 2927 651 2957 tempore
669 2916 843 2955 impulerunt
868 2915 968 2947 Causae
988 2916 1127 2957 insignem
1154 2916 1301 2955 prudentia

233 2967 386 2995 rerumque
406 2957 455 2988 usu
477 2959 572 2988 virum
592 2964 699 2994 partem
718 2955 873 2986 clariffimae
894 2954 1056 2994 Legationis
1072 2956 1107 2985 ab
1121 2956 1221 2986 amicis
1233 2956 1299 2987 nos-

233 2999 281 3028 tris
299 2995 466 3027 chai·iffimis
489 2996 522 3027 &
549 2993 765 3025 Confoederatis
788 2992 977 3025 illustriffimis
1002 2994 1035 3026 δε
1060 2995 1298 3034 praepotentibus,

236 3036 376 3067 Dominis
387 3034 520 3064 Ominum
527 3036 674 3062 Unitarum
689 3031 777 3069 Belgii
788 3031 1161 3070 ProvinciarumJAcoBUM
1171 3033 1298 3064 Sciror-

237 3082 303 3112 τε,
323 3073 414 3104 Urbis
430 3072 624 3109 Middelburgi
641 3070 846 3105 Exconsulem,
872 3072 904 3101 &
928 3071 947 3089 *²
974 3070 1124 3101 illustrium
1150 3071 1298 3102 Ordinum

240 3112 390 3143 Zelandiae
410 3113 439 3141 in
454 3111 598 3140 dictorum
614 3108 814 3139 Doniinorum
835 3108 981 3139 Ordinum
1006 3107 1192 3140 Generalium
1218 3110 1304 3141 Con·

240 3152 310 3183 cilio
327 3151 521 3188 Deputatum,
533 3157 607 3177 nova
627 3156 745 3185 ornare,
766 3147 844 3185 quod
856 3147 921 3177 felix
936 3146 1116 3186 faustumque
1130 3148 1178 3184 sit,
1198 3147 1305 3186 Eques-

238 3192 286 3221 tris
304 3190 398 3220 Status
417 3188 539 3218 Honore
558 3188 586 3216 in
607 3185 729 3222 publicae
744 3185 799 3216 Rei
820 3186 893 3215 bene
913 3186 949 3214 ab
968 3196 1005 3216 eo
1041 3185 1108 3215 estae
1125 3209 1134 3224 ‚
1161 3186 1304 3225 nostrique

239 3229 376 3265 Favoris,
397 3227 557 3257 duraturam
576 3225 766 3261 memoriam,
779 3232 810 3254 ut
828 3225 845 3254 a
862 3223 951 3262 Regia
966 3233 1005 3253 no
1034 3224 1062 3254 ra
1078 3224 1304 3262 Potestate,un-

240 3267 276 3298 de
292 3267 379 3297 veluti
399 3275 433 3296 ex
454 3265 540 3295 ubere
554 3264 587 3299 ὃς
607 3263 723 3300 perenni
743 3263 837 3292 Fonte
851 3263 948 3293 caeteii
966 3261 1145 3299 Dignitatem
1161 3263 1304 3294 diducun-

242 3313 286 3337 tur
303 3303 419 3342 Rivuli,
439 3303 494 3341 ipse
508 3301 623 3340 quidem
640 3299 762 3338 Jacobus
783 3300 894 3331 Schotte
907 3300 977 3330 dum
999 3301 1099 3331 vixerit
1119 3311 1210 3332 utatur
1229 3304 1303 3333 frua-

243 3351 343 3381 turque
361 3343 497 3374 omnibus
510 3338 719 3379 splendidissimi
738 3339 858 3369 Ordinis
872 3338 1016 3377 Equestris
1027 3338 1137 3369 Titulis
1150 3338 1307 3380 Infignibus

243 3382 405 3421 Privilegiis
421 3381 455 3412 ad
473 3380 575 3410 liberos
592 3379 664 3409 vero
685 3378 746 3408 suos
763 3378 796 3409 ὃ(
814 3377 946 3409 Posteros
965 3377 1105 3416 utriusque
1124 3376 1213 3409 Sextis
1229 3388 1306 3410 verae

244 3422 278 3453 ὅ(
297 3421 433 3459 legitimae
453 3417 621 3450 Nobilitatis
632 3415 684 3456 Jus
698 3424 834 3456 propaget
850 3417 918 3447 serie
936 3415 1126 3447 interminata.

286 3496 483 3534 A&um,&c.
504 3493 611 3524 ottavo
637 3492 697 3524 Die
712 3492 816 3532 Aprilis
836 3493 924 3524 Anno
942 3491 1069 3524 Domini
1085 3492 1235 3524 millefimo
1253 3493 1312 3524 sex-

251 3534 408 3565 centesimo
426 3533 564 3564 vicelimo
582 3534 685 3572 primo.

232 3614 238 3633 1
289 3607 470 3640 Testibusut
490 3609 586 3648 supra)

938 3686 991 3714 Per
1006 3683 1088 3725 ipfiem
1101 3687 1205 3723 Regem.

667 69 1470 122 CONVENTIONEQ

1528 69 1923 119 LITERAE,

1421 241 1480 271 Pro
1504 236 1648 286 Johanne
1674 240 1831 273 Camerlin
1852 239 1991 287 Equestri
2012 240 2128 276 Ordine
2149 242 2291 289 infigm'to.

1387 323 1452 355 EX
1473 324 1611 354 omnibus
1627 333 1754 361 quorum
1768 323 1882 355 interest
1911 324 2025 364 hujusce
2049 326 2139 357 nostri
2158 326 2336 366 Diplomatis
2348 335 2390 358 te-

1404 373 1504 393 norem
1523 372 1560 393 co
1582 362 1711 400 noscere,
1731 363 1865 394 Salutem.

1361 400 1538 442 Qanquam
1586 402 1654 432 irtus
1672 402 1727 439 ipsa
1744 401 1843 431 idonea
1867 401 1917 432 sibi
1944 401 1976 434 fit
2000 401 2135 442 Merces,
2161 406 2194 436 δε
2219 403 2291 435 infra
2320 414 2385 436 earn

1322 439 1499 470 centendum
1512 440 1543 471 lit
1559 440 1698 480 quicquid
1714 438 1808 478 potest
1826 440 1958 478 retribui,
1988 440 2136 479 Principes
2163 451 2261 474 tamen
2286 442 2388 482 decet,

1322 479 1372 507 ubi
1388 478 1437 508 ubi
1456 487 1518 508 earn
1536 479 1694 510 invenerint
1712 477 1900 517 magnifacere
1914 501 1925 517 ,
1943 479 2090 510 bonorum
2114 479 2251 515 Virorum
2280 481 2386 514 Merita

1321 523 1493 557 coronantes
1507 516 1664 547 Honorum
1685 515 1829 555 Praemiis,
1857 517 2033 556 caeterosque
2057 518 2111 548 hac
2138 519 2228 550 veluti
2253 517 2385 553 illecebra

1321 556 1471 586 mcitantes
1484 555 1520 586 ad
1536 556 1702 589 imitationis
1717 555 1854 586 Gloriam
1867 567 1878 593 ·,
1896 556 1968 593 Quo
1986 557 2016 586 in
2035 564 2149 599 genere·
2157 566 2227 588 cum
2252 558 2388 590 Subdito—

1325 602 1391 623 rum
1405 593 1572 625 nostrorum
1591 604 1659 625 cura
1676 594 1758 624 nobis
1772 593 1855 625 fuerit
1869 596 2011 633 praecipua
2031 595 2133 633 quibus
2150 605 2296 634 nunquam
2322 597 2389 636 paffi

1324 631 1419 662 sumus
1436 631 1558 663 sterilem
1576 634 1634 663 coli
1653 634 1785 663 virtutem
1798 640 1878 670 ,rum
1897 643 1991 672 neque
2015 633 2138 665 Exteros
2156 644 2228 672 quos
2247 636 2389 673 perspecta

1324 669 1426 702 Nobis
1440 671 1622 703 comendavit
1639 670 1777 702 Industria
1794 670 1867 701 soliti
1886 671 1993 703 fuimus
2016 673 2161 712 negligere
2177 695 2187 711 ,
2210 683 2258 704 eos
2276 674 2388 712 praeser-

1325 710 1380 740 tim
1399 710 1450 747 qui
1465 719 1481 740 a
1501 708 1724 748 Consanguineis
1741 709 1922 746 Principibus
1939 713 1980 742 vel
2001 710 2186 743 illustriffimis
2205 710 2278 742 missi
2291 711 2390 746 Rebus

1325 748 1448 787 publicis
1465 749 1539 780 bene
1554 748 1590 779 de
1605 747 1760 781 Christiani
1774 747 1880 785 Orbis,
1899 749 1974 780 bene
1992 751 2028 781 de
2042 750 2142 784 nostro
2156 773 2168 789 ,
2187 750 2262 781 bene
2280 749 2315 781 de
2334 751 2391 782 Pa—

1325 788 1386 818 triae
1404 788 1452 818 cui
1471 788 1624 820 inserviunt
1643 787 1713 818 statu
1732 794 1916 826 meruerunt3
2364 795 2372 804 ⁸

1363 825 1443 866 Qiae
1457 835 1511 857 nos
1524 826 1582 857 hoc
1595 835 1729 865 tempore
1741 825 1918 864 impulerunt
1930 825 2032 858 Causae
2044 827 2147 859 Virum
2162 826 2316 859 Prudentia
2331 827 2393 859 Re·

1327 874 1451 904 rumque
1474 865 1522 896 usu
1546 867 1683 897 eximium
1728 874 1817 896 artem
1841 864 1998 896 clariffimae
2024 866 2192 904 Legationis
2217 867 2254 898 ab
2283 867 2394 898 Amicis

1326 903 1429 934 nostris
1449 903 1614 935 chariffimis
1632 906 1665 936 δε
1736 903 1901 934 nfoederatis
1918 903 2103 936 illustriffimis
2117 906 2150 937 &
2168 906 2392 943 praepotentibus

1327 941 1479 981 Dominis,
1494 942 1634 974 Dominis
1647 943 1784 974 ordinum
1799 944 1949 972 Unitarum
1963 943 2051 982 Belgii
2064 944 2345 983 Provinciarumjm
2351 953 2391 977 N-

1330 989 1406 1012 NEM
1427 980 1622 1012 Ctimeni-in
1649 981 1742 1013 Urbis
1768 980 1954 1019 Delphorum
1982 984 2110 1019 primum
2136 981 2334 1014 Conliliariurn
2358 992 2392 1014 ac

1329 1020 1488 1060 Syndicum
1504 1043 1514 1058 ,
1538 1030 1619 1051 novo
1636 1029 1738 1051 ornare
1754 1018 1898 1056 Equestris
1915 1019 2031 1053 Gradfis
2048 1020 2174 1052 Honore
2188 1044 2197 1060 ,
2225 1022 2302 1060 quod
2329 1021 2396 1053 felix

1329 1058 1511 1097 faustumque
1529 1059 1576 1097 lit,
1593 1060 1623 1089 in
1641 1059 1765 1097 publicae
1786 1058 1843 1088 Rei
1860 1058 1935 1089 bene
1952 1060 1988 1090 ab
2005 1070 2041 1090 eo
2056 1059 2142 1100 gestae
2158 1083 2168 1097 ,
2193 1060 2337 1100 nostrique
2357 1061 2396 1092 fa-

1329 1099 1424 1136 voris,
1442 1097 1604 1128 duraturam
1624 1098 1813 1134 memoriam,
1831 1105 1862 1127 ut
1881 1097 1897 1127 ὲ
1914 1095 2008 1137 Regia
2023 1098 2124 1130 nostr&⁴
2142 1097 2302 1136 Potestate,
2322 1099 2395 1131 unde

1331 1137 1407 1168 velut
1426 1145 1460 1166 ex
1487 1137 1572 1167 ubere
1590 1137 1624 1168 ὃς
1645 1136 1760 1174 perenni
1779 1135 1872 1166 Fonte
1896 1144 1992 1167 caeteri
2016 1136 2197 1176 Dignitatum
2220 1137 2394 1169 diducuntur

1331 1176 1401 1212 rivi,
1420 1174 1474 1213 ipse
1494 1175 1611 1212 quidem
1629 1173 1776 1214 Johannes
1789 1173 1927 1204 Camerlin
1945 1175 2014 1206 dum
2034 1177 2133 1207 vixerit
2157 1185 2248 1207 utatur
2275 1175 2394 1207 fruatur-

1331 1224 1388 1251 que
1408 1214 1545 1244 omnibus
1569 1211 1788 1251 Splendidiffimi
1808 1211 1926 1243 Ordinis
1946 1213 2087 1253 Equestris
2109 1214 2218 1246 Titulis
2235 1212 2395 1251 Infignibus

1330 1252 1484 1291 Privilegiis
1501 1252 1535 1282 ad
1553 1251 1687 1283 Posteros
1702 1257 1775 1283 vero
1794 1250 1857 1280 suos
1875 1252 1909 1284 &
1929 1251 2034 1284 liberos
2050 1254 2191 1291 utriusque
2209 1251 2298 1283 Sexus
2319 1262 2395 1284 verae

1331 1291 1513 1330 &legitimae
1533 1290 1761 1329 NobilitatisJus
1781 1298 1919 1328 propaget
1939 1290 2006 1322 serie
2022 1293 2210 1324 interminata.

1368 1329 1497 1367 Adrum,
1512 1329 1574 1360 &c.
1589 1330 1699 1361 octavo
1716 1329 1774 1361 Die
1795 1328 1900 1367 Aprilis
1916 1329 2006 1362 Anno
2025 1331 2151 1363 Domini
2173 1330 2323 1363 millesimo
2338 1330 2396 1362 sex-

1331 1368 1487 1399 centesimo
1502 1367 1640 1399 vicelimo
1655 1369 1761 1407 primo.

1368 1443 1504 1476 Testibus
1525 1453 1556 1477 ut
1575 1446 1663 1484 supra.

2011 1488 2066 1517 Per
2083 1485 2166 1527 ipficm
2183 1488 2290 1525 Regem.

1384 1609 1444 1660 Pro
1465 1604 1584 1653 Jacobo
1608 1605 1644 1640 de
1668 1607 1866 1658 angaerden
1890 1606 2030 1655 Equestri
2051 1607 2168 1643 Ordine
2191 1606 2338 1642 decorato.

1331 1691 1453 1748 REX
1473 1693 1610 1723 omnibus
1623 1702 1749 1734 quorum
1765 1692 1878 1726 interest
1900 1694 2016 1732 hujusce
2035 1692 2210 1733 Diplomatis
2230 1693 2319 1725 nostri
2334 1692 2396 1725 Te-

1405 1741 1508 1762 norern
1526 1734 1721 1769 cognolcere,
1745 1733 1883 1763 Salutem.

1368 1768 1428 1799 Etli
1449 1768 1545 1800 Virtus
1558 1770 1615 1807 ipsa
1634 1772 1734 1802 idonea
1745 1770 1798 1801 sibi
1813 1771 1846 1802 fit
1864 1769 2040 1807 Merces,&
2059 1769 2131 1800 infra
2142 1779 2208 1801 eam
2226 1770 2398 1802 censendum

1331 1804 1364 1838 fit
1382 1808 1519 1846 quicquid
1535 1807 1630 1847 potest
1644 1810 1778 1847 retribui,
1795 1809 1879 1841 decet
1894 1817 1992 1840 tamen
2009 1808 2176 1848 Principes,
2201 1810 2251 1840 ubi
2272 1810 2321 1840 ubi
2335 1819 2401 1841 eam

1331 1846 1511 1885 invenerint,
1530 1847 1741 1887 magnifacere,
1760 1849 1908 1879 bonorum
1933 1846 2072 1879 Virorum
2098 1857 2268 1879 coronantes
2295 1848 2405 1880 Merita

1331 1882 1491 1916 Honorum
1512 1885 1657 1925 Praemiis,
1672 1890 1849 1926 caeterosque
1866 1887 1920 1918 hac
1938 1887 2086 1917 incitantes
2103 1886 2236 1917 illecebra
2258 1887 2292 1918 ad
2310 1888 2405 1919 imita-

1333 1925 1420 1955 tionis
1434 1923 1588 1963 Gloriam,
1607 1935 1667 1964 quo
1681 1926 1711 1956 in
1728 1934 1831 1965 genere
1846 1934 1936 1965 quum
1950 1924 2139 1956 Subditorum
2155 1935 2222 1956 cura
2241 1925 2327 1957 nobis
2342 1925 2405 1958 fue—

1333 1964 1368 1995 rit
1388 1965 1550 2002 praecipua,
1565 1972 1628 1995 turn
1643 1974 1736 2003 neque
1755 1964 1875 1996 Exteros
1890 1964 2071 2001 negleximus
2095 1973 2168 2002 quos
2187 1963 2332 2002 perspecta
2348 1975 2404 1996 no-

1334 2002 1378 2033 bis
1393 2003 1610 2034 commendavit
1626 2001 1781 2042 Industria,
1799 2013 1849 2035 eos
1863 2003 2019 2042 praesertim
2038 2003 2089 2042 qui
2102 2003 2269 2041 Legationis
2279 2002 2404 2041 fungen-

1334 2050 1376 2073 tes
1391 2049 1510 2073 munere
1523 2041 1539 2072 ἦ
1553 2040 1778 2082 Confinguineis
1790 2041 1974 2080 Principibus
1987 2041 2033 2073 vel
2047 2040 2235 2073 illustriffirnis
2250 2041 2325 2073 miffi
2338 2041 2403 2074 Re-

1335 2081 1389 2112 bus
1409 2080 1537 2112 Publicis
1551 2080 1625 2112 bene
1643 2080 1680 2111 de
1696 2079 1850 2113 Christiani
1870 2080 2061 2120 Orbis,beni=
2078 2080 2115 2112 de
2133 2080 2233 2112 nostro
2245 2104 2256 2119 ,
2275 2081 2348 2112 bene
2365 2081 2403 2112 de

1335 2119 1439 2151 Patriae
1452 2121 1498 2151 cui
1516 2118 1667 2151 inserviunt
1679 2119 1758 2152 Statu
1776 2127 1956 2153 meruerunt:

1374 2159 1454 2198 Qiae
1473 2168 1527 2189 nos
1539 2158 1598 2190 hoc
1621 2166 1752 2195 tempore
1770 2159 1947 2197 impulerunt
1964 2157 2066 2190 Causae
2084 2166 2115 2189 ut
2137 2157 2243 2191 Virum
2270 2158 2403 2190 nobilem

1335 2195 1516 2228 Hollandum
1530 2206 1641 2235 partem
1658 2197 1817 2229 clariffimae
1912 2198 2000 2229 tionis
2013 2197 2029 2229 ὲ
2044 2196 2259 2229 Confoederatis
2269 2198 2304 2230 &
2322 2197 2406 2228 Ami-

1337 2238 1378 2268 cis
1396 2235 1500 2267 nostris
1517 2235 1685 2267 chariffimis
1701 2235 1855 2267 illustriffiis
1927 2236 2152 2275 praepotentibus
2169 2235 2306 2266 Dominis
2320 2235 2406 2267 Ordi-

1337 2287 1401 2306 num
1422 2277 1571 2305 Unitarum
1592 2274 1681 2312 Belgii
1704 2277 1918 2306 Provinciarum
1937 2274 2094 2313 jacobum
2125 2283 2169 2306 nn
2194 2274 2405 2307 wenc-Aim-

1337 2323 1425 2350 DEN,
1444 2313 1600 2352 Benthufiae
1615 2314 1788 2354 lVyngardiae
1804 2312 1843 2350 ό·
1863 2313 2054 2353 Ruybroeckiae
2077 2316 2245 2352 Dominum,
2272 2317 2404 2344 soce-rme-

1336 2364 1384 2383 riae
1400 2356 1438 2383 To
1455 2352 1584 2390 archam,
1603 2362 1684 2384 novo
1699 2362 1800 2384 ornare
1816 2352 1963 2390 Equestris
1982 2350 2100 2384 Gradus
2114 2352 2258 2390 Honore,
2272 2353 2302 2383 in
2316 2353 2334 2372 ¹*
2351 2362 2405 2391 pu-

1337 2392 1422 2435 blicae
1436 2362 1499 2422 Pei
1516 2392 1590 2422 bene
1603 2391 1640 2422 ab
1660 2400 1700 2422 eo
1717 2391 1820 2435 gestae,
1837 2390 1983 2429 nostrique
1999 2392 2103 2423 favoris
2117 2414 2128 2429 ‚
2153 2390 2316 2423 duraturam
2340 2401 2404 2422 me·

1339 2439 1462 2461 moriam
1478 2452 1488 2467 ‚
1504 2438 1535 2460 ut
1548 2439 1583 2461 ex
1600 2429 1634 2460 ea
1649 2428 1740 2469 Regia
1763 2429 1863 2461 nostra
1877 2429 2039 2469 Potestate,
2056 2430 2133 2461 unde
2153 2430 2232 2461 velut
2249 2430 2267 2460 ὲ
2289 2431 2407 2468 perenni

1336 2469 1418 2498 fonte
1433 2469 1529 2498 caeteri
1546 2469 1718 2498 diducuntur
1731 2467 1803 2499 Rivi
1816 2467 1975 2500 Honorum
1989 2491 2000 2505 ‚
2015 2470 2120 2501 avitam
2139 2467 2289 2507 Sanguinis
2306 2467 2406 2499 Nobi-

1334 2508 1440 2537 litatem
1458 2515 1551 2537 utatur
1570 2506 1732 2544 fruaturque
1755 2507 1895 2546 quamdiu
1912 2508 1946 2539 &
1963 2507 2015 2538 ubi
2032 2508 2134 2538 vixerit
2157 2506 2294 2537 omnibus
2311 2505 2403 2542 splen·

1336 2544 1470 2575 didissimi
1497 2544 1615 2575 Ordinis
1637 2543 1784 2582 Equestris
1802 2545 1908 2577 Titulis
1931 2544 2166 2576 Imm-:nitatibus
2189 2543 2348 2584 Privilegiis
2371 2546 2402 2576 in

1334 2583 1434 2614 Patriae
1452 2582 1551 2614 Nobis
1567 2583 1735 2615 charissimoe
1750 2583 1870 2622 Decus,
1890 2583 2065 2621 suorumque
2090 2583 2124 2614 &
2147 2582 2323 2614 Amicorum
2342 2582 2402 2614 Or-

1331 2631 1507 2653 narnenturn.

1368 2699 1479 2730 Adrum
1490 2721 1495 2729 .
1505 2700 1566 2731 &c
1585 2698 1692 2729 ociavo
1706 2700 1752 2730 die
1759 2698 1861 2737 Aprilis
1876 2698 1965 2730 Anno
1983 2697 2109 2730 Domini
2124 2696 2274 2729 millesimo
2287 2697 2402 2730 sexcen-

1332 2739 1432 2769 tesimo
1450 2737 1587 2770 vicesimo
1601 2738 1708 2775 primo.

1368 2813 1504 2846 Testibus
1518 2823 1549 2846 ut
1563 2813 1653 2853 supra.

2013 2853 2070 2882 Per
2088 2850 2172 2891 ipsim
2186 2852 2293 2890 Regem.

1398 3003 1457 3035 Pro
1480 2998 1607 3034 Alberto
1631 2998 1830 3049 Bruyeninckg
1856 2999 1892 3034 de
1917 2998 2054 3048 Equestri
2075 2999 2192 3034 Ordine
2213 3000 2344 3048 conceffi».

1337 3086 1418 3144 RE
1428 3085 1547 3125 X,&c.
1565 3086 1702 3117 omnibus
1715 3095 1840 3124 quorum
1857 3084 1972 3117 interest
1985 3084 2102 3125 hujusce
2116 3084 2208 3117 nostri
2225 3085 2402 3126 Diplomatis

1410 3134 1542 3156 tenorem
1557 3125 1752 3162 cognoscere,
1771 3124 1906 3155 Salutem.

2405 182 2480 215 Ann-
2490 182 2529 218 D.

2422 222 2508 254 1621.
2526 256 2528 258 ,

2401 261 2521 298 19.Jac.r

2405 330 2530 357 Rot.Trae-

2406 367 2530 395 flamin-

2406 406 2442 431 nis
2474 414 2515 440 17.

2412 442 2452 470 18.
2473 452 2515 479 ¹9-

2407 492 2452 509 20.
2470 483 2531 516 Jac.

2404 530 2442 548 m.
2465 529 2507 557 13.

2416 1653 2493 1686 Ann.
2510 1651 2542 1685 D

2439 1694 2524 1724 1621.

2413 1734 2479 1761 Ibid.
2494 1743 2528 1762 m.

2422 1781 2464 1800 n..

2421 2359 2438 2376 ⁴*
2453 2357 2549 2387 xvn.

2426 2406 2487 2434 ¹93·

2419 3091 2494 3123 Ann.
2504 3089 2547 3122 D.

2433 3130 2521 3160 1621.

1372 3162 1546 3201 Quanquam
1557 3165 1646 3194 virtus
1663 3162 1719 3201 ipsa
1737 3162 1839 3194 idonea
1854 3162 1902 3195 sibi
1917 3162 1950 3195 fit
1966 3162 2098 3204 Merces,
2117 3165 2152 3196 &
2164 3162 2235 3195 infra
2251 3173 2314 3195 mm
2330 3172 2398 3195 cen·
2414 3174 2469 3197 Rot.
2482 3173 2546 3196 Tra-

1336 3201 1455 3232 sendum
1474 3201 1513 3245 sic
1532 3201 1669 3239 quicquid
1688 3200 1780 3239 potest
1795 3202 1933 3239 retribui,
1959 3200 2106 3241 Principis

2129 3211 2227 3234 tamen
2249 3201 2333 3234 decet
2352 3201 2398 3232 ubi
2414 3208 2545 3235 aaran·

1336 3240 1384 3269 ubi
1403 3249 1466 3270 eam
1483 3241 1644 3271 invenerint
1663 3240 1877 3278 magnifacere,
1894 3241 2045 3272 bonorum
2066 3242 2202 3273 Virorum
2227 3240 2336 3272 Merita
2349 3248 2399 3270 co·
2414 3245 2545 3280 ni117,18‚

1335 3287 1469 3311 sonantes
1487 3277 1647 3310 Honorum
1666 3278 1798 3310 Praerniis
1812 3301 1822 3316 ‚
1849 3287 1970 3311 caeteros
1987 3288 2083 3311 autern
2103 3279 2159 3312 hac
2183 3277 2317 3312 illecebra
2330 3278 2399 3310 inci·
2418 3292 2427 3311 ι
2432 3293 2507 3319 920,
2512 3281 2546 3320 J.

1337 3325 1429 3349 rantes
1439 3316 1474 3346 ad
1489 3315 1656 3348 Imitationis
1670 3315 1830 3356 Gloriam,
1850 3317 1924 3356 Quo
1943 3319 1973 3348 in
1991 3326 2095 3357 genere
2121 3329 2194 3350 curn
2212 3317 2398 3350 Subditorum
2417 3331 2484 3353 μη).
2504 3331 2545 3349 iz.

1337 3365 1405 3387 cura
1419 3355 1504 3386 nobis
1521 3355 1604 3386 fuerit
1619 3356 1780 3394 praecipua,
1799 3357 1902 3394 quibus
1917 3366 2066 3395 nunquam
2082 3357 2150 3396 pasfi
2168 3357 2264 3388 sumus
2277 3353 2399 3386 sterilem

1339 3393 1399 3426 coli
1415 3395 1568 3432 virtutem,
1585 3401 1649 3425 tum
1664 3404 1758 3433 neque
1772 3394 1891 3426 Exreros
1905 3404 1979 3433 quos
1993 3395 2136 3435 perspecba
2149 3396 2233 3427 nobis
2247 3401 2399 3436 commen-

1340 3433 1420 3464 davit
1433 3431 1567 3463 industria
1581 3432 1654 3464 soliti
1669 3433 1775 3464 fuimus
1788 3434 1948 3472 negligere,
1965 3443 2017 3466 eos
2028 3434 2182 3472 praesertim
2195 3433 2243 3472 qui
2253 3431 2399 3474 legationis

1340 3472 1487 3509 fungentes
1504 3469 1646 3509 Munere,
1671 3472 1688 3502 'a
1707 3470 1932 3511 Consanguineis
1952 3471 2132 3510 Principibus
2149 3472 2194 3504 vel
2214 3467 2400 3502 illustriffimis

1343 3509 1418 3540 misfi
1436 3509 1536 3539 Rebus
1551 3509 1671 3546 publicis
1687 3511 1762 3541 bene
1776 3510 1812 3541 de
1832 3510 1987 3542 Christiani
2008 3508 2098 3542 Orbis
2113 3533 2125 3551 ‚
2149 3507 2269 3542 beneda
2283 3506 2400 3547 nostro,

1341 3549 1415 3579 bene
1431 3548 1467 3578 de
1482 3547 1586 3578 Patriae
1603 3550 1650 3579 cui
1664 3549 1818 3581 inserviunt
1832 3549 1903 3581 statu
1919 3559 2096 3588 meruerunt;

1381 3586 1459 3625 Qiae
1483 3595 1536 3617 nos
1561 3587 1622 3618 hoe
1644 3595 1776 3626 tempore
1802 3587 1977 3626 impulerunt
2003 3586 2104 3621 Causae
2119 3585 2224 3629 Virum
2247 3581 2402 3617 Prudentia

1344 3624 1513 3662 Rerumque
1528 3624 1577 3655 usu
1592 3626 1730 3657 eximium
1754 3635 1862 3664 partem
1884 3626 2040 3657 clariffimae
2057 3624 2217 3664 Legationis
2235 3623 2272 3655 ab
2292 3624 2404 3656 Amicis

1342 3664 1442 3694 nostris
1467 3662 1633 3694 charissimis
1659 3666 1693 3696 &
1721 3664 1878 3696 Foederatis
1905 3663 2089 3695 illustriffimis
2116 3662 2149 3692 &
2175 3664 2403 3700 praepotentibus

1344 3702 1484 3733 Dominis
1508 3703 1644 3733 ordinm
1669 3707 1818 3734 Unitarum
1848 3701 1936 3740 Belgii
1961 3704 2170 3744 Provinciarifm
2195 3699 2403 3733 ALBERTUM

1343 3740 1576 3771 BRuvrmmci(
1600 3740 1759 3773 illustrium
1780 3740 1926 3772 Ordinum
1950 3740 2042 3770 Frisiae
2060 3737 2254 3769 Occidentalis
2272 3741 2305 3770 &
2335 3739 2404 3771 Par-

1342 3780 1414 3809 tium
1431 3778 1657 3818 Borealiutn,jn
1675 3779 1822 3811 dierorum
1837 3778 2037 3809 Dominorum
2052 3776 2196 3808 Ordinum
2215 3775 2406 3810 Generalium

1345 3815 1484 3847 Concilio
1502 3816 1681 3854 Deputatum
1694 3840 1704 3856 ,
1722 3828 1802 3848 novo
1827 3826 1928 3847 ornare
1953 3814 2097 3853 Equestris
2120 3814 2236 3847 Gradus
2261 3814 2405 3856 Honore,

1343 3856 1422 3894 quod
1441 3854 1519 3885 Felix
1542 3855 1734 3894 Faustumque
1753 3856 1805 3893 fit,
1829 3856 1858 3885 in
1874 3855 1996 3892 publicae
2021 3852 2076 3883 Rei
2102 3853 2176 3883 bene
2195 3855 2231 3884 ab
2250 3864 2286 3885 eo
2301 3855 2405 3894 gestae,

1346 3893 1492 3931 nostrique
1507 3893 1628 3930 favoris,
1646 3894 1807 3926 duraturam
1825 3893 2049 3930 memoriam,ut
2062 3901 2098 3922 ex
2112 3891 2212 3932 Regiae
2227 3893 2331 3925 nostrae
2346 3893 2404 3924 Po-

1347 3931 1450 3962 testatis
1467 3931 1678 3972 Praerogativa,
1698 3932 1773 3964 unde
1790 3931 1867 3963 velut
1884 3939 1919 3961 ex
1933 3931 2019 3961 ubere
2033 3929 2066 3961 &
2082 3933 2199 3969 perenni
2214 3931 2308 3964 Fonte
2321 3941 2405 3963 caete-

1351 3970 1374 3999 ri
1393 3969 1579 4009 Dignitatutn
1593 3970 1766 4002 diducuntur
1779 3968 1872 4007 Rivi,
1889 3967 1946 4006 ipse
1960 3968 2078 4008 quidem
2093 3969 2232 4001 Albi-nus
2247 3971 2321 4002 dum
2334 3971 2411 4015 vixe-

2377 4017 2402 4038 n
