2557 4279
125 110 197 162 158

603 102 1407 155 CONVENTIONES,

1484 105 1887 161 LITERAE‚

0 201 35 222 in.
51 190 92 221 D.
111 196 255 225 Ricardum
272 194 377 232 Wy‘r'or
394 194 426 223 Se
439 190 608 229 prsedifitum
624 191 881 229 Pharmacopolam,
898 192 1069 230 impolitum
1085 192 1174 227 magis
1212 190 1359 229 Honoris,
1374 190 1542 231 Dignitatis,
1563 192 1635 222 Loci
1651 191 1864 224 vel'Locorum'
1879 191 1956 223 idem
1968 193 2102 225 Robmus
2117 201 2190 227 Karr
2200 195 2271 228 scia-
2285 186 2364 225 Ann.
2379 193 2421 227 D.

0 230 67 267 624.

110 235 235 266 celeriter
257 230 446 262 interficerent
471 233 503 261 ὃς
526 231 716 268 murdrarent,
733 232 766 261 ὅ(
788 230 939 268 praeditstus
956 230 1168 267 Pharmacopola

0 267 91 306 Jam.
108 283 161 312 pro
181 275 279 310 iniquo
300 271 398 300 Lucro
421 272 526 305 Viginti
550 268 700 297 Librarum
718 270 742 298 ei
765 270 794 298 in
818 279 848 298 ea
867 269 946 301 Parte
962 269 1116 299 dandarum
1131 269 1165 298 &J

0 2409 62 2436 illl.

107 312 323 344 solvendarum,
343 307 506 337 Clsterzum
523 307 694 344 rar-„edictum
710 308 745 337 sic
756 329 764 344 ,
782 316 811 337 ut
829 308 987 345 praefertur‚
1003 318 1050 344 per
1065 306 1165 345 praefa-

107 359 171 380 tum
193 348 336 378 Ricardum
359 345 464 385 Wslon
486 347 518 376 (ἵε
538 345 628 385 ipsum
652 344 892 383 Pharmacopolam
911 347 1080 384 praedietum
1094 354 1163 375 cum

107 387 229 418 Veneno
253 385 407 422 praedicto,
428 393 532 413 vocato
555 386 683 421 Mercury
699 383 864 422 sublimate,
880 385 985 415 ultimo
1001 384 1161 414 mentiona-

106 436 155 463 to,
182 427 311 456 vitiatum
335 424 367 453 δε
392 423 553 459 infectum,
577 422 696 459 praefaro
719 421 825 452 Thomae
847 423 1008 461 morbum,
1027 431 1162 460 tanquam

104 466 217 494 bonum
247 461 444 492 medicinabile
467 462 500 491 &
524 460 637 491 salutare
658 459 825 491 Clrsterium
849 467 901 498 'pro
925 460 1057 500 Corpore
1080 460 1162 498 iplius

103 502 211 532 Thomae
232 501 395 539 Overbury,
413 500 446 530 ad
470 507 560 536 tunc,
580 499 702 536 scilicet,
727 500 868 538 praediCto
892 499 1089 540 quartodecimo
1106 502 1162 528 Die

101 540 261 578 Septembris
273 562 282 577 ,
302 539 392 570 Annis
407 538 560 568 undecimo
573 540 606 569 ὃς
621 537 835 576 quadragefimo
851 537 970 574 septimo
983 537 1162 575 supradictis,

102 580 176 616 apud
195 579 314 608 Turrim
339 576 464 606 London
482 576 668 614 praedistam,
687 577 716 606 in
735 576 873 606 parochia
889 578 921 607 &
937 576 1045 607 warda
1059 576 1160 612 praedi-

102 619 156 648 etis
179 617 303 647 felonice
318 616 474 646 voluntarie
491 616 524 645 δε
539 623 573 645 ex
591 614 701 645 Malitia
715 614 759 643 sua
774 615 953 652 praecogirata
965 613 1157 652 suppeditave-

102 657 175 694 rint,
195 656 315 693 Anglice
326 677 335 692 ,
353 653 401 683 did
417 653 555 693 minister,
573 654 650 684 &in
665 651 813 691 intestina,
834 651 972 691 Anglice,
987 652 1035 683 the
1048 655 1160 690 Guttes,

102 695 185 733 ipsius
205 694 311 724 Thomae
330 693 475 733 Overhury
494 691 664 729 infuderint,
683 690 822 729 Anglice,
837 691 887 720 did
903 691 993 731 infuse
1016 691 1079 721 and
1093 699 1160 729 pult

101 745 119 762 u
132 741 170 771 p;
188 733 221 763 δε
240 732 318 771 quod
344 731 494 769 praedictus
519 731 649 760 Ricardus
664 729 772 769 Weston
789 729 844 760 and
859 739 929 761 tunc
940 753 949 768 ,
966 730 1072 761 scilicet
1085 740 1159 768 prae-

121 772 181 802 iero
201 771 399 816 quartodecimo
416 773 470 800 Die
484 769 661 808 Septembris,
680 767 769 798 Annis
783 769 941 800 undecimo
957 769 991 799 &
1006 768 1160 807 quadrage-

100 810 175 840 fimo
197 810 321 848 reprimo
336 809 496 846 supradietis
511 807 585 845 apud
600 807 720 837 Turrim
736 806 864 838 London
881 807 1045 845 praedictam
1060 808 1088 837 in
1103 808 1159 839 Pa-

99 849 197 880 rochia
216 850 249 880 δι’
275 849 383 879 Warda
405 847 561 886 praediffis,
577 845 700 876 felonice
720 845 878 877 voluntarie
892 847 926 877 &
939 856 973 876 ex
989 845 1100 877 Malitia
1114 846 1159 878 sua

99 889 300 927 praecogitata,
318 887 399 918 fuerit
424 885 541 922 praesens
563 886 596 916 &
621 884 753 914 auxilians
774 885 870 916 eidem
894 884 1111 922 Pharmacopolae
1125 886 1156 916 in

100 928 323 967 iuppeditatione
338 928 370 958 &
386 923 528 954 [nfulione
540 923 667 961 praedic‘ti
683 921 806 953 Clisterii
822 924 870 960 sic,
889 932 919 954 ut
933 924 1089 963 praefertur,
1108 933 1158 962 per

124 966 253 996 raefatum
281 965 426 993 Rimrdum
449 961 554 1002 Wston
575 963 608 992 &
630 962 801 1000 praedictum
824 961 1063 1001 Pharmacopolam
1085 973 1156 993 cum

100 975 222 1035 {seneno
236 1003 390 1041 praedidto,
411 1011 516 1032 vocato
533 1000 820 1043 MsreuryuSublimate
834 1001 940 1032 ultimo
958 1003 1158 1039 mentionat0‚

100 1044 189 1073 vitiati
210 1044 241 1071 δε
262 1041 378 1078 insecti,
394 1042 420 1070 in
438 1039 568 1070 intestina
584 1039 711 1076 praedicti
728 1039 834 1069 Thomae
849 1040 1013 1080 Overbury,
1029 1042 1063 1072 &
1080 1041 1158 1077 quod

98 1081 281 1117 immediate,
298 1088 357 1109 tam
381 1078 443 1117 post
466 1078 610 1116 praedioas
627 1077 757 1115 separales
774 1078 930 1115 Captiones
946 1081 979 1109 &
997 1078 1157 1109 Comestu-

98 1131 138 1150 ras
162 1119 321 1156 sepriralium
346 1118 529 1148 Veneriorum
554 1116 778 1154 praedictorum,
793 1126 840 1155 per
857 1116 1007 1154 praefatum
1026 1116 1155 1146 Thomam

97 1159 241 1197 Overbury
260 1158 286 1186 in
312 1157 402 1186 forma
430 1156 579 1192 praedicta,
597 1157 681 1193 quam
706 1155 768 1193 post
792 1155 957 1192 praedictam
983 1155 1154 1187 infusionem

96 1198 130 1228 δε
148 1196 401 1235 suppeditationem
418 1194 540 1224 Clisterii
559 1194 686 1230 predicti
702 1195 731 1223 in
748 1194 883 1225 Intestina
898 1194 1028 1232 praedieti
1047 1194 1155 1224 Thomae

95 1238 239 1270 Overbury
262 1244 309 1272 per
333 1234 479 1272 praelatum
499 1231 736 1270 Pharmacopolam
752 1234 782 1262 in
795 1233 888 1263 forma
905 1233 1058 1272 praediera,
1077 1233 1154 1264 idem

94 1274 208 1304 Thomas
226 1272 370 1312 owhury
393 1273 464 1310 apud
482 1271 601 1301 Turrim
620 1271 745 1302 London
763 1272 943 1310 ptaedic‘ram,
963 1273 992 1302 in
1017 1271 1155 1303 Parochia

94 1316 128 1344 ὃς
146 1312 252 1343 Warda
270 1312 408 1349 praedietis
425 1311 611 1348 aegrotavcrit,
631 1312 664 1341 ὃς
683 1311 710 1340 in
727 1310 830 1340 diversa
846 1319 946 1349 genera
963 1310 1155 1348 Morborum,

93 1359 154 1382 tam
176 1351 299 1381 Ratione
322 1349 521 1388 praediffitarum
544 1348 723 1388 Captionum
748 1349 780 1379 &
799 1348 1034 1380 Comcstutarutn
1049 1349 1156 1386 separa-

94 1391 164 1420 lium
187 1391 372 1421 Venenorum
398 1388 600 1427 praedic'corum
618 1397 667 1425 per
681 1387 849 1429 praedictum
862 1387 993 1418 Thomam
1009 1388 1155 1432 Overbury

94 1430 123 1459 in
146 1429 239 1460 forma
265 1428 414 1466 praedifla,
432 1437 517 1465 quam
540 1426 666 1468 Ratione
687 1426 832 1457 Infulionis
855 1428 889 1458 δε
912 1426 1153 1466 Suppeditationis

94 1467 218 1499 Clisterii
234 1468 359 1505 praedicti
376 1469 403 1497 in
423 1466 556 1498 Intestina
570 1467 652 1506 iplrus
667 1464 773 1495 Thomae
783 1466 928 1506 Overbury
940 1477 989 1505 per
998 1467 1151 1505 praefatum

93 1506 332 1545 Pharnmmpolam
355 1508 382 1536 in
404 1506 497 1536 forma
517 1505 665 1542 praedicta,
687 1505 832 1543 inciderit,
852 1505 885 1536 &
909 1508 937 1536 in
954 1505 1087 1544 Corpore
1103 1508 1152 1538 suo

92 1547 168 1575 varie
183 1546 398 1584 distemperatus
419 1546 450 1574 &
468 1543 638 1574 disturbatos
650 1543 810 1582 devenerit,
828 1544 862 1574 &
878 1546 1027 1582 praedictus
1040 1545 1154 1576 Thomas

91 1585 237 1619 Overbury
250 1585 285 1613 dc
297 1584 458 1620 separalibus
473 1582 596 1612 venenis
610 1583 749 1619 praedietis
764 1586 796 1614 ὅ(
811 1583 988 1620 Operatione
1001 1585 1066 1615 inde
1082 1595 1154 1621 prae-

90 1623 171 1653 dictis
191 1621 355 1663 {epar-atibus
379 1622 577 1663 temporibus,
605 1631 662 1651 tarn
684 1621 834 1659 Captionis
854 1622 888 1652 &
911 1622 1094 1653 Comesturae
1116 1624 1156 1654 se-

90 1663 224 1698 patalium
249 1661 430 1692 Veii-:norum
454 1661 656 1697 praediclorum
680 1670 729 1696 per
746 1661 893 1698 praefatum
915 1662 1151 1692 ThomamOver-

91 1700 157 1740 bury
179 1702 206 1731 in
230 1701 320 1729 forma
342 1699 491 1736 praedissta,
508 1708 594 1736 quim
611 1700 755 1735 praediclae
770 1699 915 1730 Infulionis
931 1701 964 1730 &
983 1701 1149 1738 Suppedita-

91 1739 178 1769 tionis
199 1738 320 1769 Clstvsrii
341 1738 467 1775 praedic‘ti
494 1739 522 1766 in
544 1735 679 1767 Intestina
701 1739 782 1775 iplius
803 1738 910 1768 Thomae
931 1739 1076 1779 Overbury
1099 1750 1148 1778 pcr

89 1778 239 1814 pra'fstum
256 1775 491 1814 pharmacopolam
506 1777 533 1805 in
547 1776 639 1806 forma
656 1776 806 1813 praedirsta,
825 1777 908 1815 usque
920 1778 948 1808 in
964 1782 1090 1819 quintum
1102 1780 1149 1808 de-

89 1819 182 1844 cimum
208 1820 287 1845 Diem
309 1815 483 1853 Septembris,
506 1815 594 1844 Anno
618 1814 718 1851 Regni
734 1816 823 1845 nostri
845 1816 958 1856 Angliae
973 1818 1146 1850 Franciae&

87 1853 235 1885 Hibsinia:
253 1853 425 1890 undecimo,
444 1856 476 1884 δε
492 1854 598 1894 Scotiae
613 1854 827 1891 quadragesimo
842 1856 962 1893 septimo
976 1856 1150 1898 supradietis,

86 1895 160 1931 apud
179 1894 298 1923 Tun-{m
318 1893 444 1923 London
466 1892 649 1930 praedictam,
668 1893 694 1922 in
717 1892 856 1923 Parochia
873 1895 906 1926 &
922 1895 1031 1926 Warda
1047 1898 1149 1933 praedi-

86 1933 156 1969 ctis,
176 1933 300 1967 graviter
321 1931 471 1970 languebat
496 1932 529 1962 ὃς
554 1931 722 1961 intoxicatus
747 1931 818 1971 fuit,
837 1942 896 1971 quo
918 1934 1034 1972 quidem
1053 1938 1149 1975 quinto

87 1971 184 2000 decimo
210 1974 264 2000 Die
283 1970 442 2009 Septembris
453 1993 461 2008 ,
482 1969 572 2000 Arinis
588 1970 742 2001 undecimo
756 1971 790 2001 &
804 1972 1016 2011 quadragesimo
1028 1973 1149 2011 septimo

87 2010 249 2047 supradietis
266 2032 275 2047 ,
301 2009 451 2048 praedidtus
479 2007 594 2038 Thomas
616 2009 763 2048 Overbury
784 2010 857 2047 apud
876 2010 993 2042 Turrim
1021 2011 1148 2044 London

85 2049 251 2086 praedidtam
269 2049 296 2078 in
311 2048 451 2078 Parochia
465 2048 498 2078 ὃ(
509 2046 614 2077 Warda
630 2048 783 2086 praeaieris,
798 2049 833 2078 de
845 2048 1011 2084 separalibus
1025 2050 1151 2084 venenis

86 2088 227 2124 praedicstis
242 2088 315 2117 obiit
333 2095 501 2123 venenatus,
518 2086 550 2116 ἃ
565 2086 601 2116 sic
614 2086 766 2123 praedistus
779 2088 913 2118 Ricardus
926 2088 1029 2126 Weston
1046 2092 1148 2128 praefa-

85 2134 146 2156 turn
168 2126 295 2156 Thomam
315 2125 459 2162 Ovrrbury
485 2125 576 2155 modo
597 2125 630 2156 &
651 2125 741 2155 forma
763 2125 940 2165 supradietis,
955 2128 1080 2160 felouice
1094 2140 1147 2161 vo-

84 2164 201 2196 luntarie
227 2166 259 2196 ὅ(
282 2173 315 2195 cx
334 2163 444 2194 Malitia
459 2163 501 2192 sua
516 2164 714 2202 praecooirata,
732 2167 911 2197 venenaverit
927 2167 1096 2199 interfecerit
1112 2170 1146 2201 &

83 2204 268 2234 murdraverit
284 2226 293 2242 ‚
318 2211 418 2233 contra
442 2201 548 2232 Pacem
571 2187 697 2232 nostram
712 2226 721 2241 ,
749 2202 902 2235 Coronam
924 2205 957 2235 &
983 2205 1146 2245 Dignitates

82 2242 205 2279 nostras,
224 2244 256 2273 ὃ(
280 2244 308 2271 in
326 2241 439 2280 Jurium
463 2242 495 2271 δε
515 2241 630 2277 Legum
648 2240 805 2271 nostrarum
822 2242 1037 2282 Contemptum
1053 2249 1144 2277 mani·

82 2280 204 2319 festum,
224 2282 256 2312 &
279 2282 307 2310 iu
330 2279 483 2318 pellimum
505 2280 667 2319 exemplum
682 2281 817 2310 omnium
833 2283 953 2312 aliorum
970 2284 998 2312 in
1015 2285 1061 2314 tali
1079 2285 1142 2317 casu

82 2319 334 2357 Delinquentium,
352 2329 405 2349 nec
424 2328 483 2348 non
498 2327 598 2349 contra
616 2320 739 2350 formam
755 2318 858 2351 Statuti
870 2322 899 2351 iu
914 2321 1079 2361 hujusmodi
1094 2335 1143 2356 ca-

80 2359 108 2389 su
123 2359 188 2388 editi
204 2361 236 2390 &
252 2358 362 2395 provili.

118 2398 136 2416 ³*
148 2398 276 2426 Robertus
297 2400 375 2426 Karr
399 2405 480 2436 nuper
495 2401 585 2426 Comes
600 2397 730 2436 Somerset
745 2407 793 2436 per
808 2399 933 2430 Nomen
957 2401 1068 2431 Roberti
1090 2405 1141 2432 Co-

81 2438 153 2465 netis
177 2436 321 2474 Sor-sersett
347 2445 433 2471 nuper
451 2436 487 2465 de
507 2436 644 2466 parochia
660 2437 762 2467 sancite
779 2437 949 2477 Margaretae
967 2441 997 2469 in
1012 2440 1141 2471 Westm.

79 2475 109 2504 in
133 2474 250 2504 Comite
276 2474 431 2504 Pvliddlesex
456 2474 611 2505 lnditi’tatus
633 2475 703 2511 fuit,
722 2485 774 2512 pro
799 2487 835 2507 eo
853 2478 930 2514 quod
944 2479 1018 2515 ipse,
1038 2479 1138 2510 Deum

80 2523 139 2550 prae
160 2513 259 2543 Oculis
278 2512 330 2542 suis
350 2523 410 2542 non
431 2513 551 2550 habens,
568 2513 611 2542 sed
628 2513 811 2552 Instlgatione
827 2516 966 2546 diabolica
987 2516 1089 2547 Motus
1103 2519 1138 2548 &

79 2551 228 2588 sediustuS,
243 2561 309 2582 ante
338 2550 485 2580 Feloniam
509 2553 541 2582 &
563 2550 718 2582 Murdrum
738 2553 892 2590 praedieta,
913 2563 962 2592 per
985 2555 1137 2592 praefatum

78 2590 225 2621 Ricardum
244 2588 350 2627 lVeston
373 2589 463 2618 modo
485 2589 517 2619 ὅτ
540 2589 628 2619 forma
641 2590 783 2627 praedictis
799 2591 925 2622 felonice
938 2592 1013 2624 fasta
1026 2595 1060 2626 ὃς
1075 2605 1137 2633 per-

98 2638 180 2659 etrata
199 2628 369 2665 (videlicet)
390 2629 488 2659 ottavo
511 2630 567 2657 Die
592 2631 682 2665 Maii,
699 2628 787 2658 Anno
809 2629 905 2669 Regni
919 2631 1008 2661 nostri
1022 2633 1137 2669 Angliae

76 2638 206 2698 {sancite
230 2669 262 2697 ἃ
288 2667 436 2707 Hiberniae
458 2666 629 2704 undecimO,
650 2668 682 2697 δε
708 2666 814 2698 Scotiae
833 2669 1045 2708 quadragelimo
1060 2672 1136 2702 seno

77 2706 255 2743 supradictis,
274 2704 441 2742 praedictum
464 2705 613 2734 Ricardum
633 2704 758 2745 W'eston,
777 2709 850 2744 apud
866 2710 1027 2744 praedic'tam
1048 2710 1136 2741 Paro-

76 2745 172 2775 chiam
188 2744 300 2774 Sanoae
319 2744 486 2783 Margaretae
503 2745 531 2773 in
549 2743 673 2774 Westm.
688 2746 716 2773 in
731 2745 812 2775 <itero
828 2745 946 2778 Comite
966 2746 1136 2788 Middlesex,

76 2784 111 2814 ad
133 2783 279 2813 Feloniam
296 2785 327 2813 ὅ(
346 2782 503 2812 Murdrum
520 2782 652 2819 praedidia
669 2783 760 2813 modo
775 2783 808 2814 &
824 2784 918 2816 forma
933 2786 1076 2824 praediffls
1092 2788 1131 2818 fa-

75 2822 176 2852 cienda
184 2823 215 2852 &
226 2820 406 2860 perpetranda
423 2820 558 2851 malitiose
573 2821 695 2851 felonice
703 2821 862 2853 voluntarie
872 2825 906 2853 &
917 2834 950 2854 ex
960 2824 1073 2856 Malitia
1086 2826 1133 2857 sua

75 2869 276 2898 praecogitata,
293 2860 418 2890 incitavit
436 2860 527 2889 movit
543 2861 677 2897 praecepit
691 2860 829 2891 conduxit
843 2862 987 2893 auxiliatus
1000 2863 1064 2902 fuit,
1081 2866 1132 2895 ab·

75 2901 194 2930 bertavit
210 2900 368 2935 procuravit
385 2899 417 2928 ὅτ
434 2897 583 2935 consuluit,
602 2908 700 2929 contra
716 2898 820 2930 Pacem
837 2900 964 2931 nostram
980 2901 1132 2933 Coronam

75 2940 109 2969 δε
134 2938 312 2976 Dignitatem
327 2936 449 2973 nostraS,
468 2946 520 2966 nec
536 2946 596 2966 non
614 2945 712 2967 contra
728 2937 862 2968 Formam
875 2938 977 2970 Statuti
994 2941 1022 2969 in
1038 2942 1131 2979 hujus—

76 2977 157 3006 modi
180 2976 252 3006 Casu
274 2975 338 3005 editi
356 2976 388 3005 ἃ
405 2975 523 3012 provili,
544 2983 625 3010 prout
640 2985 688 3013 per
704 2973 943 3008 indictamenrum
960 2978 1129 3017 praedic‘tum

74 3016 104 3045 in
128 3014 217 3045 Curis
240 3013 334 3044 nostra
358 3023 455 3044 coram
477 3012 575 3044 Nobis
593 3014 629 3044 de
644 3013 784 3044 Recordo
799 3025 960 3055 remanens,
980 3018 1086 3056 plenius
1099 3020 1129 3049 li-

73 3061 143 3092 quet
157 3054 189 3084 &
202 3061 323 3090 apparet.
989 3083 992 3086 Α

115 3091 252 3128 Cumque
276 3090 406 3128 praefatus
430 3089 561 3119 Robertus
579 3096 663 3119 Karre
680 3099 762 3128 nuper
778 3096 868 3121 Comes
882 3094 1032 3132 Somerset,
1050 3095 1132 3133 super

74 3128 240 3168 praedictam
256 3128 471 3168 Inquisitionem
486 3129 515 3157 in
536 3129 625 3158 modo
641 3131 673 3160 δε
688 3129 782 3160 forma
795 3131 937 3167 praedictis
949 3141 1079 3170 captam,
1097 3135 1134 3164 de

76 3169 109 3199 &
126 3169 206 3207 super
227 3168 393 3198 Acceffariis
416 3167 539 3209 Feloqniae
553 3168 585 3198 ὃς
602 3165 716 3196 Murdri
731 3170 948 3208 praedic‘torum,
969 3179 1034 3201 ante
1049 3172 1133 3203 Felo-

75 3208 153 3237 niam
181 3208 214 3238 &
233 3206 387 3236 Murdrum
408 3206 452 3235 illa
474 3206 548 3235 rach
570 3208 603 3236 ὃς
621 3214 774 3242 perpetrata
791 3207 819 3236 in
833 3208 931 3238 eadem
949 3208 1133 3247 lnquilitione

76 3254 213 3276 contenta
226 3246 417 3282 mentionata,
435 3244 586 3274 atrectatus
598 3244 752 3274 convietus
765 3246 899 3276 attinctus
912 3248 945 3278 ὃς
959 3248 1133 3285 adjudicatus

77 3283 187 3322 existit,
207 3292 292 3323 prout
309 3293 358 3321 per
373 3283 540 3313 Recordum
554 3281 619 3313 inde
634 3282 740 3320 plenius
752 3282 841 3321 liquet
853 3284 885 3314 ὅ(
902 3294 1030 3323 apparet:

112 3322 212 3352 Sciatis
230 3323 310 3360 quod
331 3322 413 3359 Nos,

114 3360 216 3390 Oculis
238 3362 304 3391 vere
323 3362 402 3399 regiis
424 3360 457 3391 &
470 3360 593 3399 gratiosis
608 3358 753 3390 Praemiffa
767 3360 923 3398 intuentes,
942 3371 1056 3394 necnon
1091 3375 1133 3396 ra—

78 3398 180 3429 tiffima
200 3400 232 3430 &
252 3399 406 3430 fideliffima
430 3398 547 3428 Servitia
568 3407 633 3435 quae
653 3398 771 3428 Thomas
785 3401 864 3428 Karr
877 3400 913 3429 de
930 3400 1059 3433 Farniher
1101 3405 1130 3433 in

78 3437 187 3476 Regno
211 3437 308 3468 nostro
330 3438 437 3469 Scotiae
457 3436 560 3474 Miles,
577 3437 659 3467 Pater
675 3437 782 3474 praefati
794 3437 908 3468 Roberti
921 3447 1004 3477 nuper
1019 3444 1131 3470 Comitis

78 3476 225 3514 somerset,
244 3485 301 3506 tam
323 3475 549 3514 praechariffimae
568 3475 655 3505 Matri
677 3475 782 3506 nostrae
805 3475 945 3507 Dominae
961 3481 1065 3508 Mariae
1079 3491 1131 3509 nu-

73 3522 123 3551 per
137 3518 231 3543 Scotiae
246 3512 283 3548 &v
298 3518 419 3544 Franciae
434 3517 552 3551 Reginae,
568 3515 608 3544 ob
622 3515 701 3550 cujus
716 3514 838 3544 Causam
854 3516 1006 3552 ptaedidms
1018 3518 1132 3547 Thomas

81 3554 160 3581 Karr
176 3553 297 3583 Exilium
310 3554 343 3583 δε
359 3553 551 3583 Fortunarum
565 3553 676 3582 suarum
688 3554 826 3590 jacturam
841 3554 987 3585 &Ruinas
999 3555 1130 3586 constan-

81 3591 103 3620 ti
124 3591 234 3620 Animo
256 3592 288 3621 δε
308 3591 377 3621 Fide
400 3591 490 3628 passus
503 3591 559 3627 est,
579 3592 663 3629 quam
679 3592 763 3622 nobis
776 3592 837 3628 iplis
852 3592 961 3624 summa
974 3604 1044 3624 cum
1063 3594 1132 3624 Fide

82 3629 114 3657 &
138 3629 286 3659 Alacritate
310 3631 459 3660 multifarie
483 3629 655 3667 praestiterit,
676 3630 786 3659 Animo
808 3631 936 3667 benigno
956 3633 1130 3671 recolentes,

84 3666 191 3697 Pietate
207 3669 294 3697 etiam
314 3669 386 3697 moti
407 3676 471 3705 erga
493 3668 582 3705 ipsum
603 3677 692 3706 nuper
707 3672 836 3697 Comitem
852 3667 985 3738 διῆκεν-ξι
1000 3671 1032 3700 &
1047 3672 1130 3701 inno-

84 3714 198 3735 centem
220 3706 358 3735 Sobolem
380 3705 475 3742 suam,
492 3707 539 3743 qui
559 3707 646 3736 etiam
668 3706 723 3743 ipse
742 3706 875 3737 Robertus
890 3719 937 3738 mu
953 3717 980 3739 ta
993 3708 1082 3740 fidelia
1097 3711 1131 3741 &

82 3752 217 3781 persuum
233 3745 412 3783 acceptabilia
427 3744 543 3774 Servitia
557 3744 656 3774 Nobis
669 3753 733 3774 ante
746 3745 796 3774 hac
812 3747 968 3783 impendit,

124 3780 170 3809 De
191 3781 289 3812 Gratia
308 3782 402 3811 nostra
427 3783 554 3820 speciali,
574 3793 606 3812 ac
626 3792 661 3813 ex
675 3792 751 3813 certa
763 3783 884 3814 Scientia
896 3785 930 3815 δε
946 3795 1026 3815 mero
1042 3785 1134 3817 Motu

82 3818 196 3854 nostris,
215 3820 430 3857 pardonavimus
447 3821 603 3850 remisimus
619 3822 652 3851 ὃς
669 3821 849 3852 relaxavimus
862 3832 896 3852 ac
912 3833 959 3860 per
973 3823 1135 3863 Praesentes,

82 3866 135 3899 pro
156 3856 251 3886 Nobis
272 3858 440 3888 Hieredibus
465 3861 497 3889 ὃς
516 3859 730 3889 Succefforibus
746 3859 866 3897 nostris,
886 3861 1076 3898 pardonamus
1091 3873 1132 3892 re-

82 3896 219 3924 mittimus
246 3897 275 3923 8<
301 3897 452 3926 relaxamus
466 3897 582 3934 praefato
598 3897 714 3926 Roherto
728 3900 806 3926 Karr
820 3908 901 3936 nuper
916 3902 1013 3929 Comitr‘
1030 3903 1133 3929 Somer-

75 3933 122 3973 fit
142 3933 204 3962 alias
225 3933 303 3962 dicto
325 3935 438 3964 Roberto
458 3940 628 3964 communiter
644 3936 716 3964 dieto
735 3940 832 3965 Comiti
850 3936 994 3975 Sometstt,
1014 3939 1077 3967 alias
1090 3939 1133 3968 di-

82 3975 134 4001 cto
158 3971 272 4000 Roberto
291 3980 374 4012 nuper
393 3976 488 4001 Camiri
507 3974 652 4013 Somerfi‘t,
670 3984 716 4004 aut
736 3984 908 4012 quocunque
920 3977 977 4004 alio
996 3975 1133 4008 Nomine

79 4009 272 4049 Cognomine
299 4012 354 4041 live
378 4011 533 4041 Additione
558 4012 698 4043 Nominis
722 4012 766 4045 vel
791 4011 986 4051 Cognominis
1013 4013 1134 4053 Officii,

1208 238 1253 260 tur
1273 230 1414 260 censeatur
1435 239 1556 260 vocetur
1575 232 1632 261 sive
1643 240 1842 270 nuncupetur,
1860 240 1906 261 aut
1919 242 2009 269 nuper
2020 231 2155 265 sciebatur
2168 235 2265 266 cense-

2306 232 2391 271 1624.

1206 268 1287 298 batur
1308 269 1462 298 vocabatur
1485 268 1540 297 five
1562 269 1794 306 nuncupabatur,
1816 279 1918 300 omncs
1935 271 1967 301 ὃ(
1987 272 2170 304 omnimodas
2179 271 2264 304 Con-
2281 269 2415 308 zzJacix.

1204 306 1367 343 spirationes
1392 307 1520 336 Felonias
1545 307 1740 337 Abertatioues
1756 308 1972 339 Procurationes
1991 308 2172 340 incitationes
2190 307 2264 342 Mo-

1204 347 1296 374 tiones
1319 344 1555 375 Confortationes
1578 345 1813 376 Manutentiones
1830 346 2040 386 Praeceptiones
2060 348 2266 379 Auxiliationes

1203 382 1422 413 Conduetiones
1445 383 1578 413 Mandata
1599 382 1727 413 Conlilia
1741 383 1868 414 Crimina
1882 385 2127 424 Transgreffiones
2140 385 2264 417 Malefa-

1200 421 1245 451 &a
1268 420 1400 451 offensas
1421 423 1454 452 δε
1478 421 1591 451 Delicta
1606 431 1784 461 quaecunque
1799 423 1828 451 in
1845 421 2059 455 Indictamento
2078 425 2132 456 sive
2146 424 2265 463 Inquisi—

1200 460 1278 489 tioue
1295 459 1429 496 praediola
1447 459 1621 499 specificata,
1639 459 1770 490 Mortem
1790 459 1978 492 Occisionem
1995 462 2115 493 Necem
2131 463 2265 494 Venena-

1201 499 1310 527 tionem
1346 497 1588 529 Intoxicationem
1615 498 1760 528 Feloniam
1783 500 1816 531 &
1843 499 2010 530 Felonicam
2028 500 2263 533 Interfeclionem

1199 536 1330 573 praedic'ti
1343 536 1450 566 Thomae
1464 536 1606 576 Overbury
1617 535 1719 567 Militis
1728 559 1737 575 ,
1755 538 1785 567 in
1799 538 1894 575 aliquo
1913 540 2053 577 tangentia
2067 539 2122 570 slve
2141 550 2262 571 concer—

1198 575 1292 604 nentia
1308 585 1314 604 z
1346 576 1392 604 Ac
1408 575 1565 606 Accelsaria
1583 576 1741 606 eorundem
1760 584 1816 606 tam
1835 586 1899 606 ante
1913 577 2021 607 faustum
2040 580 2125 615 quam
2141 578 2204 615 post
2219 580 2259 610 fa-

1197 612 1282 642 &um
1292 635 1302 650 ,
1319 623 1353 644 ac
1374 614 1486 650 Fugam
1504 615 1537 645 ὃς
1561 613 1584 643 F
1587 622 1651 651 ugas
1666 614 1813 650 superinde
1827 614 1928 653 rastas,
1945 615 2013 646 licet
2033 616 2108 647 idem
2126 617 2259 648 Robertus

1198 653 1278 680 Karr
1305 660 1387 690 nuper
1406 655 1496 682 Comes
1511 650 1643 691 Somerfit
1656 651 1692 682 de
1702 652 1854 682 Praemiffis
1871 653 1917 684 vel
1932 654 2026 692 aliquo
2039 653 2259 687 Praemissorum

1197 689 1347 721 indietatus
1371 692 1517 730 impetitus
1539 690 1692 728 appellatus
1705 691 1855 722 attestatus
1869 692 2003 731 utlagatus
2019 693 2172 724 convietus
2185 704 2259 725 con-

1198 727 1367 767 dempnatus
1381 730 1513 760 attinctus
1528 729 1584 759 sive
1599 729 1771 766 adjudicatus
1779 728 1873 760 existit
1887 731 1930 762 vel
1944 741 2004 761 non
2018 731 2131 771 existit,
2148 740 2197 764 aut
2210 735 2256 764 in-

1197 765 1234 797 de
1249 766 1378 799 indictari
1391 768 1513 808 impetiri
1526 768 1658 806 appellari
1670 768 1769 798 restari
1785 768 1899 806 utlagari
1913 770 2049 801 convinci
2058 772 2259 810 condempna-

1196 805 1219 834 ri
1244 807 1342 846 attingi
1368 807 1423 838 sive
1440 806 1592 845 adjudicari
1611 807 1766 843 contigerit
1779 807 1808 836 in
1829 807 1978 846 futurum,
1994 818 2027 839 ac
2043 809 2140 840 omnia
2155 810 2188 840 &
2203 810 2259 842 fin-

1195 843 1262 882 gula
1284 843 1490 876 ludicramenta
1505 844 1618 882 judicia
1639 844 1906 877 Condemnationes
1924 846 2131 886 Executiones,
2149 848 2258 880 Poenas

1195 882 1312 922 Mortis,
1331 883 1436 915 Poenas
1450 894 1503 915 cor
1523 884 1622 922 orales,
1636 882 1812 915 Pecuniarias
1827 884 2001 923 Punitiones,
2015 885 2256 924 Imprisonamen-

1194 930 1240 958 ta,
1259 921 1466 954 Restrictiones
1480 934 1494 954 a
1532 923 1645 954 Locum
1660 932 1770 953 certum
1787 923 1831 954 vel
1846 923 1926 953 Loca
1939 933 2015 955 certa
2036 924 2178 965 (Anglice
2192 937 2254 957 con·

1192 959 1299 997 fining)
1322 961 1423 992 Poenas
1439 963 1471 992 &
1488 961 1670 992 poenalitates
1683 961 1870 1001 quascunque,
1887 962 1922 992 de
1936 973 1989 1000 pro
2004 963 2058 994 five
2073 973 2254 996 concernen-

1194 1007 1235 1028 tes
1260 999 1397 1032 Mortem
1421 1000 1610 1030 Occilionem
1632 999 1748 1030 Necem
1769 1000 1993 1032 Venenationem
2011 1000 2254 1034 Intoxicationem

1195 1037 1218 1067 F
1219 1037 1342 1069 eloniam
1355 1040 1388 1069 ὃ(
1404 1039 1570 1069 Felouicam
1589 1037 1824 1069 Inter·fe6tionem
1841 1039 1970 1076 praediCti
1985 1039 2092 1070 Thomae
2107 1041 2254 1082 Overbury

1199 1075 1316 1114 Militis,
1336 1078 1365 1107 in
1386 1077 1464 1115 super
1488 1078 1532 1107 vel
1554 1078 1646 1106 versus
1668 1077 1756 1120 ipsum
1776 1077 1922 1108 Rebertum
1937 1083 2006 1107 Karr
2023 1087 2107 1115 nuper
2123 1083 2252 1111 Comitem

1193 1116 1324 1153 Somerfi’t
1346 1115 1440 1146 habita
1464 1115 1536 1145 faeta
1551 1115 1656 1146 reddita
1672 1122 1727 1145 live
1741 1115 1916 1154 adjudicata,
1932 1125 1978 1147 aut
1997 1116 2187 1154 imposterum
2203 1120 2255 1151 ha-

1194 1153 1285 1184 benda
1297 1153 1387 1184 fienda
1400 1153 1542 1184 reddenda
1558 1153 1612 1184 live
1624 1153 1823 1193 adjudicanda,
1841 1163 1889 1185 aut
1901 1165 1964 1194 quae
1973 1154 2041 1184 Nos
2057 1155 2151 1187 versus
2165 1158 2255 1194 ipsum

1192 1192 1339 1222 Robertum
1355 1199 1426 1222 Karr
1441 1203 1522 1232 nuper
1530 1196 1657 1222 Comitem
1664 1193 1794 1232 Somerset
1803 1203 1853 1231 pro
1861 1192 2011 1224 Praemiffis
2021 1193 2066 1224 vel
2073 1194 2168 1233 aliquo
2177 1195 2255 1226 Prae-

1194 1230 1342 1261 miliorum
1363 1232 1499 1262 habemus
1521 1230 1566 1261 seu
1581 1231 1767 1271 imposterum
1786 1232 1891 1262 habere
1910 1234 2080 1272 poterimus,
2095 1241 2140 1263 aut
2153 1234 2256 1266 Haere-

1191 1268 1239 1299 des
1254 1270 1297 1300 vel
1315 1270 1493 1300 Success'ores
1510 1269 1598 1300 nostri
1614 1271 1672 1300 ullo
1688 1270 1779 1300 modo
1793 1272 1897 1301 habere
1911 1272 2036 1310 poterint
2049 1272 2077 1301 in
2095 1271 2234 1304 futurum.

1207 1346 1211 1350 .
1231 1307 1248 1325 ³*
1259 1307 1479 1339 Pardonavimus
1495 1308 1620 1347 insuper,
1637 1319 1670 1339 ac
1685 1319 1738 1348 pro
1754 1308 1854 1340 Nobis
1868 1309 2039 1342 Haeredibus
2053 1310 2086 1342 δε
2100 1311 2251 1345 Successo-

1191 1346 1266 1377 ribus
1290 1347 1394 1380 nostris
1417 1349 1587 1381 remittimus
1606 1349 1794 1387 pai-donamus
1817 1348 1851 1380 &
1871 1349 2024 1381 relaxamus
2049 1353 2170 1388 praerato
2183 1353 2249 1383 Rob.

1191 1386 1270 1415 Karr
1287 1397 1376 1427 nuper
1400 1394 1472 1420 Com.
1496 1393 1628 1428 Someryet
1651 1399 1752 1421 omnes
1772 1388 1804 1421 &
1822 1388 1938 1428 fingulas
1954 1389 2133 1429 Utlagarias,
2152 1391 2171 1421 si
2185 1402 2252 1430 quae

1191 1426 1282 1458 versus
1301 1430 1470 1465 praedictum
1490 1428 1636 1459 Robe‘rtum
1654 1431 1733 1458 Karr
1746 1437 1834 1468 nuper
1847 1431 1976 1458 comitem
1989 1428 2117 1467 Sorrterset
2132 1431 2251 1470 ratione,

1189 1463 1244 1508 sive
1262 1467 1410 1498 occasione
1431 1467 1643 1498 Praemissorum
1666 1468 1722 1498 live
1743 1476 1846 1498 corum
1861 1467 1976 1505 alicujus
1986 1468 2171 1507 promulgatae
2189 1469 2251 1502 fue-

1189 1513 1243 1535 rint
1257 1505 1312 1536 five
1326 1506 1503 1544 inposterum
1519 1507 1590 1537 erint
1604 1506 1713 1544 promul
1737 1506 1836 1544 andan,
1854 1515 1887 1536 ac
1900 1515 2002 1537 omnes
2023 1509 2056 1538 δε
2071 1509 2252 1540 omnimodas

1192 1542 1291 1574 Sectas
1305 1545 1440 1582 Querens
1456 1545 1655 1582 impetitiones
1669 1545 1702 1575 ὃς
1753 1544 1873 1575 emanda
1886 1555 2082 1583 quaecunque,
2101 1555 2165 1585 quae
2182 1547 2253 1579 Nos

1191 1582 1282 1613 versus
1298 1585 1387 1623 ipsum
1403 1584 1550 1615 Rohertum
1565 1590 1635 1614 Kar-r
1651 1592 1738 1623 nuper
1752 1582 2018 1624 ComitemSomerfit
2034 1594 2087 1622 pro
2103 1586 2252 1623 praemiffis

1189 1620 1234 1650 vel
1247 1622 1342 1660 aliquo
1359 1622 1567 1660 prcemifforum
1577 1647 1586 1660 ,
1605 1623 1753 1652 habuimus
1767 1622 1903 1653 habemus
1917 1623 1962 1654 seu
1978 1625 2006 1653 in
2019 1622 2148 1655 futurum
2164 1625 2253 1657 habe-

1190 1668 1219 1689 re
1232 1662 1388 1698 poterimus
1406 1671 1412 1690 :
1438 1662 1610 1698 Sectamque
1626 1660 1706 1692 Pacis
1718 1660 1823 1690 nostrae
1838 1670 1903 1699 quae
1918 1662 1952 1692 ad
1965 1661 2034 1692 Nos
2048 1662 2140 1693 versus
2157 1664 2250 1704 ipsum

1186 1699 1337 1729 Rohertum
1354 1705 1426 1729 Karr
1442 1709 1531 1737 nuper
1551 1702 1680 1729 Comitem
1694 1698 1825 1737 somerset
1846 1701 1964 1735 pertinet
1981 1700 2026 1730 seu
2040 1702 2175 1738 pertinere
2192 1711 2247 1741 po-

1187 1738 1249 1767 terit
1271 1740 1379 1769 ratione
1406 1737 1615 1777 praemifforum
1636 1737 1692 1767 slve
1706 1746 1807 1768 eorum
1819 1737 1944 1776 alicujus,
1961 1738 1995 1769 &
2009 1738 2121 1770 firmam
2139 1740 2247 1772 Pacem

1187 1775 1315 1807 nostram
1334 1778 1427 1807 eidem
1443 1776 1559 1807 Roherto
1567 1781 1652 1805 Karre
1668 1784 1757 1815 nuper
1771 1777 1871 1806 comiti
1885 1777 2015 1816 Somerset
2027 1777 2125 1809 damus
2134 1779 2248 1812 &con-

1184 1815 1313 1846 cedimus
1327 1826 1376 1854 per
1387 1815 1542 1855 praesentes.
2239 1814 2249 1820 ”

1223 1852 1367 1886 Nolentes
1387 1855 1465 1893 quod
1482 1855 1557 1885 idem
1573 1853 1708 1883 Robertus
1722 1859 1794 1884 Karr
1807 1862 1897 1893 nuper
1919 1856 2010 1884 Comes
2027 1857 2118 1885 somer
2132 1863 2175 1894 et,
2190 1866 2241 1896 pet

1187 1891 1383 1926 vicecomites
1400 1893 1574 1932 justiciarios
1601 1891 1764 1924 Escaetores
1786 1892 1905 1924 Ballivos
1927 1893 1983 1924 five
2005 1893 2074 1924 alios
2129 1895 2244 1928 inistroc

1188 1931 1303 1962 nostros
1324 1933 1521 1964 occalionibus
1539 1931 1682 1970 praedictis
1701 1931 1748 1962 seu
1764 1941 1864 1963 eorum
1878 1932 1992 1970 aliquo,
2011 1931 2175 1965 molestetur
2188 1945 2245 1968 oc-

1186 1971 1342 2002 cationeter
1363 1972 1544 2011 perturbetur
1557 1969 1603 2000 seu
1619 1970 1647 2000 in
1660 1970 1756 2008 aliquo
1767 1978 1897 2011 gravetur
1907 1992 1917 2007 ,
1936 1971 2003 2002 licet
2014 1970 2093 2002 idem
2110 1973 2244 2006 Robertus

1187 2015 1260 2039 Karr
1283 2019 1372 2049 nuper
1392 2013 1484 2040 Comes
1496 2007 1626 2048 Somersbt
1641 2018 1701 2039 non
1714 2009 1839 2040 inveniat
1852 2008 2023 2040 sufficientes
2038 2009 2245 2050 Manucaptio-

1186 2057 1234 2079 nes
1254 2048 1309 2080 five
1321 2049 1488 2081 Securitates
1496 2071 1506 2086 ,
1519 2049 1598 2085 juxta
1610 2047 1734 2078 formam
1750 2048 1784 2078 &
1797 2048 1938 2079 effectum
1949 2047 2095 2086 cujusdam
2107 2049 2200 2083 Actus
2212 2052 2246 2083 in

1186 2086 1379 2119 Parliamento
1394 2087 1518 2118 Domini
1530 2086 1670 2116 Edwardi
1683 2094 1768 2124 nuper
1779 2090 1860 2124 Regis
1875 2085 1989 2123 Angliae
2001 2090 2088 2117 Tertii
2101 2086 2244 2129 Progeni-

1185 2127 1251 2157 toris
1264 2127 1367 2165 nostri,
1386 2126 1477 2157 Anno
1493 2125 1589 2164 Regni
1601 2126 1641 2155 sui
1657 2124 1794 2163 decimo,
1813 2125 1886 2164 apud
1901 2125 2026 2156 Westm.
2041 2133 2142 2165 tent0,
2157 2128 2246 2168 editi,

1182 2164 1219 2195 de
1241 2165 1268 2196 se
1287 2168 1360 2197 bene
1380 2165 1522 2203 gerendo,
1540 2173 1669 2201 exnunc,
1688 2172 1752 2202 erga
1771 2163 1842 2195 Nos
1863 2163 1999 2195 Haeredes
2011 2164 2044 2196 &
2060 2165 2244 2200 successores

1183 2203 1295 2235 nostros
1309 2205 1342 2236 &
1357 2204 1499 2235 cunctum
1516 2203 1664 2240 Populum
1680 2202 1820 2234 nostrum.

1220 2242 1321 2274 Sciatis
1333 2244 1446 2275 ulterius
1461 2242 1542 2280 quod
1561 2241 1641 2280 Nos,
1658 2240 1694 2272 de
1710 2242 1834 2273 uberiori
1849 2241 1951 2272 Gratii
1964 2241 2061 2274 nostra
2071 2241 2189 2282 speciali,
2206 2246 2242 2278 δε

1181 2290 1215 2310 ex
1230 2281 1306 2313 certa
1321 2281 1448 2314 Scicntifi
1462 2283 1495 2312 &
1511 2290 1592 2311 mero
1607 2280 1697 2310 Motu
1711 2280 1826 2317 nostris,
1836 2289 1895 2349 fpro
1909 2280 2008 2311 Nobis
2022 2280 2191 2314 Haeredibus
2205 2283 2242 2315 &

1180 2319 1397 2351 Successoribus
1421 2320 1541 2358 nostris,
1568 2318 1756 2350 concedimus
1777 2329 1834 2357 prae
1848 2328 1896 2350 ato
1917 2319 2036 2349 Roberto
2054 2325 2126 2351 Karr
2148 2331 2241 2361 nuper

1179 2362 1278 2389 comiti
1299 2359 1430 2398 Somerset
1451 2360 1482 2390 δε
1499 2358 1670 2389 Haeredibus
1683 2358 1735 2389 suis
1745 2381 1754 2396 ,
1773 2367 1911 2396 quantum
1925 2358 1954 2388 in
1970 2358 2068 2389 Nobis
2081 2359 2141 2397 est,
2158 2359 2240 2398 quod

1180 2397 1258 2428 idem
1266 2398 1398 2429 Robertus
1408 2405 1480 2428 &arr
1494 2408 1583 2435 nuper
1590 2402 1681 2426 Comes
1690 2395 1821 2437 Somerfi‘t
1833 2396 1868 2427 de
1883 2405 1989 2427 caetero
1998 2397 2082 2436 plene
2089 2398 2121 2428 ὃς
2129 2400 2240 2439 integre

1179 2436 1354 2475 adjudicetur
1367 2438 1538 2468 habeatur&
1549 2444 1691 2474 reputetur
1705 2437 1735 2466 in
1745 2435 1822 2474 Lege
1835 2436 1870 2466 de
1879 2436 1911 2467 &
1925 2436 1954 2466 in
1970 2436 2074 2467 elidem
2090 2436 2238 2475 hujusmo-

1177 2475 1205 2504 di
1222 2477 1255 2507 &
1271 2477 1466 2507 confimilibus
1480 2475 1604 2506 Honore
1619 2475 1700 2505 Statu
1715 2474 1827 2505 Ordine
1845 2473 1992 2513 Dignitate
2007 2474 2080 2506 Stilo
2096 2475 2238 2515 Sanguine

1178 2515 1211 2545 &
1237 2515 1321 2545 Loco
1345 2515 1474 2546 Honoris
1486 2516 1519 2545 δε
1536 2513 1755 2551 Ptaecedentiae,
1773 2513 1807 2544 ad
1822 2523 1923 2543 ornnes
1936 2515 2105 2545 intentiones
2120 2514 2153 2545 &
2168 2523 2234 2552 pro-

1196 2552 1279 2591 osita,
1302 2563 1335 2584 ac
1356 2554 1376 2584 fi
1394 2553 1527 2591 praedieta
1549 2553 1665 2583 Felonia
1686 2553 1845 2583 Venenatio
1863 2551 2037 2584 lntoxicatio
2057 2554 2090 2583 &
2110 2552 2234 2583 felonica

1193 2592 1343 2622 nterfetstio
1364 2592 1471 2630 praefati
1487 2591 1594 2621 Thomae
1609 2590 1754 2628 Overbury
1772 2590 1888 2628 Militis,
1904 2592 1937 2621 &
1954 2588 2114 2621 Acceffaria
2126 2600 2232 2621 eorun-

1175 2631 1258 2667 dem,
1275 2633 1307 2662 &
1323 2631 1454 2668 praedirfta
1471 2630 1700 2668 Conl'pirationes
1711 2630 1825 2660 Felonia
1840 2629 2035 2671 Abertationes
2046 2627 2233 2660 Procuratio-

1175 2679 1222 2699 nes
1241 2668 1425 2700 Incitationes
1446 2668 1595 2699 Moriones
1617 2667 1853 2698 Confortationes
1869 2666 2090 2704 Proscriptiones
2104 2667 2231 2698 Auxilia-

1173 2709 1266 2738 tiones
1280 2707 1547 2738 Condemnationes
1562 2707 1699 2737 Mandata
1714 2705 1843 2736 Consilia
1858 2706 1891 2736 &
1902 2705 1952 2735 alia
1960 2704 2115 2736 Malefeoa
2124 2706 2232 2737 Trans·

1171 2745 1325 2785 greffiones
1339 2748 1371 2776 &
1390 2746 1530 2782 Offensae,
1549 2755 1597 2782 per
1610 2745 1702 2782 ipsum
1716 2754 1764 2784 per
1779 2744 1806 2774 se
1821 2743 1924 2782 solum,
1941 2753 1988 2774 aut
2002 2753 2070 2774 cum
2082 2744 2142 2775 aliis
2154 2755 2230 2775 nun·

1194 2793 1258 2814 uam
1279 2785 1352 2814 faeta
1371 2784 1522 2815 commissa
1546 2785 1602 2814 live
1623 2792 1776 2820 perpetrata
1792 2782 1928 2820 fuissent,
1947 2783 1980 2813 ὅ(
1995 2791 2079 2819 prout
2097 2783 2230 2820 praedicta

1201 2823 1382 2853 onvictiones
1403 2822 1667 2853 Condemnationes
1685 2820 1800 2859 Judicia
1822 2820 1967 2860 Utlagaria
1983 2821 2039 2853 sive
2056 2821 2229 2853 AttinCturae

1171 2871 1316 2899 nunquam
1333 2861 1425 2892 habita
1440 2862 1501 2892 data
1519 2860 1562 2891 seu
1580 2861 1692 2898 promul
1713 2869 1755 2890 ata
1769 2859 1898 2891 fuissent:
1926 2859 1971 2890 Ac
1989 2858 2113 2891 eundem
2128 2860 2230 2890 Rober-

1170 2907 1228 2928 tum
1246 2903 1325 2929 Karr
1345 2910 1435 2938 nuper
1449 2902 1576 2930 Comitem
1591 2869 1721 2939 Somersgt
1739 2900 1771 2930 &
1789 2897 1925 2929 Haeredes
1938 2898 2016 2936 suos,
2033 2900 2066 2928 ad
2080 2899 2177 2930 omnia
2192 2901 2227 2930 &

1171 2939 1274 2978 lingula
1289 2938 1448 2977 Dignitates
1462 2939 1553 2969 Status
1568 2938 1820 2969 Praeheminentias
1838 2936 1988 2975 Sanguinis
2008 2936 2080 2966 Loci
2097 2936 2229 2969 Honoris

1171 2977 1291 3007 Ordinis
1303 2979 1336 3008 ὃς
1352 2977 1554 3008 Praecedentiae
1570 2986 1758 3016 quaecunque,
1773 2986 1838 3013 quae
1855 2976 1934 3006 idern
1947 2975 2079 3005 Robertus
2087 2978 2164 3006 Karr
2175 2987 2230 3008 nu·

1171 3024 1219 3053 per
1240 3020 1330 3045 Comes
1350 3015 1499 3055 Somerset,
1516 3016 1625 3046 ratione
1646 3016 1811 3052 aliquorum
1835 3015 2040 3052 praedictorum
2055 3013 2231 3046 convictio-

1171 3054 1440 3092 numJudiciorum,
1457 3055 1668 3092 Utlagariarum
1684 3054 1739 3085 live
1754 3053 1990 3091 Attin&urarum,
2008 3054 2052 3084 seu
2064 3063 2165 3085 eorum
2178 3054 2229 3085 ali-

1174 3093 1270 3130 cujus,
1288 3094 1378 3124 amisit
1393 3094 1438 3124 lieu
1456 3094 1595 3124 forisfecit
1610 3094 1743 3131 plenarie,
1761 3101 1899 3131 quantum
1917 3093 1946 3122 in
1961 3093 2043 3122 nobis
2056 3091 2108 3131 est,
2125 3092 2229 3124 damus

1171 3131 1313 3161 reddimus
1333 3134 1365 3163 δε
1379 3132 1548 3162 restituimus
1564 3141 1612 3169 per
1626 3131 1797 3169 Praesentes,
1814 3131 1887 3162 adeo
1903 3131 1987 3169 plene
2000 3131 2090 3161 libere
2107 3130 2141 3161 &
2156 3132 2229 3162 inte-

1169 3170 1219 3209 gre
1243 3170 1276 3199 ad
1299 3179 1402 3200 omnes
1425 3171 1595 3201 intentiones
1609 3170 1642 3200 ὅ(
1656 3170 1814 3208 proposita,
1832 3181 1864 3200 ac
1883 3170 1900 3200 li
1916 3170 1990 3200 idem
2002 3169 2133 3199 Robertus
2146 3172 2228 3200 Karr

1171 3218 1260 3246 nuper
1276 3211 1366 3238 Comes
1377 3209 1509 3246 Somerfi’t
1524 3209 1658 3246 praediffta
1666 3209 1689 3239 F
1691 3209 1783 3239 elonia
1797 3217 1843 3238 aut
1856 3208 1906 3238 alia
1914 3208 2067 3238 Malefaera
2079 3218 2228 3245 nunquam

1171 3246 1357 3278 commiliffet
1377 3256 1423 3278 aut
1448 3247 1643 3285 perpetrasset·
1662 3256 1710 3279 aut
1731 3257 1784 3284 pro
1804 3247 1909 3277 eisdem
1925 3247 2076 3277 indieratus
2090 3247 2230 3278 aredisatus

1174 3285 1324 3315 convietus
1338 3285 1474 3325 utlagatus
1487 3295 1533 3316 aut
1547 3270 1681 3316 aruncius
1690 3295 1838 3324 nunquam
1845 3285 1972 3316 exitiffet.
1993 3284 2143 3324 Quodque
2151 3286 2229 3317 idern

1171 3324 1301 3353 Robertus
1322 3326 1401 3353 Karr
1415 3334 1503 3364 nuper
1518 3328 1608 3354 Comes
1623 3324 1753 3363 Somerfi’t
1768 3325 1800 3355 &
1817 3323 1952 3354 Haeredes
1967 3323 2007 3354 sui
2022 3324 2057 3354 de
2072 3333 2178 3355 caetero
2191 3325 2227 3356 &

1170 3364 1302 3399 deinceps
1323 3362 1478 3400 (quantum
1500 3363 1527 3392 in
1552 3363 1636 3393 nobis
1661 3362 1722 3400 est)
1741 3363 1802 3394 sunt
1822 3363 1855 3393 &
1878 3372 1959 3393 erunt
1976 3363 2004 3392 in
2020 3362 2097 3401 Lege
2111 3372 2229 3401 capaces

1171 3402 1205 3431 ἃ
1227 3399 1334 3430 habiles
1355 3401 1384 3430 in
1407 3400 1568 3439 Sanguine,
1585 3411 1619 3432 ac
1638 3401 1674 3431 de
1695 3411 1801 3433 caetero
1813 3402 1846 3432 &
1864 3401 2000 3440 deinceps
2014 3400 2078 3431 fore
2093 3400 2230 3432 Haeredee

1170 3439 1204 3469 ad
1225 3448 1326 3468 omnes
1344 3439 1377 3469 &
1400 3439 1522 3477 singulos
1546 3440 1746 3470 Antecessores
1767 3440 1876 3470 lineales
1896 3440 1952 3470 sive
1974 3439 2142 3470 collaterales
2164 3439 2228 3470 suos

1170 3476 1366 3514 quoscunque,
1385 3478 1419 3508 &
1442 3478 1641 3515 (quantumin
1657 3479 1741 3508 nobis
1754 3478 1812 3512 est)
1830 3477 1865 3508 ad
1885 3477 2041 3514 petendum
2063 3477 2226 3508 habendum

1170 3515 1394 3546 haereditandum
1419 3517 1451 3547 &
1468 3516 1651 3555 gaudendum
1669 3519 1767 3547 onmia
1779 3517 1812 3547 &
1826 3516 1929 3555 lingula
1948 3515 2084 3546 Honores
2100 3514 2228 3546 Manena

1170 3554 1312 3584 Dominia
1324 3554 1502 3593 TerrasJura
1516 3556 1629 3586 Titulos
1644 3556 1780 3586 Actiones
1789 3556 1822 3587 &
1835 3554 2077 3585 Haereditamenta
2089 3563 2226 3591 quaecun-

1171 3602 1225 3630 que
1246 3591 1424 3631 inposterum
1445 3594 1640 3624 descendentia
1657 3595 1700 3624 seu
1714 3594 1900 3631 devenientia,
1918 3603 1966 3631 per
1981 3592 2154 3623 Descensum
2166 3590 2227 3623 hae-

1171 3631 1329 3661 reditarium
1341 3632 1377 3661 ab
1392 3631 1485 3669 aliquo
1495 3633 1712 3664 Antecessorum
1727 3633 1840 3663 suorum
1859 3640 2103 3671 quorumcunque.

1209 3668 1247 3698 Et
1262 3669 1374 3699 ulterius
1387 3670 1422 3700 de
1435 3672 1566 3708 ampliori
1577 3671 1678 3702 Gratia
1694 3671 1789 3702 nostra
1804 3671 1925 3710 speciali,
1942 3680 1974 3701 ac
1987 3678 2020 3699 ex
2035 3667 2109 3699 certa
2123 3667 2227 3700 Scien-

1172 3706 1210 3736 tia
1225 3709 1257 3738 &
1274 3717 1355 3737 mero
1373 3707 1461 3738 Motu
1476 3709 1586 3747 nostris,
1603 3710 1737 3741 volumus
1751 3712 1784 3742 &
1800 3710 1985 3741 concedimus
2000 3717 2048 3746 per
2064 3706 2228 3747 praesentes,

1172 3755 1224 3782 pro
1248 3745 1347 3775 Nobis
1367 3746 1537 3777 Haeredibus
1558 3750 1591 3779 &
1613 3748 1826 3779 Successoribus
1842 3748 1961 3787 nostris,
1979 3744 2096 3783 praefato
2107 3745 2225 3777 Roberto

1172 3785 1251 3812 Karr
1270 3793 1358 3820 nuper
1378 3788 1476 3815 Comiti
1493 3786 1622 3826 Somerset
1641 3787 1811 3817 Haeredibus
1831 3789 1864 3818 δε
1888 3785 2040 3825 Affignatis
2056 3783 2125 3821 suis,
2142 3785 2225 3822 quod

1173 3822 1218 3851 hae
1236 3821 1341 3852 Literae
1365 3823 1470 3854 nostrae
1491 3824 1633 3862 Patentes,
1654 3826 1685 3855 &
1704 3826 1802 3855 omnia
1818 3826 1850 3856 δε
1864 3825 1967 3863 singula
1981 3824 2008 3852 in
2024 3822 2128 3853 eisdem
2148 3833 2225 3854 con-

1173 3868 1266 3896 tenta,
1285 3860 1329 3889 vel
1352 3859 1603 3893 Irrotulamentum
1625 3864 1793 3899 earundem,
1810 3872 1893 3894 erunt
1915 3864 1945 3892 in
1968 3862 2102 3892 omnibus
2122 3863 2155 3894 &
2172 3871 2224 3901 per

1174 3899 1274 3928 omnia
1287 3897 1377 3928 firmae
1389 3900 1488 3930 validae
1500 3902 1586 3931 bonae
1600 3901 1766 3932 sufficientes
1781 3902 1814 3931 &
1827 3899 1990 3932 effectuales
2005 3901 2035 3930 in
2053 3900 2144 3939 Lege,
2160 3908 2227 3940 erga

1174 3936 1207 3966 &
1228 3945 1330 3965 contra
1349 3937 1419 3967 Nos
1439 3938 1573 3970 Haeredes
1594 3941 1627 3970 δε
1642 3939 1819 3970 Succeiiores
1831 3938 1959 3977 nostros,
1974 3947 2034 3970 tam
2048 3940 2075 3968 in
2090 3939 2229 3970 omnibus

1173 3973 1268 4017 Curiis
1289 3975 1392 4007 nostris
1413 3978 1498 4013 quam
1521 3979 1586 4007 alibi
1601 3978 1672 4008 infra
1685 3978 1820 4016 Regnum
1834 3976 1968 4008 nostrum
1983 3978 2111 4017 Angliae,
2126 3977 2178 4009 abs
2192 3987 2227 4011 ue

1172 4013 1308 4051 aliquibus
1329 4013 1608 4047 Confirmationibus
1623 4016 1761 4048 Licentiis
1778 4013 1825 4047 vel
1837 4015 2089 4059 Tolexariom‘bus,
2105 4017 2142 4050 de
2190 4026 2226 4065 ος

2266 1329 2286 1350 ¹*
2301 1330 2400 1362 xvn.

2266 1372 2332 1406 630.
