<?xml version="1.0" encoding="UTF-8"?>
<!DOCTYPE html PUBLIC "-//W3C//DTD XHTML 1.0 Transitional//EN"
    "http://www.w3.org/TR/xhtml1/DTD/xhtml1-transitional.dtd">
<html xmlns="http://www.w3.org/1999/xhtml" xml:lang="en" lang="en">
 <head>
  <title>
</title>
<meta http-equiv="Content-Type" content="text/html;charset=utf-8" />
  <meta name='ocr-system' content='tesseract 3.04.00' />
  <meta name='ocr-capabilities' content='ocr_page ocr_carea ocr_par ocr_line ocrx_word'/>
</head>
<body>
  <div class='ocr_page' id='page_1' title='image "./fderaconventione07ryme_0382.png"; bbox 0 0 2557 4279; ppageno 0'>
   <div class='ocr_carea' id='block_1_1' title="bbox 248 127 324 168">
    <p class='ocr_par' dir='ltr' id='par_1_1' title="bbox 248 127 324 168">
     <span class='ocr_line' id='line_1_1' title="bbox 248 127 324 168; baseline 0 -14"><span class='ocrx_word' id='word_1_1' title='bbox 248 127 324 168; x_wconf 56' lang='grc' dir='ltr'>ηπ</span> 
     </span>
    </p>
   </div>
   <div class='ocr_carea' id='block_1_2' title="bbox 102 193 1317 1118">
    <p class='ocr_par' dir='ltr' id='par_1_2' title="bbox 102 193 905 234">
     <span class='ocr_line' id='line_1_2' title="bbox 102 193 905 234; baseline -0.007 -3"><span class='ocrx_word' id='word_1_2' title='bbox 102 199 233 231; x_wconf 78' lang='grc' dir='ltr'>Αηη.ῐ).</span> <span class='ocrx_word' id='word_1_3' title='bbox 288 197 380 228; x_wconf 81' lang='lat' dir='ltr'>Good</span> <span class='ocrx_word' id='word_1_4' title='bbox 395 197 448 227; x_wconf 83' lang='lat' dir='ltr'>and</span> <span class='ocrx_word' id='word_1_5' title='bbox 463 195 567 227; x_wconf 79' lang='lat' dir='ltr'>lawfull</span> <span class='ocrx_word' id='word_1_6' title='bbox 583 193 694 234; x_wconf 86' lang='lat' dir='ltr'>Money</span> <span class='ocrx_word' id='word_1_7' title='bbox 711 195 748 225; x_wconf 92' lang='lat' dir='ltr'>of</span> <span class='ocrx_word' id='word_1_8' title='bbox 757 194 905 234; x_wconf 83' lang='lat' dir='ltr'>England,</span> 
     </span>
    </p>

    <p class='ocr_par' dir='ltr' id='par_1_3' title="bbox 203 228 1310 274">
     <span class='ocr_line' id='line_1_3' title="bbox 203 228 1310 274; baseline -0.007 -7"><span class='ocrx_word' id='word_1_9' title='bbox 203 260 209 267; x_wconf 89' lang='lat'>.</span> <span class='ocrx_word' id='word_1_10' title='bbox 288 236 341 266; x_wconf 77' lang='lat' dir='ltr'>To</span> <span class='ocrx_word' id='word_1_11' title='bbox 357 238 426 266; x_wconf 72' lang='lat' dir='ltr'>nive</span> <span class='ocrx_word' id='word_1_12' title='bbox 441 235 527 264; x_wconf 78' lang='lat' dir='ltr'>liolde</span> <span class='ocrx_word' id='word_1_13' title='bbox 543 243 658 263; x_wconf 83' lang='lat' dir='ltr'>receave</span> <span class='ocrx_word' id='word_1_14' title='bbox 671 235 724 263; x_wconf 91' lang='lat' dir='ltr'>and</span> <span class='ocrx_word' id='word_1_15' title='bbox 739 235 841 272; x_wconf 89' lang='lat' dir='ltr'>enjoye</span> <span class='ocrx_word' id='word_1_16' title='bbox 865 241 937 264; x_wconf 88' lang='lat' dir='ltr'>unto</span> <span class='ocrx_word' id='word_1_17' title='bbox 958 233 1007 263; x_wconf 85' lang='lat' dir='ltr'>the</span> <span class='ocrx_word' id='word_1_18' title='bbox 1027 232 1118 262; x_wconf 85' lang='lat' dir='ltr'>above</span> <span class='ocrx_word' id='word_1_19' title='bbox 1143 229 1245 274; x_wconf 83' lang='lat' dir='ltr'>named</span> <span class='ocrx_word' id='word_1_20' title='bbox 1269 228 1310 259; x_wconf 90' lang='lat' dir='ltr'>se-</span> 
     </span>
    </p>

    <p class='ocr_par' dir='ltr' id='par_1_4' title="bbox 188 269 1317 773">
     <span class='ocr_line' id='line_1_4' title="bbox 188 269 1313 311; baseline -0.007 -6"><span class='ocrx_word' id='word_1_21' title='bbox 188 302 195 309; x_wconf 80' lang='lat'><strong><em>.</em></strong></span> <span class='ocrx_word' id='word_1_22' title='bbox 225 299 230 305; x_wconf 95' lang='lat'>.</span> <span class='ocrx_word' id='word_1_23' title='bbox 253 276 327 305; x_wconf 84' lang='lat' dir='ltr'>veral</span> <span class='ocrx_word' id='word_1_24' title='bbox 347 275 480 311; x_wconf 63' lang='lat' dir='ltr'>Pei-imis,</span> <span class='ocrx_word' id='word_1_25' title='bbox 507 273 553 301; x_wconf 77' lang='lat' dir='ltr'>ilie</span> <span class='ocrx_word' id='word_1_26' title='bbox 574 273 665 302; x_wconf 82' lang='lat' dir='ltr'>above</span> <span class='ocrx_word' id='word_1_27' title='bbox 690 271 820 310; x_wconf 81' lang='lat' dir='ltr'>specified</span> <span class='ocrx_word' id='word_1_28' title='bbox 841 271 949 302; x_wconf 87' lang='lat' dir='ltr'>severall</span> <span class='ocrx_word' id='word_1_29' title='bbox 972 272 1129 310; x_wconf 86' lang='lat' dir='ltr'>Annuyties</span> <span class='ocrx_word' id='word_1_30' title='bbox 1153 269 1313 305; x_wconf 66' lang='lat' dir='ltr'>Petimus,</span> 
     </span>
     <span class='ocr_line' id='line_1_5' title="bbox 252 306 1312 349; baseline -0.007 -6"><span class='ocrx_word' id='word_1_31' title='bbox 252 314 306 343; x_wconf 79' lang='lat' dir='ltr'>and</span> <span class='ocrx_word' id='word_1_32' title='bbox 325 323 355 343; x_wconf 90' lang='lat' dir='ltr'>to</span> <span class='ocrx_word' id='word_1_33' title='bbox 369 313 459 342; x_wconf 86' lang='lat' dir='ltr'>everie</span> <span class='ocrx_word' id='word_1_34' title='bbox 480 310 516 340; x_wconf 90' lang='lat' dir='ltr'>of</span> <span class='ocrx_word' id='word_1_35' title='bbox 527 310 609 340; x_wconf 87' lang='lat' dir='ltr'>them</span> <span class='ocrx_word' id='word_1_36' title='bbox 623 319 652 341; x_wconf 84' lang='lat' dir='ltr'>as</span> <span class='ocrx_word' id='word_1_37' title='bbox 665 309 733 349; x_wconf 89' lang='lat' dir='ltr'><strong>they</strong></span> <span class='ocrx_word' id='word_1_38' title='bbox 749 320 795 341; x_wconf 78' lang='lat' dir='ltr'>are</span> <span class='ocrx_word' id='word_1_39' title='bbox 810 311 908 341; x_wconf 85' lang='lat' dir='ltr'>before</span> <span class='ocrx_word' id='word_1_40' title='bbox 925 309 1052 349; x_wconf 89' lang='lat' dir='ltr'>lymyted</span> <span class='ocrx_word' id='word_1_41' title='bbox 1073 309 1127 339; x_wconf 88' lang='lat' dir='ltr'>and</span> <span class='ocrx_word' id='word_1_42' title='bbox 1150 306 1312 345; x_wconf 74' lang='lat' dir='ltr'>expressed,</span> 
     </span>
     <span class='ocr_line' id='line_1_6' title="bbox 251 344 1312 388; baseline -0.008 -6"><span class='ocrx_word' id='word_1_43' title='bbox 251 352 298 382; x_wconf 85' lang='lat' dir='ltr'>for</span> <span class='ocrx_word' id='word_1_44' title='bbox 313 351 364 381; x_wconf 81' lang='lat' dir='ltr'>and</span> <span class='ocrx_word' id='word_1_45' title='bbox 381 351 503 386; x_wconf 68' lang='lat' dir='ltr'>ditet-«ng</span> <span class='ocrx_word' id='word_1_46' title='bbox 516 349 586 379; x_wconf 85' lang='lat' dir='ltr'>their</span> <span class='ocrx_word' id='word_1_47' title='bbox 603 349 717 378; x_wconf 80' lang='lat' dir='ltr'>naturall</span> <span class='ocrx_word' id='word_1_48' title='bbox 729 349 840 388; x_wconf 87' lang='lat' dir='ltr'>Lyves,</span> <span class='ocrx_word' id='word_1_49' title='bbox 859 349 914 379; x_wconf 88' lang='lat' dir='ltr'>and</span> <span class='ocrx_word' id='word_1_50' title='bbox 927 349 976 379; x_wconf 90' lang='lat' dir='ltr'>the</span> <span class='ocrx_word' id='word_1_51' title='bbox 991 348 1104 377; x_wconf 87' lang='lat' dir='ltr'>naturall</span> <span class='ocrx_word' id='word_1_52' title='bbox 1122 346 1185 376; x_wconf 90' lang='lat' dir='ltr'>Life</span> <span class='ocrx_word' id='word_1_53' title='bbox 1199 344 1236 375; x_wconf 86' lang='lat' dir='ltr'>of</span> <span class='ocrx_word' id='word_1_54' title='bbox 1245 354 1312 374; x_wconf 90' lang='lat' dir='ltr'>eve-</span> 
     </span>
     <span class='ocr_line' id='line_1_7' title="bbox 253 381 1312 432; baseline -0.008 -12"><span class='ocrx_word' id='word_1_55' title='bbox 253 392 294 420; x_wconf 86' lang='lat' dir='ltr'>rie</span> <span class='ocrx_word' id='word_1_56' title='bbox 308 389 343 419; x_wconf 89' lang='lat' dir='ltr'>of</span> <span class='ocrx_word' id='word_1_57' title='bbox 355 390 452 429; x_wconf 78' lang='lat' dir='ltr'>them,</span> <span class='ocrx_word' id='word_1_58' title='bbox 472 388 551 416; x_wconf 79' lang='lat' dir='ltr'>from</span> <span class='ocrx_word' id='word_1_59' title='bbox 568 387 616 416; x_wconf 84' lang='lat' dir='ltr'>the</span> <span class='ocrx_word' id='word_1_60' title='bbox 634 387 714 418; x_wconf 89' lang='lat' dir='ltr'>Feast</span> <span class='ocrx_word' id='word_1_61' title='bbox 729 389 766 418; x_wconf 88' lang='lat' dir='ltr'>of</span> <span class='ocrx_word' id='word_1_62' title='bbox 774 388 822 418; x_wconf 89' lang='lat' dir='ltr'>the</span> <span class='ocrx_word' id='word_1_63' title='bbox 838 387 917 432; x_wconf 75' lang='lat' dir='ltr'>Birth</span> <span class='ocrx_word' id='word_1_64' title='bbox 934 387 970 417; x_wconf 89' lang='lat' dir='ltr'>of</span> <span class='ocrx_word' id='word_1_65' title='bbox 979 396 1033 417; x_wconf 94' lang='lat' dir='ltr'>our</span> <span class='ocrx_word' id='word_1_66' title='bbox 1060 385 1141 416; x_wconf 90' lang='lat' dir='ltr'>Lord</span> <span class='ocrx_word' id='word_1_67' title='bbox 1165 382 1247 426; x_wconf 36' lang='lat' dir='ltr'>God·</span> <span class='ocrx_word' id='word_1_68' title='bbox 1261 381 1312 412; x_wconf 83' lang='lat' dir='ltr'>last</span> 
     </span>
     <span class='ocr_line' id='line_1_8' title="bbox 254 419 1317 497; baseline -0.007 -2"><span class='ocrx_word' id='word_1_69' title='bbox 254 425 768 495; x_wconf 41' lang='grc' dir='ltr'>5ξὲιὲΐᾶῑὲῗὲεᾞξὲᾱὲιετῗὲξ,[ἶ</span> <span class='ocrx_word' id='word_1_70' title='bbox 782 419 1317 497; x_wconf 44' lang='grc' dir='ltr'>(ξιῖῐρίῗίἓίτῖῃέιῗάῐΙξιῐιτεῐεῗὲοῐξῖεζὲεῐὶῗὲ</span> 
     </span>
     <span class='ocr_line' id='line_1_9' title="bbox 253 497 1311 543; baseline -0.006 -10"><span class='ocrx_word' id='word_1_71' title='bbox 253 504 374 540; x_wconf 76' lang='lat' dir='ltr'>Rceeipt</span> <span class='ocrx_word' id='word_1_72' title='bbox 391 504 424 533; x_wconf 84' lang='lat' dir='ltr'>of</span> <span class='ocrx_word' id='word_1_73' title='bbox 435 513 489 533; x_wconf 91' lang='lat' dir='ltr'>our</span> <span class='ocrx_word' id='word_1_74' title='bbox 501 502 670 540; x_wconf 78' lang='lat' dir='ltr'>Excliequer</span> <span class='ocrx_word' id='word_1_75' title='bbox 683 511 710 533; x_wconf 90' lang='lat' dir='ltr'>at</span> <span class='ocrx_word' id='word_1_76' title='bbox 725 503 853 534; x_wconf 87' lang='lat' dir='ltr'>Westm.</span> <span class='ocrx_word' id='word_1_77' title='bbox 871 502 908 533; x_wconf 92' lang='lat' dir='ltr'>of</span> <span class='ocrx_word' id='word_1_78' title='bbox 920 501 965 532; x_wconf 88' lang='lat' dir='ltr'>Us</span> <span class='ocrx_word' id='word_1_79' title='bbox 977 510 1032 531; x_wconf 87' lang='lat' dir='ltr'>our</span> <span class='ocrx_word' id='word_1_80' title='bbox 1053 498 1222 543; x_wconf 38' lang='lat' dir='ltr'>Heires&#39;and</span> <span class='ocrx_word' id='word_1_81' title='bbox 1239 497 1311 527; x_wconf 92' lang='lat' dir='ltr'>Suc-</span> 
     </span>
     <span class='ocr_line' id='line_1_10' title="bbox 252 535 1312 579; baseline -0.007 -7"><span class='ocrx_word' id='word_1_82' title='bbox 252 541 357 572; x_wconf 78' lang='lat' dir='ltr'>cellors</span> <span class='ocrx_word' id='word_1_83' title='bbox 367 564 376 579; x_wconf 86' lang='lat'>,</span> <span class='ocrx_word' id='word_1_84' title='bbox 394 542 431 579; x_wconf 90' lang='lat' dir='ltr'>by</span> <span class='ocrx_word' id='word_1_85' title='bbox 447 542 497 571; x_wconf 86' lang='lat' dir='ltr'>the</span> <span class='ocrx_word' id='word_1_86' title='bbox 513 540 631 572; x_wconf 85' lang='lat' dir='ltr'>Handes</span> <span class='ocrx_word' id='word_1_87' title='bbox 644 541 678 571; x_wconf 87' lang='lat' dir='ltr'>of</span> <span class='ocrx_word' id='word_1_88' title='bbox 691 542 739 572; x_wconf 84' lang='lat' dir='ltr'>the</span> <span class='ocrx_word' id='word_1_89' title='bbox 751 542 888 572; x_wconf 88' lang='lat' dir='ltr'>Tresorer</span> <span class='ocrx_word' id='word_1_90' title='bbox 908 540 963 570; x_wconf 85' lang='lat' dir='ltr'>and</span> <span class='ocrx_word' id='word_1_91' title='bbox 985 537 1219 569; x_wconf 84' lang='lat' dir='ltr'>Chamberlaines</span> <span class='ocrx_word' id='word_1_92' title='bbox 1233 535 1312 566; x_wconf 83' lang='lat' dir='ltr'>there</span> 
     </span>
     <span class='ocr_line' id='line_1_11' title="bbox 253 573 1316 620; baseline -0.007 -10"><span class='ocrx_word' id='word_1_93' title='bbox 253 580 328 610; x_wconf 81' lang='lat' dir='ltr'>from</span> <span class='ocrx_word' id='word_1_94' title='bbox 344 588 422 619; x_wconf 86' lang='lat' dir='ltr'>tyme</span> <span class='ocrx_word' id='word_1_95' title='bbox 438 588 468 610; x_wconf 92' lang='lat' dir='ltr'>to</span> <span class='ocrx_word' id='word_1_96' title='bbox 481 588 577 618; x_wconf 87' lang='lat' dir='ltr'>tyme‚</span> <span class='ocrx_word' id='word_1_97' title='bbox 595 579 682 619; x_wconf 86' lang='lat' dir='ltr'>being</span> <span class='ocrx_word' id='word_1_98' title='bbox 695 588 723 610; x_wconf 91' lang='lat' dir='ltr'>at</span> <span class='ocrx_word' id='word_1_99' title='bbox 737 579 831 611; x_wconf 88' lang='lat' dir='ltr'>fower</span> <span class='ocrx_word' id='word_1_100' title='bbox 844 579 928 610; x_wconf 86' lang='lat' dir='ltr'>usuall</span> <span class='ocrx_word' id='word_1_101' title='bbox 942 576 1052 608; x_wconf 82' lang='lat' dir='ltr'>Feastes</span> <span class='ocrx_word' id='word_1_102' title='bbox 1073 586 1109 606; x_wconf 90' lang='lat' dir='ltr'>or</span> <span class='ocrx_word' id='word_1_103' title='bbox 1124 575 1265 620; x_wconf 83' lang='lat' dir='ltr'>Tearmes</span> <span class='ocrx_word' id='word_1_104' title='bbox 1277 573 1316 603; x_wconf 86' lang='lat' dir='ltr'>of</span> 
     </span>
     <span class='ocr_line' id='line_1_12' title="bbox 253 615 1295 658; baseline -0.007 -10"><span class='ocrx_word' id='word_1_105' title='bbox 253 618 303 648; x_wconf 84' lang='lat' dir='ltr'>the</span> <span class='ocrx_word' id='word_1_106' title='bbox 317 618 427 656; x_wconf 84' lang='lat' dir='ltr'>Yeare,</span> <span class='ocrx_word' id='word_1_107' title='bbox 445 617 505 648; x_wconf 80' lang='lat' dir='ltr'>that</span> <span class='ocrx_word' id='word_1_108' title='bbox 519 619 541 648; x_wconf 88' lang='lat' dir='ltr'>is</span> <span class='ocrx_word' id='word_1_109' title='bbox 557 626 589 648; x_wconf 93' lang='lat' dir='ltr'>to</span> <span class='ocrx_word' id='word_1_110' title='bbox 604 617 678 656; x_wconf 78' lang='lat' dir='ltr'>saye,</span> <span class='ocrx_word' id='word_1_111' title='bbox 697 627 723 648; x_wconf 85' lang='lat' dir='ltr'>at</span> <span class='ocrx_word' id='word_1_112' title='bbox 738 619 785 649; x_wconf 89' lang='lat' dir='ltr'>the</span> <span class='ocrx_word' id='word_1_113' title='bbox 804 617 914 648; x_wconf 87' lang='lat' dir='ltr'>Feastes</span> <span class='ocrx_word' id='word_1_114' title='bbox 926 616 964 646; x_wconf 90' lang='lat' dir='ltr'>of</span> <span class='ocrx_word' id='word_1_115' title='bbox 979 615 1032 646; x_wconf 87' lang='lat' dir='ltr'>the</span> <span class='ocrx_word' id='word_1_116' title='bbox 1050 616 1270 658; x_wconf 40' lang='lat' dir='ltr'>Annuntiarton·</span> <span class='ocrx_word' id='word_1_117' title='bbox 1281 622 1295 641; x_wconf 90' lang='lat' dir='ltr'>o</span> 
     </span>
     <span class='ocr_line' id='line_1_13' title="bbox 253 651 1312 695; baseline -0.006 -9"><span class='ocrx_word' id='word_1_118' title='bbox 253 656 302 686; x_wconf 71' lang='lat' dir='ltr'>the</span> <span class='ocrx_word' id='word_1_119' title='bbox 318 656 427 695; x_wconf 77' lang='lat' dir='ltr'>Bleffid</span> <span class='ocrx_word' id='word_1_120' title='bbox 439 659 467 686; x_wconf 92' lang='lat' dir='ltr'><em>V</em></span> <span class='ocrx_word' id='word_1_121' title='bbox 468 659 539 694; x_wconf 78' lang='lat' dir='ltr'>irgin</span> <span class='ocrx_word' id='word_1_122' title='bbox 559 659 668 695; x_wconf 70' lang='lat' dir='ltr'>Mario,</span> <span class='ocrx_word' id='word_1_123' title='bbox 687 655 733 686; x_wconf 87' lang='lat' dir='ltr'>the</span> <span class='ocrx_word' id='word_1_124' title='bbox 746 658 810 686; x_wconf 86' lang='lat' dir='ltr'>Nat</span> <span class='ocrx_word' id='word_1_125' title='bbox 826 659 896 686; x_wconf 79' lang='lat' dir='ltr'>vitie</span> <span class='ocrx_word' id='word_1_126' title='bbox 914 653 950 694; x_wconf 89' lang='lat' dir='ltr'>of</span> <span class='ocrx_word' id='word_1_127' title='bbox 967 656 1063 683; x_wconf 82' lang='lat' dir='ltr'>Sainte</span> <span class='ocrx_word' id='word_1_128' title='bbox 1081 651 1163 692; x_wconf 83' lang='lat' dir='ltr'>John</span> <span class='ocrx_word' id='word_1_129' title='bbox 1182 655 1270 689; x_wconf 78' lang='lat' dir='ltr'>Bapti</span> <span class='ocrx_word' id='word_1_130' title='bbox 1301 673 1312 689; x_wconf 85' lang='lat'>,</span> 
     </span>
     <span class='ocr_line' id='line_1_14' title="bbox 252 689 1311 732; baseline -0.005 -8"><span class='ocrx_word' id='word_1_131' title='bbox 252 699 335 724; x_wconf 83' lang='lat' dir='ltr'>Saint</span> <span class='ocrx_word' id='word_1_132' title='bbox 349 695 485 725; x_wconf 84' lang='lat' dir='ltr'>Michaell</span> <span class='ocrx_word' id='word_1_133' title='bbox 494 695 540 725; x_wconf 87' lang='lat' dir='ltr'>the</span> <span class='ocrx_word' id='word_1_134' title='bbox 554 694 743 732; x_wconf 77' lang='lat' dir='ltr'>Archangell,</span> <span class='ocrx_word' id='word_1_135' title='bbox 759 705 795 725; x_wconf 89' lang='lat' dir='ltr'>an</span> <span class='ocrx_word' id='word_1_136' title='bbox 831 695 879 725; x_wconf 89' lang='lat' dir='ltr'>the</span> <span class='ocrx_word' id='word_1_137' title='bbox 902 691 988 723; x_wconf 85' lang='lat' dir='ltr'>Birth</span> <span class='ocrx_word' id='word_1_138' title='bbox 1009 690 1045 730; x_wconf 83' lang='lat' dir='ltr'>of</span> <span class='ocrx_word' id='word_1_139' title='bbox 1059 701 1110 721; x_wconf 86' lang='lat' dir='ltr'>our</span> <span class='ocrx_word' id='word_1_140' title='bbox 1130 690 1213 721; x_wconf 87' lang='lat' dir='ltr'>Lord</span> <span class='ocrx_word' id='word_1_141' title='bbox 1231 689 1311 727; x_wconf 85' lang='lat' dir='ltr'>God,</span> 
     </span>
     <span class='ocr_line' id='line_1_15' title="bbox 255 732 873 773; baseline -0.002 -10"><span class='ocrx_word' id='word_1_142' title='bbox 255 734 294 773; x_wconf 92' lang='lat' dir='ltr'>by</span> <span class='ocrx_word' id='word_1_143' title='bbox 309 744 380 764; x_wconf 90' lang='lat' dir='ltr'>even</span> <span class='ocrx_word' id='word_1_144' title='bbox 399 734 531 764; x_wconf 86' lang='lat' dir='ltr'>Portions</span> <span class='ocrx_word' id='word_1_145' title='bbox 544 734 689 772; x_wconf 84' lang='lat' dir='ltr'>quarterlie</span> <span class='ocrx_word' id='word_1_146' title='bbox 703 743 732 763; x_wconf 92' lang='lat' dir='ltr'>to</span> <span class='ocrx_word' id='word_1_147' title='bbox 749 734 785 763; x_wconf 91' lang='lat' dir='ltr'>be</span> <span class='ocrx_word' id='word_1_148' title='bbox 800 732 873 771; x_wconf 89' lang='lat' dir='ltr'>paid.</span> 
     </span>
    </p>

    <p class='ocr_par' dir='ltr' id='par_1_5' title="bbox 254 766 1312 890">
     <span class='ocr_line' id='line_1_16' title="bbox 294 766 1311 812; baseline -0.008 -9"><span class='ocrx_word' id='word_1_149' title='bbox 294 772 438 803; x_wconf 75' lang='lat' dir='ltr'>Provided</span> <span class='ocrx_word' id='word_1_150' title='bbox 452 772 509 803; x_wconf 86' lang='lat' dir='ltr'>that</span> <span class='ocrx_word' id='word_1_151' title='bbox 523 782 551 803; x_wconf 84' lang='lat' dir='ltr'>as</span> <span class='ocrx_word' id='word_1_152' title='bbox 565 774 628 803; x_wconf 88' lang='lat' dir='ltr'>anie</span> <span class='ocrx_word' id='word_1_153' title='bbox 643 772 680 803; x_wconf 86' lang='lat' dir='ltr'>of</span> <span class='ocrx_word' id='word_1_154' title='bbox 691 773 740 802; x_wconf 92' lang='lat' dir='ltr'>the</span> <span class='ocrx_word' id='word_1_155' title='bbox 752 770 899 802; x_wconf 87' lang='lat' dir='ltr'>abovesaid</span> <span class='ocrx_word' id='word_1_156' title='bbox 924 768 1044 800; x_wconf 89' lang='lat' dir='ltr'>Persons</span> <span class='ocrx_word' id='word_1_157' title='bbox 1061 767 1134 812; x_wconf 34' lang='lat' dir='ltr'>,shall</span> <span class='ocrx_word' id='word_1_158' title='bbox 1149 766 1264 805; x_wconf 82' lang='lat' dir='ltr'>happen</span> <span class='ocrx_word' id='word_1_159' title='bbox 1279 773 1311 796; x_wconf 91' lang='lat' dir='ltr'>to</span> 
     </span>
     <span class='ocr_line' id='line_1_17' title="bbox 255 804 1309 850; baseline -0.007 -9"><span class='ocrx_word' id='word_1_160' title='bbox 255 810 384 849; x_wconf 80' lang='lat' dir='ltr'>decease,</span> <span class='ocrx_word' id='word_1_161' title='bbox 403 812 451 842; x_wconf 88' lang='lat' dir='ltr'>the</span> <span class='ocrx_word' id='word_1_162' title='bbox 465 812 609 850; x_wconf 83' lang='lat' dir='ltr'>Annuytie</span> <span class='ocrx_word' id='word_1_163' title='bbox 622 810 658 840; x_wconf 91' lang='lat' dir='ltr'>of</span> <span class='ocrx_word' id='word_1_164' title='bbox 664 811 756 840; x_wconf 90' lang='lat' dir='ltr'>everie</span> <span class='ocrx_word' id='word_1_165' title='bbox 771 809 840 840; x_wconf 88' lang='lat' dir='ltr'>such</span> <span class='ocrx_word' id='word_1_166' title='bbox 859 807 964 838; x_wconf 81' lang='lat' dir='ltr'>Person</span> <span class='ocrx_word' id='word_1_167' title='bbox 978 808 1008 838; x_wconf 90' lang='lat' dir='ltr'>so</span> <span class='ocrx_word' id='word_1_168' title='bbox 1021 807 1086 846; x_wconf 88' lang='lat' dir='ltr'>dyin</span> <span class='ocrx_word' id='word_1_169' title='bbox 1127 805 1194 837; x_wconf 85' lang='lat' dir='ltr'>shall</span> <span class='ocrx_word' id='word_1_170' title='bbox 1215 804 1309 848; x_wconf 57' lang='lat' dir='ltr'>cnse,</span> 
     </span>
     <span class='ocr_line' id='line_1_18' title="bbox 254 843 1312 890; baseline -0.007 -10"><span class='ocrx_word' id='word_1_171' title='bbox 254 849 310 881; x_wconf 88' lang='lat' dir='ltr'>and</span> <span class='ocrx_word' id='word_1_172' title='bbox 325 860 372 880; x_wconf 88' lang='lat' dir='ltr'>we</span> <span class='ocrx_word' id='word_1_173' title='bbox 384 858 416 880; x_wconf 89' lang='lat' dir='ltr'>to</span> <span class='ocrx_word' id='word_1_174' title='bbox 433 851 469 880; x_wconf 86' lang='lat' dir='ltr'>be</span> <span class='ocrx_word' id='word_1_175' title='bbox 484 859 540 880; x_wconf 89' lang='lat' dir='ltr'>noe</span> <span class='ocrx_word' id='word_1_176' title='bbox 553 849 660 881; x_wconf 83' lang='lat' dir='ltr'>further</span> <span class='ocrx_word' id='word_1_177' title='bbox 672 847 793 886; x_wconf 79' lang='lat' dir='ltr'>charged</span> <span class='ocrx_word' id='word_1_178' title='bbox 806 846 878 878; x_wconf 83' lang='lat' dir='ltr'>with</span> <span class='ocrx_word' id='word_1_179' title='bbox 898 846 1038 886; x_wconf 87' lang='lat' dir='ltr'>Payment</span> <span class='ocrx_word' id='word_1_180' title='bbox 1055 856 1078 890; x_wconf 32' lang='lat' dir='ltr'>*o</span> <span class='ocrx_word' id='word_1_181' title='bbox 1117 845 1177 876; x_wconf 83' lang='lat' dir='ltr'>that</span> <span class='ocrx_word' id='word_1_182' title='bbox 1198 843 1312 874; x_wconf 80' lang='lat' dir='ltr'>Partie’s</span> 
     </span>
    </p>

    <p class='ocr_par' dir='ltr' id='par_1_6' title="bbox 223 881 1314 1042">
     <span class='ocr_line' id='line_1_19' title="bbox 223 881 1311 927; baseline -0.006 -9"><span class='ocrx_word' id='word_1_183' title='bbox 223 902 228 907; x_wconf 95' lang='lat'>·</span> <span class='ocrx_word' id='word_1_184' title='bbox 254 886 418 927; x_wconf 71' lang='lat' dir='ltr'>Annuytie3</span> <span class='ocrx_word' id='word_1_185' title='bbox 437 889 489 918; x_wconf 83' lang='lat' dir='ltr'>and</span> <span class='ocrx_word' id='word_1_186' title='bbox 504 889 564 919; x_wconf 84' lang='lat' dir='ltr'>that</span> <span class='ocrx_word' id='word_1_187' title='bbox 578 888 612 927; x_wconf 85' lang='lat' dir='ltr'>yf</span> <span class='ocrx_word' id='word_1_188' title='bbox 621 887 684 918; x_wconf 90' lang='lat' dir='ltr'>anie</span> <span class='ocrx_word' id='word_1_189' title='bbox 701 887 739 918; x_wconf 88' lang='lat' dir='ltr'>of</span> <span class='ocrx_word' id='word_1_190' title='bbox 748 886 798 917; x_wconf 89' lang='lat' dir='ltr'>the</span> <span class='ocrx_word' id='word_1_191' title='bbox 811 885 960 916; x_wconf 87' lang='lat' dir='ltr'>abovesaid</span> <span class='ocrx_word' id='word_1_192' title='bbox 983 885 1090 917; x_wconf 87' lang='lat' dir='ltr'>Parties</span> <span class='ocrx_word' id='word_1_193' title='bbox 1111 883 1167 914; x_wconf 89' lang='lat' dir='ltr'>doe</span> <span class='ocrx_word' id='word_1_194' title='bbox 1185 882 1230 913; x_wconf 89' lang='lat' dir='ltr'>sell</span> <span class='ocrx_word' id='word_1_195' title='bbox 1249 881 1311 926; x_wconf 71' lang='lat' dir='ltr'>asli-</span> 
     </span>
     <span class='ocr_line' id='line_1_20' title="bbox 256 922 1314 965; baseline -0.005 -10"><span class='ocrx_word' id='word_1_196' title='bbox 256 935 312 965; x_wconf 82' lang='lat' dir='ltr'>gne</span> <span class='ocrx_word' id='word_1_197' title='bbox 328 937 361 957; x_wconf 93' lang='lat' dir='ltr'>or</span> <span class='ocrx_word' id='word_1_198' title='bbox 375 936 484 965; x_wconf 85' lang='lat' dir='ltr'>convey</span> <span class='ocrx_word' id='word_1_199' title='bbox 501 937 569 957; x_wconf 87' lang='lat' dir='ltr'>over</span> <span class='ocrx_word' id='word_1_200' title='bbox 583 934 614 956; x_wconf 92' lang='lat' dir='ltr'>to</span> <span class='ocrx_word' id='word_1_201' title='bbox 627 926 691 956; x_wconf 84' lang='lat' dir='ltr'>anie</span> <span class='ocrx_word' id='word_1_202' title='bbox 699 925 804 957; x_wconf 80' lang='lat' dir='ltr'>Person</span> <span class='ocrx_word' id='word_1_203' title='bbox 819 934 852 956; x_wconf 92' lang='lat' dir='ltr'>or</span> <span class='ocrx_word' id='word_1_204' title='bbox 862 923 979 955; x_wconf 89' lang='lat' dir='ltr'>Persons</span> <span class='ocrx_word' id='word_1_205' title='bbox 989 924 1030 954; x_wconf 91' lang='lat' dir='ltr'>his</span> <span class='ocrx_word' id='word_1_206' title='bbox 1040 932 1075 954; x_wconf 93' lang='lat' dir='ltr'>or</span> <span class='ocrx_word' id='word_1_207' title='bbox 1089 923 1139 953; x_wconf 89' lang='lat' dir='ltr'>her</span> <span class='ocrx_word' id='word_1_208' title='bbox 1154 922 1314 962; x_wconf 83' lang='lat' dir='ltr'>Annuytie,</span> 
     </span>
     <span class='ocr_line' id='line_1_21' title="bbox 251 960 1312 1004; baseline -0.006 -9"><span class='ocrx_word' id='word_1_209' title='bbox 251 965 353 995; x_wconf 84' lang='lat' dir='ltr'>before</span> <span class='ocrx_word' id='word_1_210' title='bbox 366 976 418 995; x_wconf 80' lang='lat' dir='ltr'>our</span> <span class='ocrx_word' id='word_1_211' title='bbox 435 964 557 1002; x_wconf 68' lang='lat' dir='ltr'>expresse</span> <span class='ocrx_word' id='word_1_212' title='bbox 580 965 715 1004; x_wconf 88' lang='lat' dir='ltr'>Lycence</span> <span class='ocrx_word' id='word_1_213' title='bbox 738 963 796 994; x_wconf 79' lang='lat' dir='ltr'>first</span> <span class='ocrx_word' id='word_1_214' title='bbox 819 961 876 993; x_wconf 81' lang='lat' dir='ltr'>had</span> <span class='ocrx_word' id='word_1_215' title='bbox 903 963 957 992; x_wconf 88' lang='lat' dir='ltr'>and</span> <span class='ocrx_word' id='word_1_216' title='bbox 979 961 1123 1002; x_wconf 89' lang='lat' dir='ltr'>obteyned</span> <span class='ocrx_word' id='word_1_217' title='bbox 1143 960 1312 998; x_wconf 85' lang='lat' dir='ltr'>thereunto,</span> 
     </span>
     <span class='ocr_line' id='line_1_22' title="bbox 253 998 1204 1042; baseline -0.005 -9"><span class='ocrx_word' id='word_1_218' title='bbox 253 1004 302 1034; x_wconf 84' lang='lat' dir='ltr'>the</span> <span class='ocrx_word' id='word_1_219' title='bbox 318 1005 388 1034; x_wconf 72' lang='lat' dir='ltr'>farne</span> <span class='ocrx_word' id='word_1_220' title='bbox 404 1003 471 1034; x_wconf 68' lang='lat' dir='ltr'>shall</span> <span class='ocrx_word' id='word_1_221' title='bbox 485 1004 519 1033; x_wconf 85' lang='lat' dir='ltr'>be</span> <span class='ocrx_word' id='word_1_222' title='bbox 537 1003 602 1033; x_wconf 87' lang='lat' dir='ltr'>then</span> <span class='ocrx_word' id='word_1_223' title='bbox 617 1002 766 1033; x_wconf 86' lang='lat' dir='ltr'>forthwith</span> <span class='ocrx_word' id='word_1_224' title='bbox 780 1001 874 1042; x_wconf 91' lang='lat' dir='ltr'>voyde</span> <span class='ocrx_word' id='word_1_225' title='bbox 889 1002 946 1033; x_wconf 81' lang='lat' dir='ltr'>and</span> <span class='ocrx_word' id='word_1_226' title='bbox 962 1001 1000 1032; x_wconf 86' lang='lat' dir='ltr'>of</span> <span class='ocrx_word' id='word_1_227' title='bbox 1008 1010 1087 1032; x_wconf 88' lang='lat' dir='ltr'>none</span> <span class='ocrx_word' id='word_1_228' title='bbox 1101 998 1204 1031; x_wconf 69' lang='lat' dir='ltr'>effect:</span> 
     </span>
    </p>

    <p class='ocr_par' dir='ltr' id='par_1_7' title="bbox 294 1039 826 1079">
     <span class='ocr_line' id='line_1_23' title="bbox 294 1039 826 1079; baseline -0.006 -7"><span class='ocrx_word' id='word_1_229' title='bbox 294 1042 445 1079; x_wconf 74' lang='lat' dir='ltr'>Altliongh</span> <span class='ocrx_word' id='word_1_230' title='bbox 466 1042 587 1079; x_wconf 73' lang='lat' dir='ltr'>expresse</span> <span class='ocrx_word' id='word_1_231' title='bbox 605 1042 749 1079; x_wconf 82' lang='lat' dir='ltr'>mention,</span> <span class='ocrx_word' id='word_1_232' title='bbox 763 1039 826 1076; x_wconf 57' lang='grc' dir='ltr'>ὡς.</span> 
     </span>
    </p>

    <p class='ocr_par' dir='ltr' id='par_1_8' title="bbox 290 1077 532 1118">
     <span class='ocr_line' id='line_1_24' title="bbox 290 1077 532 1118; baseline -0.012 -8"><span class='ocrx_word' id='word_1_233' title='bbox 290 1079 324 1110; x_wconf 87' lang='lat' dir='ltr'>In</span> <span class='ocrx_word' id='word_1_234' title='bbox 342 1082 455 1118; x_wconf 84' lang='lat' dir='ltr'>witnes,</span> <span class='ocrx_word' id='word_1_235' title='bbox 473 1077 532 1114; x_wconf 64' lang='lat' dir='ltr'>&amp;a</span> 
     </span>
    </p>
   </div>
   <div class='ocr_carea' id='block_1_3' title="bbox 253 1151 1317 1269">
    <p class='ocr_par' dir='ltr' id='par_1_9' title="bbox 253 1151 1317 1269">
     <span class='ocr_line' id='line_1_25' title="bbox 283 1151 1317 1208; baseline -0.001 -24"><span class='ocrx_word' id='word_1_236' title='bbox 283 1157 406 1208; x_wconf 61' lang='lat' dir='ltr'>¹x&#39;i&#39;irnes</span> <span class='ocrx_word' id='word_1_237' title='bbox 421 1167 473 1187; x_wconf 87' lang='lat' dir='ltr'>our</span> <span class='ocrx_word' id='word_1_238' title='bbox 488 1155 552 1187; x_wconf 89' lang='lat' dir='ltr'>selfe</span> <span class='ocrx_word' id='word_1_239' title='bbox 566 1163 594 1187; x_wconf 85' lang='lat' dir='ltr'>at</span> <span class='ocrx_word' id='word_1_240' title='bbox 609 1154 806 1196; x_wconf 66' lang='lat' dir='ltr'>IWstminster‚</span> <span class='ocrx_word' id='word_1_241' title='bbox 825 1154 874 1186; x_wconf 90' lang='lat' dir='ltr'>the</span> <span class='ocrx_word' id='word_1_242' title='bbox 888 1154 966 1186; x_wconf 79' lang='lat' dir='ltr'>three</span> <span class='ocrx_word' id='word_1_243' title='bbox 978 1154 1033 1186; x_wconf 83' lang='lat' dir='ltr'>and</span> <span class='ocrx_word' id='word_1_244' title='bbox 1048 1153 1182 1186; x_wconf 84' lang='lat' dir='ltr'>twentith</span> <span class='ocrx_word' id='word_1_245' title='bbox 1200 1151 1267 1193; x_wconf 86' lang='lat' dir='ltr'>Day</span> <span class='ocrx_word' id='word_1_246' title='bbox 1281 1152 1317 1183; x_wconf 90' lang='lat' dir='ltr'>of</span> 
     </span>
     <span class='ocr_line' id='line_1_26' title="bbox 253 1195 1124 1269; baseline -0.002 -7"><span class='ocrx_word' id='word_1_247' title='bbox 253 1195 368 1226; x_wconf 41' lang='lat' dir='ltr'>Narel-</span> <span class='ocrx_word' id='word_1_248' title='bbox 667 1234 721 1262; x_wconf 83' lang='lat' dir='ltr'>Per</span> <span class='ocrx_word' id='word_1_249' title='bbox 734 1235 826 1262; x_wconf 83' lang='lat' dir='ltr'>Breve</span> <span class='ocrx_word' id='word_1_250' title='bbox 840 1232 872 1262; x_wconf 80' lang='lat' dir='ltr'>de</span> <span class='ocrx_word' id='word_1_251' title='bbox 891 1234 1011 1262; x_wconf 85' lang='lat' dir='ltr'>Privato</span> <span class='ocrx_word' id='word_1_252' title='bbox 1023 1229 1124 1269; x_wconf 81' lang='lat' dir='ltr'>Sigillo.</span> 
     </span>
    </p>
   </div>
   <div class='ocr_carea' id='block_1_4' title="bbox 146 1353 1215 1410">
    <p class='ocr_par' dir='ltr' id='par_1_10' title="bbox 146 1353 1215 1410">
     <span class='ocr_line' id='line_1_27' title="bbox 146 1353 1215 1410; baseline -0.005 -18"><span class='ocrx_word' id='word_1_253' title='bbox 146 1370 165 1410; x_wconf 56' lang='grc' dir='ltr'><strong>ς</strong></span> <span class='ocrx_word' id='word_1_254' title='bbox 178 1369 196 1409; x_wconf 59' lang='lat' dir='ltr'><strong>ff</strong></span> <span class='ocrx_word' id='word_1_255' title='bbox 348 1360 397 1391; x_wconf 88' lang='lat' dir='ltr'>De</span> <span class='ocrx_word' id='word_1_256' title='bbox 419 1361 612 1391; x_wconf 78' lang='lat' dir='ltr'>Sacramenta</span> <span class='ocrx_word' id='word_1_257' title='bbox 623 1369 678 1405; x_wconf 84' lang='lat' dir='ltr'>per</span> <span class='ocrx_word' id='word_1_258' title='bbox 698 1356 888 1390; x_wconf 73' lang='lat' dir='ltr'>Archidnces</span> <span class='ocrx_word' id='word_1_259' title='bbox 905 1355 1033 1400; x_wconf 80' lang='lat' dir='ltr'>Austriae</span> <span class='ocrx_word' id='word_1_260' title='bbox 1043 1353 1215 1403; x_wconf 68' lang='lat' dir='ltr'>prestando.</span> 
     </span>
    </p>
   </div>
   <div class='ocr_carea' id='block_1_5' title="bbox 97 1445 233 1714">
    <p class='ocr_par' dir='ltr' id='par_1_11' title="bbox 97 1445 233 1714">
     <span class='ocr_line' id='line_1_28' title="bbox 98 1445 233 1479; baseline 0.015 -2"><span class='ocrx_word' id='word_1_261' title='bbox 98 1445 176 1478; x_wconf 82' lang='lat' dir='ltr'>Ann.</span> <span class='ocrx_word' id='word_1_262' title='bbox 192 1447 233 1479; x_wconf 92' lang='lat' dir='ltr'>D.</span> 
     </span>
     <span class='ocr_line' id='line_1_29' title="bbox 121 1488 206 1525; baseline 0.012 -10"><span class='ocrx_word' id='word_1_263' title='bbox 121 1488 206 1525; x_wconf 83' lang='lat'>1605.</span> 
     </span>
     <span class='ocr_line' id='line_1_30' title="bbox 98 1528 152 1554; baseline 0.037 -2"><span class='ocrx_word' id='word_1_264' title='bbox 98 1528 152 1554; x_wconf 77' lang='lat' dir='ltr'><em>Rot.</em></span> 
     </span>
     <span class='ocr_line' id='line_1_31' title="bbox 98 1565 213 1592; baseline 0.017 -2"><span class='ocrx_word' id='word_1_265' title='bbox 98 1565 213 1592; x_wconf 59' lang='lat' dir='ltr'>Tmffat.</span> 
     </span>
     <span class='ocr_line' id='line_1_32' title="bbox 97 1605 230 1631; baseline 0 -1"><span class='ocrx_word' id='word_1_266' title='bbox 97 1605 179 1631; x_wconf 73' lang='lat' dir='ltr'>Annis</span> <span class='ocrx_word' id='word_1_267' title='bbox 203 1613 230 1630; x_wconf 88' lang='lat'>2.</span> 
     </span>
     <span class='ocr_line' id='line_1_33' title="bbox 99 1640 178 1676; baseline 0 -4"><span class='ocrx_word' id='word_1_268' title='bbox 99 1640 133 1672; x_wconf 64' lang='grc' dir='ltr'><strong><em>ἀ</em></strong></span> <span class='ocrx_word' id='word_1_269' title='bbox 153 1651 178 1676; x_wconf 87' lang='lat'>3·</span> 
     </span>
     <span class='ocr_line' id='line_1_34' title="bbox 97 1678 208 1714; baseline 0.018 -9"><span class='ocrx_word' id='word_1_270' title='bbox 97 1678 160 1714; x_wconf 74' lang='lat' dir='ltr'>Jac.</span> <span class='ocrx_word' id='word_1_271' title='bbox 186 1689 208 1707; x_wconf 85' lang='grc' dir='ltr'>Ι.</span> 
     </span>
    </p>
   </div>
   <div class='ocr_carea' id='block_1_6' title="bbox 98 1726 183 1755">
    <p class='ocr_par' dir='ltr' id='par_1_12' title="bbox 98 1726 183 1755">
     <span class='ocr_line' id='line_1_35' title="bbox 98 1726 183 1755; baseline 0.012 -10"><span class='ocrx_word' id='word_1_272' title='bbox 98 1726 135 1745; x_wconf 84' lang='lat' dir='ltr'>m.</span> <span class='ocrx_word' id='word_1_273' title='bbox 156 1727 183 1755; x_wconf 89' lang='lat'>3.</span> 
     </span>
    </p>
   </div>
   <div class='ocr_carea' id='block_1_7' title="bbox 237 1440 1313 3606">
    <p class='ocr_par' dir='ltr' id='par_1_13' title="bbox 254 1440 1313 1518">
     <span class='ocr_line' id='line_1_36' title="bbox 254 1440 1313 1498; baseline -0.004 -25"><span class='ocrx_word' id='word_1_274' title='bbox 254 1442 388 1498; x_wconf 81' lang='lat' dir='ltr'>REX,</span> <span class='ocrx_word' id='word_1_275' title='bbox 406 1444 467 1476; x_wconf 89' lang='lat' dir='ltr'>&amp;c.</span> <span class='ocrx_word' id='word_1_276' title='bbox 485 1444 621 1474; x_wconf 89' lang='lat' dir='ltr'>omnibus</span> <span class='ocrx_word' id='word_1_277' title='bbox 634 1443 667 1474; x_wconf 91' lang='lat' dir='ltr'>ad</span> <span class='ocrx_word' id='word_1_278' title='bbox 681 1453 807 1482; x_wconf 89' lang='lat' dir='ltr'>quorum</span> <span class='ocrx_word' id='word_1_279' title='bbox 820 1443 952 1474; x_wconf 78' lang='lat' dir='ltr'>notitiam</span> <span class='ocrx_word' id='word_1_280' title='bbox 965 1440 1112 1480; x_wconf 76' lang='lat' dir='ltr'>praesentes</span> <span class='ocrx_word' id='word_1_281' title='bbox 1125 1440 1230 1471; x_wconf 77' lang='lat' dir='ltr'>Literae</span> <span class='ocrx_word' id='word_1_282' title='bbox 1247 1448 1313 1478; x_wconf 88' lang='lat' dir='ltr'>per-</span> 
     </span>
     <span class='ocr_line' id='line_1_37' title="bbox 330 1482 629 1518; baseline -0.007 -5"><span class='ocrx_word' id='word_1_283' title='bbox 330 1483 476 1518; x_wconf 80' lang='lat' dir='ltr'>venerint,</span> <span class='ocrx_word' id='word_1_284' title='bbox 494 1482 629 1513; x_wconf 83' lang='lat' dir='ltr'>Salutem.</span> 
     </span>
    </p>

    <p class='ocr_par' dir='ltr' id='par_1_14' title="bbox 243 1516 1312 2250">
     <span class='ocr_line' id='line_1_38' title="bbox 288 1516 1311 1560; baseline -0.004 -9"><span class='ocrx_word' id='word_1_285' title='bbox 288 1519 388 1560; x_wconf 64' lang='lat' dir='ltr'>Com,</span> <span class='ocrx_word' id='word_1_286' title='bbox 407 1522 435 1551; x_wconf 88' lang='lat' dir='ltr'>in</span> <span class='ocrx_word' id='word_1_287' title='bbox 454 1521 591 1551; x_wconf 58' lang='lat' dir='ltr'>*fractam</span> <span class='ocrx_word' id='word_1_288' title='bbox 605 1520 732 1558; x_wconf 79' lang='lat' dir='ltr'>quodam</span> <span class='ocrx_word' id='word_1_289' title='bbox 748 1519 836 1550; x_wconf 74' lang='lat' dir='ltr'>firmae</span> <span class='ocrx_word' id='word_1_290' title='bbox 852 1519 994 1549; x_wconf 79' lang='lat' dir='ltr'>Amicitiae</span> <span class='ocrx_word' id='word_1_291' title='bbox 1009 1541 1019 1557; x_wconf 87' lang='lat'>,</span> <span class='ocrx_word' id='word_1_292' title='bbox 1045 1516 1127 1548; x_wconf 86' lang='lat' dir='ltr'>Pacis</span> <span class='ocrx_word' id='word_1_293' title='bbox 1147 1524 1311 1556; x_wconf 85' lang='lat' dir='ltr'>perpetuae,</span> 
     </span>
     <span class='ocr_line' id='line_1_39' title="bbox 250 1556 1305 1599; baseline -0.004 -10"><span class='ocrx_word' id='word_1_294' title='bbox 250 1565 283 1586; x_wconf 79' lang='lat' dir='ltr'>ac</span> <span class='ocrx_word' id='word_1_295' title='bbox 299 1560 375 1590; x_wconf 85' lang='lat' dir='ltr'>liberi</span> <span class='ocrx_word' id='word_1_296' title='bbox 390 1559 591 1598; x_wconf 86' lang='lat' dir='ltr'>Commcrcii,</span> <span class='ocrx_word' id='word_1_297' title='bbox 608 1560 705 1589; x_wconf 85' lang='lat' dir='ltr'>habito</span> <span class='ocrx_word' id='word_1_298' title='bbox 721 1559 860 1595; x_wconf 79' lang='lat' dir='ltr'>Londini,</span> <span class='ocrx_word' id='word_1_299' title='bbox 878 1558 995 1588; x_wconf 87' lang='lat' dir='ltr'>decimo</span> <span class='ocrx_word' id='word_1_300' title='bbox 1008 1556 1114 1587; x_wconf 65' lang='lat' dir='ltr'>octavo</span> <span class='ocrx_word' id='word_1_301' title='bbox 1128 1557 1187 1588; x_wconf 90' lang='lat' dir='ltr'>Die</span> <span class='ocrx_word' id='word_1_302' title='bbox 1204 1556 1305 1599; x_wconf 74' lang='lat' dir='ltr'>Augu-</span> 
     </span>
     <span class='ocr_line' id='line_1_40' title="bbox 251 1594 1310 1637; baseline -0.002 -11"><span class='ocrx_word' id='word_1_303' title='bbox 251 1594 286 1626; x_wconf 88' lang='lat' dir='ltr'>sti</span> <span class='ocrx_word' id='word_1_304' title='bbox 302 1598 388 1637; x_wconf 89' lang='lat' dir='ltr'>(stilo</span> <span class='ocrx_word' id='word_1_305' title='bbox 403 1598 510 1635; x_wconf 85' lang='lat' dir='ltr'>veteri)</span> <span class='ocrx_word' id='word_1_306' title='bbox 528 1598 616 1628; x_wconf 87' lang='lat' dir='ltr'>Anno</span> <span class='ocrx_word' id='word_1_307' title='bbox 632 1599 646 1627; x_wconf 81' lang='lat' dir='ltr'>a</span> <span class='ocrx_word' id='word_1_308' title='bbox 661 1597 819 1627; x_wconf 81' lang='lat' dir='ltr'>Nativitate</span> <span class='ocrx_word' id='word_1_309' title='bbox 844 1596 951 1627; x_wconf 88' lang='lat' dir='ltr'>Christi</span> <span class='ocrx_word' id='word_1_310' title='bbox 973 1595 1120 1626; x_wconf 81' lang='lat' dir='ltr'>millesimo</span> <span class='ocrx_word' id='word_1_311' title='bbox 1147 1597 1310 1627; x_wconf 71' lang='lat' dir='ltr'>sexcentesi-</span> 
     </span>
     <span class='ocr_line' id='line_1_41' title="bbox 251 1634 1310 1677; baseline -0.003 -11"><span class='ocrx_word' id='word_1_312' title='bbox 251 1644 303 1667; x_wconf 87' lang='lat' dir='ltr'>mo</span> <span class='ocrx_word' id='word_1_313' title='bbox 317 1646 436 1677; x_wconf 78' lang='lat' dir='ltr'>quarte,</span> <span class='ocrx_word' id='word_1_314' title='bbox 455 1637 525 1666; x_wconf 87' lang='lat' dir='ltr'>inter</span> <span class='ocrx_word' id='word_1_315' title='bbox 548 1635 770 1667; x_wconf 76' lang='lat' dir='ltr'>Comniilsarios</span> <span class='ocrx_word' id='word_1_316' title='bbox 793 1636 826 1665; x_wconf 94' lang='lat'><strong>&amp;</strong></span> <span class='ocrx_word' id='word_1_317' title='bbox 850 1634 1009 1673; x_wconf 85' lang='lat' dir='ltr'>Deputatos</span> <span class='ocrx_word' id='word_1_318' title='bbox 1030 1634 1144 1664; x_wconf 85' lang='lat' dir='ltr'>nostros</span> <span class='ocrx_word' id='word_1_319' title='bbox 1169 1635 1203 1665; x_wconf 68' lang='grc' dir='ltr'>ὅ(</span> <span class='ocrx_word' id='word_1_320' title='bbox 1228 1634 1310 1665; x_wconf 86' lang='lat' dir='ltr'>Sere-</span> 
     </span>
     <span class='ocr_line' id='line_1_42' title="bbox 252 1672 1306 1713; baseline 0 -9"><span class='ocrx_word' id='word_1_321' title='bbox 252 1675 431 1706; x_wconf 82' lang='lat' dir='ltr'>niffimorum</span> <span class='ocrx_word' id='word_1_322' title='bbox 449 1674 632 1712; x_wconf 80' lang='lat' dir='ltr'>Principum,</span> <span class='ocrx_word' id='word_1_323' title='bbox 650 1672 767 1712; x_wconf 54' lang='lat' dir='ltr'>Phlippi</span> <span class='ocrx_word' id='word_1_324' title='bbox 782 1675 838 1713; x_wconf 81' lang='lat' dir='ltr'>ejus</span> <span class='ocrx_word' id='word_1_325' title='bbox 853 1675 980 1703; x_wconf 84' lang='lat' dir='ltr'>Nominis</span> <span class='ocrx_word' id='word_1_326' title='bbox 994 1676 1082 1703; x_wconf 82' lang='lat' dir='ltr'>Tertii</span> <span class='ocrx_word' id='word_1_327' title='bbox 1095 1672 1306 1712; x_wconf 72' lang='lat' dir='ltr'>Hispaniarum,</span> 
     </span>
     <span class='ocr_line' id='line_1_43' title="bbox 252 1710 1308 1752; baseline -0.001 -8"><span class='ocrx_word' id='word_1_328' title='bbox 252 1713 313 1749; x_wconf 41' lang='lat' dir='ltr'>dec.</span> <span class='ocrx_word' id='word_1_329' title='bbox 327 1716 420 1752; x_wconf 76' lang='lat' dir='ltr'>Regis,</span> <span class='ocrx_word' id='word_1_330' title='bbox 439 1723 471 1743; x_wconf 87' lang='lat' dir='ltr'>ac</span> <span class='ocrx_word' id='word_1_331' title='bbox 484 1712 599 1743; x_wconf 81' lang='lat' dir='ltr'>Alberti</span> <span class='ocrx_word' id='word_1_332' title='bbox 612 1710 650 1747; x_wconf 58' lang='grc' dir='ltr'>ᾤ’</span> <span class='ocrx_word' id='word_1_333' title='bbox 667 1711 792 1751; x_wconf 69' lang='lat' dir='ltr'>lfizbellae</span> <span class='ocrx_word' id='word_1_334' title='bbox 806 1711 896 1742; x_wconf 86' lang='lat' dir='ltr'>Clarae</span> <span class='ocrx_word' id='word_1_335' title='bbox 904 1715 1034 1749; x_wconf 76' lang='lat' dir='ltr'>Eugeniae</span> <span class='ocrx_word' id='word_1_336' title='bbox 1047 1711 1233 1742; x_wconf 82' lang='lat' dir='ltr'>Archiducum</span> <span class='ocrx_word' id='word_1_337' title='bbox 1242 1717 1308 1743; x_wconf 85' lang='lat' dir='ltr'>Au-</span> 
     </span>
     <span class='ocr_line' id='line_1_44' title="bbox 248 1750 1305 1790; baseline 0 -8"><span class='ocrx_word' id='word_1_338' title='bbox 248 1752 322 1790; x_wconf 73' lang='lat' dir='ltr'>[lriae</span> <span class='ocrx_word' id='word_1_339' title='bbox 338 1757 442 1783; x_wconf 82' lang='lat' dir='ltr'>Ducum</span> <span class='ocrx_word' id='word_1_340' title='bbox 456 1752 642 1790; x_wconf 73' lang='lat' dir='ltr'>Burgundiae,</span> <span class='ocrx_word' id='word_1_341' title='bbox 658 1751 719 1781; x_wconf 88' lang='lat' dir='ltr'>&amp;c.</span> <span class='ocrx_word' id='word_1_342' title='bbox 740 1750 869 1781; x_wconf 80' lang='lat' dir='ltr'>Fratrum</span> <span class='ocrx_word' id='word_1_343' title='bbox 887 1752 919 1782; x_wconf 91' lang='lat'>&amp;</span> <span class='ocrx_word' id='word_1_344' title='bbox 934 1751 1226 1790; x_wconf 65' lang='lat' dir='ltr'>Conlanguineorum</span> <span class='ocrx_word' id='word_1_345' title='bbox 1250 1762 1305 1782; x_wconf 88' lang='lat' dir='ltr'>no·</span> 
     </span>
     <span class='ocr_line' id='line_1_45' title="bbox 249 1789 1309 1828; baseline 0 -7"><span class='ocrx_word' id='word_1_346' title='bbox 249 1791 376 1823; x_wconf 89' lang='lat' dir='ltr'>strorum</span> <span class='ocrx_word' id='word_1_347' title='bbox 397 1790 626 1822; x_wconf 84' lang='lat' dir='ltr'>chariffimorum</span> <span class='ocrx_word' id='word_1_348' title='bbox 641 1813 651 1828; x_wconf 80' lang='lat'>,</span> <span class='ocrx_word' id='word_1_349' title='bbox 667 1789 702 1820; x_wconf 89' lang='lat' dir='ltr'>ad</span> <span class='ocrx_word' id='word_1_350' title='bbox 728 1789 788 1820; x_wconf 88' lang='lat' dir='ltr'>hoc</span> <span class='ocrx_word' id='word_1_351' title='bbox 809 1789 980 1820; x_wconf 87' lang='lat' dir='ltr'>sufficienter</span> <span class='ocrx_word' id='word_1_352' title='bbox 1002 1790 1200 1827; x_wconf 74' lang='lat' dir='ltr'>authorifiitos‚</span> <span class='ocrx_word' id='word_1_353' title='bbox 1232 1791 1309 1821; x_wconf 87' lang='lat' dir='ltr'>inter</span> 
     </span>
     <span class='ocr_line' id='line_1_46' title="bbox 248 1829 1306 1868; baseline -0.002 -7"><span class='ocrx_word' id='word_1_354' title='bbox 248 1839 367 1868; x_wconf 81' lang='lat' dir='ltr'>caetera,</span> <span class='ocrx_word' id='word_1_355' title='bbox 386 1829 596 1860; x_wconf 85' lang='lat' dir='ltr'>concordatum</span> <span class='ocrx_word' id='word_1_356' title='bbox 613 1829 646 1860; x_wconf 93' lang='lat'>&amp;</span> <span class='ocrx_word' id='word_1_357' title='bbox 664 1829 835 1859; x_wconf 91' lang='lat' dir='ltr'>conclusum</span> <span class='ocrx_word' id='word_1_358' title='bbox 851 1829 904 1859; x_wconf 91' lang='lat' dir='ltr'>fuit</span> <span class='ocrx_word' id='word_1_359' title='bbox 922 1837 969 1867; x_wconf 79' lang='lat' dir='ltr'>iit,</span> <span class='ocrx_word' id='word_1_360' title='bbox 986 1836 1046 1859; x_wconf 88' lang='lat' dir='ltr'>tarn</span> <span class='ocrx_word' id='word_1_361' title='bbox 1064 1829 1133 1860; x_wconf 89' lang='lat' dir='ltr'>Nos</span> <span class='ocrx_word' id='word_1_362' title='bbox 1152 1830 1240 1867; x_wconf 71' lang='lat' dir='ltr'>quam</span> <span class='ocrx_word' id='word_1_363' title='bbox 1263 1829 1306 1860; x_wconf 90' lang='lat' dir='ltr'>di·</span> 
     </span>
     <span class='ocr_line' id='line_1_47' title="bbox 249 1866 1308 1908; baseline 0 -9"><span class='ocrx_word' id='word_1_364' title='bbox 249 1869 289 1899; x_wconf 62' lang='lat' dir='ltr'>{ti</span> <span class='ocrx_word' id='word_1_365' title='bbox 310 1869 417 1899; x_wconf 83' lang='lat' dir='ltr'>Fratres</span> <span class='ocrx_word' id='word_1_366' title='bbox 431 1869 464 1900; x_wconf 92' lang='lat'>&amp;</span> <span class='ocrx_word' id='word_1_367' title='bbox 482 1866 696 1908; x_wconf 85' lang='lat' dir='ltr'>Consanguinei</span> <span class='ocrx_word' id='word_1_368' title='bbox 711 1867 800 1898; x_wconf 89' lang='lat' dir='ltr'>nostri</span> <span class='ocrx_word' id='word_1_369' title='bbox 815 1866 977 1905; x_wconf 83' lang='lat' dir='ltr'>chariffimi,</span> <span class='ocrx_word' id='word_1_370' title='bbox 994 1869 1094 1899; x_wconf 88' lang='lat' dir='ltr'>omnia</span> <span class='ocrx_word' id='word_1_371' title='bbox 1108 1868 1141 1899; x_wconf 77' lang='grc' dir='ltr'>δι</span> <span class='ocrx_word' id='word_1_372' title='bbox 1157 1868 1261 1907; x_wconf 83' lang='lat' dir='ltr'>lingula</span> <span class='ocrx_word' id='word_1_373' title='bbox 1276 1869 1308 1899; x_wconf 88' lang='lat' dir='ltr'>in</span> 
     </span>
     <span class='ocr_line' id='line_1_48' title="bbox 247 1906 1308 1947; baseline 0.001 -10"><span class='ocrx_word' id='word_1_374' title='bbox 247 1907 328 1938; x_wconf 64' lang='lat' dir='ltr'>dicto</span> <span class='ocrx_word' id='word_1_375' title='bbox 343 1907 485 1939; x_wconf 64' lang='lat' dir='ltr'>Tractatii</span> <span class='ocrx_word' id='word_1_376' title='bbox 499 1916 662 1945; x_wconf 81' lang='lat' dir='ltr'>conventa,</span> <span class='ocrx_word' id='word_1_377' title='bbox 679 1916 728 1947; x_wconf 85' lang='lat' dir='ltr'>per</span> <span class='ocrx_word' id='word_1_378' title='bbox 744 1906 852 1938; x_wconf 81' lang='lat' dir='ltr'>Literas</span> <span class='ocrx_word' id='word_1_379' title='bbox 866 1906 974 1937; x_wconf 84' lang='lat' dir='ltr'>nostras</span> <span class='ocrx_word' id='word_1_380' title='bbox 996 1906 1146 1946; x_wconf 82' lang='lat' dir='ltr'>Parentes,</span> <span class='ocrx_word' id='word_1_381' title='bbox 1162 1907 1192 1938; x_wconf 89' lang='lat' dir='ltr'>in</span> <span class='ocrx_word' id='word_1_382' title='bbox 1216 1907 1308 1938; x_wconf 82' lang='lat' dir='ltr'>valida</span> 
     </span>
     <span class='ocr_line' id='line_1_49' title="bbox 247 1943 1309 1986; baseline 0 -10"><span class='ocrx_word' id='word_1_383' title='bbox 247 1947 282 1977; x_wconf 76' lang='grc' dir='ltr'>δε</span> <span class='ocrx_word' id='word_1_384' title='bbox 298 1945 408 1977; x_wconf 87' lang='lat' dir='ltr'>efficaci</span> <span class='ocrx_word' id='word_1_385' title='bbox 420 1946 511 1977; x_wconf 71' lang='lat' dir='ltr'>{britia</span> <span class='ocrx_word' id='word_1_386' title='bbox 524 1954 686 1984; x_wconf 69' lang='lat' dir='ltr'>conceptam,</span> <span class='ocrx_word' id='word_1_387' title='bbox 705 1946 836 1976; x_wconf 77' lang='lat' dir='ltr'>manitius</span> <span class='ocrx_word' id='word_1_388' title='bbox 852 1945 952 1976; x_wconf 85' lang='lat' dir='ltr'>nostris</span> <span class='ocrx_word' id='word_1_389' title='bbox 966 1945 1120 1984; x_wconf 68' lang='lat' dir='ltr'>respective</span> <span class='ocrx_word' id='word_1_390' title='bbox 1134 1943 1309 1986; x_wconf 86' lang='lat' dir='ltr'>subscriptas,</span> 
     </span>
     <span class='ocr_line' id='line_1_50' title="bbox 245 1983 1312 2025; baseline -0.003 -8"><span class='ocrx_word' id='word_1_391' title='bbox 245 1986 280 2017; x_wconf 90' lang='lat'>&amp;</span> <span class='ocrx_word' id='word_1_392' title='bbox 296 1984 411 2025; x_wconf 85' lang='lat' dir='ltr'>Magnis</span> <span class='ocrx_word' id='word_1_393' title='bbox 425 1985 527 2024; x_wconf 83' lang='lat' dir='ltr'>sigillis</span> <span class='ocrx_word' id='word_1_394' title='bbox 539 1984 640 2016; x_wconf 89' lang='lat' dir='ltr'>nostris</span> <span class='ocrx_word' id='word_1_395' title='bbox 652 1985 790 2022; x_wconf 81' lang='lat' dir='ltr'>munitas,</span> <span class='ocrx_word' id='word_1_396' title='bbox 807 1983 1003 2016; x_wconf 82' lang='lat' dir='ltr'>ratificaremus</span> <span class='ocrx_word' id='word_1_397' title='bbox 1019 1986 1053 2017; x_wconf 89' lang='lat'>&amp;</span> <span class='ocrx_word' id='word_1_398' title='bbox 1066 1985 1312 2024; x_wconf 82' lang='lat' dir='ltr'>confirmaremus,</span> 
     </span>
     <span class='ocr_line' id='line_1_51' title="bbox 246 2022 1312 2061; baseline 0.001 -7"><span class='ocrx_word' id='word_1_399' title='bbox 246 2024 344 2061; x_wconf 83' lang='lat' dir='ltr'>easque</span> <span class='ocrx_word' id='word_1_400' title='bbox 366 2023 460 2061; x_wconf 67' lang='lat' dir='ltr'>primi</span> <span class='ocrx_word' id='word_1_401' title='bbox 476 2023 625 2055; x_wconf 86' lang='lat' dir='ltr'>occafione</span> <span class='ocrx_word' id='word_1_402' title='bbox 645 2022 818 2055; x_wconf 84' lang='lat' dir='ltr'>traderemus</span> <span class='ocrx_word' id='word_1_403' title='bbox 839 2023 950 2054; x_wconf 90' lang='lat' dir='ltr'>tradive</span> <span class='ocrx_word' id='word_1_404' title='bbox 975 2023 1133 2055; x_wconf 83' lang='lat' dir='ltr'>faceremus</span> <span class='ocrx_word' id='word_1_405' title='bbox 1155 2024 1233 2055; x_wconf 69' lang='lat' dir='ltr'>bona</span> <span class='ocrx_word' id='word_1_406' title='bbox 1255 2024 1312 2055; x_wconf 88' lang='lat' dir='ltr'>fide</span> 
     </span>
     <span class='ocr_line' id='line_1_52' title="bbox 245 2059 1310 2102; baseline 0 -8"><span class='ocrx_word' id='word_1_407' title='bbox 245 2063 351 2094; x_wconf 81' lang='lat' dir='ltr'>realiter</span> <span class='ocrx_word' id='word_1_408' title='bbox 365 2063 399 2094; x_wconf 91' lang='lat'>&amp;</span> <span class='ocrx_word' id='word_1_409' title='bbox 417 2072 487 2094; x_wconf 88' lang='lat' dir='ltr'>curn</span> <span class='ocrx_word' id='word_1_410' title='bbox 498 2062 616 2100; x_wconf 64' lang='lat' dir='ltr'>effectu,</span> <span class='ocrx_word' id='word_1_411' title='bbox 633 2072 666 2093; x_wconf 85' lang='lat' dir='ltr'>ac</span> <span class='ocrx_word' id='word_1_412' title='bbox 680 2061 901 2093; x_wconf 84' lang='lat' dir='ltr'>Promiffionem</span> <span class='ocrx_word' id='word_1_413' title='bbox 912 2063 940 2092; x_wconf 90' lang='lat' dir='ltr'>in</span> <span class='ocrx_word' id='word_1_414' title='bbox 959 2059 1059 2093; x_wconf 88' lang='lat' dir='ltr'>Verbo</span> <span class='ocrx_word' id='word_1_415' title='bbox 1074 2061 1162 2102; x_wconf 84' lang='lat' dir='ltr'>Regis</span> <span class='ocrx_word' id='word_1_416' title='bbox 1179 2063 1211 2094; x_wconf 88' lang='lat'>&amp;</span> <span class='ocrx_word' id='word_1_417' title='bbox 1227 2062 1310 2094; x_wconf 86' lang='lat' dir='ltr'>Prin-</span> 
     </span>
     <span class='ocr_line' id='line_1_53' title="bbox 246 2100 1312 2140; baseline 0.001 -7"><span class='ocrx_word' id='word_1_418' title='bbox 246 2103 317 2139; x_wconf 85' lang='lat' dir='ltr'>cipis</span> <span class='ocrx_word' id='word_1_419' title='bbox 340 2103 495 2134; x_wconf 83' lang='lat' dir='ltr'>faceremus</span> <span class='ocrx_word' id='word_1_420' title='bbox 538 2111 652 2132; x_wconf 87' lang='lat' dir='ltr'>necnon</span> <span class='ocrx_word' id='word_1_421' title='bbox 668 2100 869 2140; x_wconf 85' lang='lat' dir='ltr'>Juramentum</span> <span class='ocrx_word' id='word_1_422' title='bbox 888 2101 1018 2132; x_wconf 88' lang='lat' dir='ltr'>invicem</span> <span class='ocrx_word' id='word_1_423' title='bbox 1039 2101 1252 2140; x_wconf 82' lang='lat' dir='ltr'>praestaremus,</span> <span class='ocrx_word' id='word_1_424' title='bbox 1270 2111 1312 2134; x_wconf 91' lang='lat' dir='ltr'>ta-</span> 
     </span>
     <span class='ocr_line' id='line_1_54' title="bbox 245 2124 1309 2181; baseline 0.004 -11"><span class='ocrx_word' id='word_1_425' title='bbox 245 2141 300 2171; x_wconf 67' lang='lat' dir='ltr'>ctis</span> <span class='ocrx_word' id='word_1_426' title='bbox 313 2141 492 2172; x_wconf 69' lang='lat' dir='ltr'>sacrosanctis</span> <span class='ocrx_word' id='word_1_427' title='bbox 503 2124 679 2181; x_wconf 55' lang='lat' dir='ltr'>Evangeliis,</span> <span class='ocrx_word' id='word_1_428' title='bbox 694 2150 763 2171; x_wconf 90' lang='lat' dir='ltr'>cum</span> <span class='ocrx_word' id='word_1_429' title='bbox 779 2141 815 2171; x_wconf 85' lang='lat' dir='ltr'>ab</span> <span class='ocrx_word' id='word_1_430' title='bbox 830 2140 913 2172; x_wconf 82' lang='lat' dir='ltr'>altera</span> <span class='ocrx_word' id='word_1_431' title='bbox 926 2148 1003 2178; x_wconf 85' lang='lat' dir='ltr'>parte</span> <span class='ocrx_word' id='word_1_432' title='bbox 1015 2141 1050 2171; x_wconf 89' lang='lat' dir='ltr'>ad</span> <span class='ocrx_word' id='word_1_433' title='bbox 1064 2140 1093 2170; x_wconf 93' lang='lat' dir='ltr'>id</span> <span class='ocrx_word' id='word_1_434' title='bbox 1107 2140 1252 2172; x_wconf 75' lang='lat' dir='ltr'>fuissemus</span> <span class='ocrx_word' id='word_1_435' title='bbox 1267 2152 1309 2174; x_wconf 92' lang='lat' dir='ltr'>te·</span> 
     </span>
     <span class='ocr_line' id='line_1_55' title="bbox 243 2178 1310 2248; baseline 0.003 -39"><span class='ocrx_word' id='word_1_436' title='bbox 243 2180 337 2248; x_wconf 50' lang='lat' dir='ltr'>quisciiti</span> <span class='ocrx_word' id='word_1_437' title='bbox 351 2179 387 2210; x_wconf 93' lang='lat' dir='ltr'>de</span> <span class='ocrx_word' id='word_1_438' title='bbox 400 2180 537 2210; x_wconf 86' lang='lat' dir='ltr'>omnibus</span> <span class='ocrx_word' id='word_1_439' title='bbox 552 2179 587 2211; x_wconf 92' lang='lat'>&amp;</span> <span class='ocrx_word' id='word_1_440' title='bbox 607 2178 720 2219; x_wconf 84' lang='lat' dir='ltr'>fingulis</span> <span class='ocrx_word' id='word_1_441' title='bbox 734 2181 764 2210; x_wconf 88' lang='lat' dir='ltr'>in</span> <span class='ocrx_word' id='word_1_442' title='bbox 786 2179 869 2211; x_wconf 72' lang='lat' dir='ltr'>dieto</span> <span class='ocrx_word' id='word_1_443' title='bbox 890 2178 1028 2210; x_wconf 59' lang='lat' dir='ltr'>Tractatu</span> <span class='ocrx_word' id='word_1_444' title='bbox 1051 2180 1197 2211; x_wconf 90' lang='lat' dir='ltr'>contentis</span> <span class='ocrx_word' id='word_1_445' title='bbox 1215 2180 1310 2212; x_wconf 86' lang='lat' dir='ltr'>obser-</span> 
     </span>
     <span class='ocr_line' id='line_1_56' title="bbox 244 2227 358 2250; baseline -0.018 0"><span class='ocrx_word' id='word_1_446' title='bbox 244 2227 300 2250; x_wconf 86' lang='lat' dir='ltr'>van</span> <span class='ocrx_word' id='word_1_447' title='bbox 322 2228 358 2248; x_wconf 89' lang='lat' dir='ltr'>is·</span> 
     </span>
    </p>

    <p class='ocr_par' dir='ltr' id='par_1_15' title="bbox 237 2241 1310 3606">
     <span class='ocr_line' id='line_1_57' title="bbox 287 2241 1310 2297; baseline 0.002 -9"><span class='ocrx_word' id='word_1_448' title='bbox 287 2241 387 2288; x_wconf 77' lang='lat' dir='ltr'>Scia’tis</span> <span class='ocrx_word' id='word_1_449' title='bbox 400 2257 482 2296; x_wconf 83' lang='lat' dir='ltr'>igitur</span> <span class='ocrx_word' id='word_1_450' title='bbox 495 2256 574 2297; x_wconf 78' lang='lat' dir='ltr'>quod</span> <span class='ocrx_word' id='word_1_451' title='bbox 586 2256 669 2295; x_wconf 81' lang='lat' dir='ltr'>Nos,</span> <span class='ocrx_word' id='word_1_452' title='bbox 687 2256 894 2288; x_wconf 78' lang='lat' dir='ltr'>considerantes</span> <span class='ocrx_word' id='word_1_453' title='bbox 909 2258 942 2290; x_wconf 90' lang='lat'>&amp;</span> <span class='ocrx_word' id='word_1_454' title='bbox 957 2256 1161 2296; x_wconf 81' lang='lat' dir='ltr'>perpendentes</span> <span class='ocrx_word' id='word_1_455' title='bbox 1170 2267 1310 2297; x_wconf 89' lang='lat' dir='ltr'>quantum</span> 
     </span>
     <span class='ocr_line' id='line_1_58' title="bbox 242 2295 1288 2337; baseline 0.002 -10"><span class='ocrx_word' id='word_1_456' title='bbox 242 2297 277 2329; x_wconf 87' lang='lat'>&amp;</span> <span class='ocrx_word' id='word_1_457' title='bbox 291 2297 426 2327; x_wconf 87' lang='lat' dir='ltr'>comunis</span> <span class='ocrx_word' id='word_1_458' title='bbox 441 2295 496 2327; x_wconf 84' lang='lat' dir='ltr'>Rei</span> <span class='ocrx_word' id='word_1_459' title='bbox 520 2296 622 2327; x_wconf 86' lang='lat' dir='ltr'>ublicae</span> <span class='ocrx_word' id='word_1_460' title='bbox 636 2295 807 2327; x_wconf 72' lang='lat' dir='ltr'>Christiana:</span> <span class='ocrx_word' id='word_1_461' title='bbox 823 2295 1025 2335; x_wconf 79' lang='lat' dir='ltr'>Tranquillitas</span> <span class='ocrx_word' id='word_1_462' title='bbox 1040 2297 1107 2328; x_wconf 90' lang='lat' dir='ltr'>hinc</span> <span class='ocrx_word' id='word_1_463' title='bbox 1122 2300 1288 2337; x_wconf 86' lang='lat' dir='ltr'>promoveri</span> 
     </span>
     <span class='ocr_line' id='line_1_59' title="bbox 242 2306 1307 2376; baseline 0.002 -10"><span class='ocrx_word' id='word_1_464' title='bbox 242 2335 277 2366; x_wconf 87' lang='lat'>&amp;</span> <span class='ocrx_word' id='word_1_465' title='bbox 299 2335 476 2372; x_wconf 89' lang='lat' dir='ltr'>Populorum</span> <span class='ocrx_word' id='word_1_466' title='bbox 499 2306 602 2366; x_wconf 40' lang='lat' dir='ltr'>&amp;obis</span> <span class='ocrx_word' id='word_1_467' title='bbox 625 2334 847 2366; x_wconf 86' lang='lat' dir='ltr'>commissorum</span> <span class='ocrx_word' id='word_1_468' title='bbox 869 2335 977 2366; x_wconf 86' lang='lat' dir='ltr'>utilitati</span> <span class='ocrx_word' id='word_1_469' title='bbox 999 2335 1122 2374; x_wconf 87' lang='lat' dir='ltr'>prospici</span> <span class='ocrx_word' id='word_1_470' title='bbox 1145 2336 1229 2374; x_wconf 84' lang='lat' dir='ltr'>poffit</span> <span class='ocrx_word' id='word_1_471' title='bbox 1243 2361 1254 2376; x_wconf 84' lang='grc'>,</span> <span class='ocrx_word' id='word_1_472' title='bbox 1284 2322 1307 2368; x_wconf 66' lang='lat' dir='ltr'>f}</span> 
     </span>
     <span class='ocr_line' id='line_1_60' title="bbox 240 2372 1306 2415; baseline 0.004 -11"><span class='ocrx_word' id='word_1_473' title='bbox 240 2375 340 2404; x_wconf 84' lang='lat' dir='ltr'>omnia</span> <span class='ocrx_word' id='word_1_474' title='bbox 360 2373 392 2404; x_wconf 72' lang='grc' dir='ltr'>ὅ(</span> <span class='ocrx_word' id='word_1_475' title='bbox 414 2372 520 2413; x_wconf 72' lang='lat' dir='ltr'>singula</span> <span class='ocrx_word' id='word_1_476' title='bbox 546 2375 616 2405; x_wconf 87' lang='lat' dir='ltr'>inter</span> <span class='ocrx_word' id='word_1_477' title='bbox 637 2373 796 2413; x_wconf 87' lang='lat' dir='ltr'>Deputatos</span> <span class='ocrx_word' id='word_1_478' title='bbox 817 2373 930 2404; x_wconf 84' lang='lat' dir='ltr'>nostros</span> <span class='ocrx_word' id='word_1_479' title='bbox 952 2374 990 2405; x_wconf 88' lang='lat' dir='ltr'>sic</span> <span class='ocrx_word' id='word_1_480' title='bbox 1012 2383 1154 2406; x_wconf 89' lang='lat' dir='ltr'>conventa</span> <span class='ocrx_word' id='word_1_481' title='bbox 1169 2385 1219 2415; x_wconf 87' lang='lat' dir='ltr'>per</span> <span class='ocrx_word' id='word_1_482' title='bbox 1235 2375 1306 2408; x_wconf 88' lang='lat' dir='ltr'>Nos</span> 
     </span>
     <span class='ocr_line' id='line_1_61' title="bbox 242 2411 1305 2453; baseline 0.002 -10"><span class='ocrx_word' id='word_1_483' title='bbox 242 2412 396 2451; x_wconf 67' lang='lat' dir='ltr'>respective</span> <span class='ocrx_word' id='word_1_484' title='bbox 420 2411 657 2452; x_wconf 80' lang='lat' dir='ltr'>perimpleantur‚</span> <span class='ocrx_word' id='word_1_485' title='bbox 675 2422 735 2443; x_wconf 88' lang='lat' dir='ltr'>non</span> <span class='ocrx_word' id='word_1_486' title='bbox 757 2412 850 2442; x_wconf 81' lang='lat' dir='ltr'>solum</span> <span class='ocrx_word' id='word_1_487' title='bbox 869 2423 901 2444; x_wconf 88' lang='lat' dir='ltr'>ea</span> <span class='ocrx_word' id='word_1_488' title='bbox 921 2422 955 2443; x_wconf 82' lang='lat' dir='ltr'>ex</span> <span class='ocrx_word' id='word_1_489' title='bbox 978 2422 1057 2453; x_wconf 89' lang='lat' dir='ltr'>parte</span> <span class='ocrx_word' id='word_1_490' title='bbox 1080 2413 1173 2445; x_wconf 88' lang='lat' dir='ltr'>nostra</span> <span class='ocrx_word' id='word_1_491' title='bbox 1190 2415 1305 2453; x_wconf 85' lang='lat' dir='ltr'>&#39;ampri-</span> 
     </span>
     <span class='ocr_line' id='line_1_62' title="bbox 242 2450 1306 2493; baseline 0.003 -12"><span class='ocrx_word' id='word_1_492' title='bbox 242 2451 310 2481; x_wconf 88' lang='lat' dir='ltr'>dem</span> <span class='ocrx_word' id='word_1_493' title='bbox 332 2450 529 2481; x_wconf 75' lang='lat' dir='ltr'>incunCtanter</span> <span class='ocrx_word' id='word_1_494' title='bbox 543 2451 653 2481; x_wconf 86' lang='lat' dir='ltr'>executi</span> <span class='ocrx_word' id='word_1_495' title='bbox 666 2451 777 2488; x_wconf 85' lang='lat' dir='ltr'>sumus,</span> <span class='ocrx_word' id='word_1_496' title='bbox 794 2460 827 2480; x_wconf 84' lang='lat' dir='ltr'>ac</span> <span class='ocrx_word' id='word_1_497' title='bbox 846 2460 983 2488; x_wconf 88' lang='lat' dir='ltr'>quantum</span> <span class='ocrx_word' id='word_1_498' title='bbox 999 2452 1028 2481; x_wconf 92' lang='lat' dir='ltr'>in</span> <span class='ocrx_word' id='word_1_499' title='bbox 1045 2452 1145 2483; x_wconf 88' lang='lat' dir='ltr'>Nobis</span> <span class='ocrx_word' id='word_1_500' title='bbox 1156 2464 1172 2484; x_wconf 90' lang='lat' dir='ltr'>e</span> <span class='ocrx_word' id='word_1_501' title='bbox 1212 2454 1306 2493; x_wconf 86' lang='lat' dir='ltr'>perfe-</span> 
     </span>
     <span class='ocr_line' id='line_1_63' title="bbox 243 2487 1306 2528; baseline 0.003 -9"><span class='ocrx_word' id='word_1_502' title='bbox 243 2489 355 2526; x_wconf 84' lang='lat' dir='ltr'>cimus,</span> <span class='ocrx_word' id='word_1_503' title='bbox 373 2487 418 2517; x_wconf 89' lang='lat' dir='ltr'>sed</span> <span class='ocrx_word' id='word_1_504' title='bbox 439 2490 524 2519; x_wconf 80' lang='lat' dir='ltr'>etiam</span> <span class='ocrx_word' id='word_1_505' title='bbox 545 2489 581 2519; x_wconf 91' lang='lat' dir='ltr'>de</span> <span class='ocrx_word' id='word_1_506' title='bbox 603 2488 748 2520; x_wconf 87' lang='lat' dir='ltr'>Fidelitate</span> <span class='ocrx_word' id='word_1_507' title='bbox 769 2489 910 2518; x_wconf 70' lang='lat' dir='ltr'>Industria</span> <span class='ocrx_word' id='word_1_508' title='bbox 934 2490 966 2518; x_wconf 90' lang='lat'>&amp;</span> <span class='ocrx_word' id='word_1_509' title='bbox 986 2490 1103 2528; x_wconf 71' lang='lat' dir='ltr'>providi</span> <span class='ocrx_word' id='word_1_510' title='bbox 1119 2490 1306 2528; x_wconf 87' lang='lat' dir='ltr'>Circumspe-</span> 
     </span>
     <span class='ocr_line' id='line_1_64' title="bbox 244 2525 1304 2565; baseline 0.001 -8"><span class='ocrx_word' id='word_1_511' title='bbox 244 2528 360 2563; x_wconf 71' lang='lat' dir='ltr'>‹Stione,</span> <span class='ocrx_word' id='word_1_512' title='bbox 380 2525 546 2556; x_wconf 79' lang='lat' dir='ltr'>Chariffimi</span> <span class='ocrx_word' id='word_1_513' title='bbox 567 2526 780 2565; x_wconf 77' lang='lat' dir='ltr'>Consanguinei</span> <span class='ocrx_word' id='word_1_514' title='bbox 801 2527 906 2564; x_wconf 84' lang='lat' dir='ltr'>nostri,</span> <span class='ocrx_word' id='word_1_515' title='bbox 923 2527 1062 2556; x_wconf 72' lang='lat' dir='ltr'>Edwardi</span> <span class='ocrx_word' id='word_1_516' title='bbox 1085 2531 1196 2558; x_wconf 85' lang='lat' dir='ltr'>Comitis</span> <span class='ocrx_word' id='word_1_517' title='bbox 1215 2531 1304 2559; x_wconf 72' lang='lat' dir='ltr'>Hert-</span> 
     </span>
     <span class='ocr_line' id='line_1_65' title="bbox 237 2564 1305 2606; baseline 0.004 -12"><span class='ocrx_word' id='word_1_518' title='bbox 237 2564 340 2606; x_wconf 78' lang='lat' dir='ltr'>fura&#39;iae</span> <span class='ocrx_word' id='word_1_519' title='bbox 367 2567 485 2594; x_wconf 83' lang='lat' dir='ltr'>Baronis</span> <span class='ocrx_word' id='word_1_520' title='bbox 510 2565 542 2594; x_wconf 83' lang='lat' dir='ltr'>de</span> <span class='ocrx_word' id='word_1_521' title='bbox 567 2564 740 2603; x_wconf 82' lang='lat' dir='ltr'>Beauchamp</span> <span class='ocrx_word' id='word_1_522' title='bbox 756 2587 766 2602; x_wconf 84' lang='lat'>,</span> <span class='ocrx_word' id='word_1_523' title='bbox 792 2564 1030 2594; x_wconf 85' lang='lat' dir='ltr'>Locumtenentis</span> <span class='ocrx_word' id='word_1_524' title='bbox 1048 2565 1138 2595; x_wconf 84' lang='lat' dir='ltr'>nostri</span> <span class='ocrx_word' id='word_1_525' title='bbox 1155 2567 1305 2598; x_wconf 83' lang='lat' dir='ltr'>Generalis</span> 
     </span>
     <span class='ocr_line' id='line_1_66' title="bbox 244 2602 1304 2645; baseline -0.001 -9"><span class='ocrx_word' id='word_1_526' title='bbox 244 2603 461 2636; x_wconf 86' lang='lat' dir='ltr'>Provinciarum</span> <span class='ocrx_word' id='word_1_527' title='bbox 483 2602 658 2633; x_wconf 80' lang='lat' dir='ltr'>Somersetiae</span> <span class='ocrx_word' id='word_1_528' title='bbox 672 2604 706 2634; x_wconf 92' lang='lat'>&amp;</span> <span class='ocrx_word' id='word_1_529' title='bbox 722 2602 894 2640; x_wconf 84' lang='lat' dir='ltr'>Wiltoniae,</span> <span class='ocrx_word' id='word_1_530' title='bbox 913 2603 975 2633; x_wconf 62' lang='grc' dir='ltr'>ὅτε.</span> <span class='ocrx_word' id='word_1_531' title='bbox 991 2603 1100 2641; x_wconf 75' lang='lat' dir='ltr'>plenius</span> <span class='ocrx_word' id='word_1_532' title='bbox 1111 2604 1304 2645; x_wconf 82' lang='lat' dir='ltr'>confidentes,</span> 
     </span>
     <span class='ocr_line' id='line_1_67' title="bbox 243 2641 1305 2680; baseline 0 -6"><span class='ocrx_word' id='word_1_533' title='bbox 243 2643 366 2674; x_wconf 87' lang='lat' dir='ltr'>eundem</span> <span class='ocrx_word' id='word_1_534' title='bbox 391 2641 520 2672; x_wconf 87' lang='lat' dir='ltr'>nostrum</span> <span class='ocrx_word' id='word_1_535' title='bbox 534 2650 634 2671; x_wconf 87' lang='lat' dir='ltr'>verum</span> <span class='ocrx_word' id='word_1_536' title='bbox 650 2642 683 2673; x_wconf 88' lang='lat'>&amp;</span> <span class='ocrx_word' id='word_1_537' title='bbox 700 2641 890 2671; x_wconf 84' lang='lat' dir='ltr'>indubitatum</span> <span class='ocrx_word' id='word_1_538' title='bbox 911 2641 1048 2680; x_wconf 83' lang='lat' dir='ltr'>Legatum</span> <span class='ocrx_word' id='word_1_539' title='bbox 1066 2641 1305 2674; x_wconf 73' lang='lat' dir='ltr'>commissarium</span> 
     </span>
     <span class='ocr_line' id='line_1_68' title="bbox 243 2678 1305 2719; baseline 0.001 -7"><span class='ocrx_word' id='word_1_540' title='bbox 243 2681 482 2712; x_wconf 69' lang='lat' dir='ltr'>Ambiffiatorem</span> <span class='ocrx_word' id='word_1_541' title='bbox 498 2680 654 2710; x_wconf 88' lang='lat' dir='ltr'>Oratorem</span> <span class='ocrx_word' id='word_1_542' title='bbox 673 2680 892 2710; x_wconf 83' lang='lat' dir='ltr'>Procuratorem</span> <span class='ocrx_word' id='word_1_543' title='bbox 907 2678 1085 2719; x_wconf 85' lang='lat' dir='ltr'>Deputatum</span> <span class='ocrx_word' id='word_1_544' title='bbox 1099 2682 1132 2712; x_wconf 67' lang='grc' dir='ltr'>ὃ(</span> <span class='ocrx_word' id='word_1_545' title='bbox 1148 2682 1184 2712; x_wconf 95' lang='lat' dir='ltr'>N</span> <span class='ocrx_word' id='word_1_546' title='bbox 1187 2684 1305 2713; x_wconf 90' lang='lat' dir='ltr'>uncium</span> 
     </span>
     <span class='ocr_line' id='line_1_69' title="bbox 243 2717 1305 2758; baseline 0 -7"><span class='ocrx_word' id='word_1_547' title='bbox 243 2720 391 2758; x_wconf 71' lang='lat' dir='ltr'>specialem</span> <span class='ocrx_word' id='word_1_548' title='bbox 411 2719 531 2749; x_wconf 85' lang='lat' dir='ltr'>fecimus</span> <span class='ocrx_word' id='word_1_549' title='bbox 549 2719 581 2749; x_wconf 72' lang='grc' dir='ltr'>δε</span> <span class='ocrx_word' id='word_1_550' title='bbox 603 2717 802 2748; x_wconf 86' lang='lat' dir='ltr'>constituimus</span> <span class='ocrx_word' id='word_1_551' title='bbox 815 2718 850 2749; x_wconf 88' lang='lat' dir='ltr'>ad</span> <span class='ocrx_word' id='word_1_552' title='bbox 869 2717 1084 2750; x_wconf 83' lang='lat' dir='ltr'>Praemifforum</span> <span class='ocrx_word' id='word_1_553' title='bbox 1101 2718 1305 2751; x_wconf 84' lang='lat' dir='ltr'>Confirmatio-</span> 
     </span>
     <span class='ocr_line' id='line_1_70' title="bbox 246 2756 1305 2797; baseline 0.001 -8"><span class='ocrx_word' id='word_1_554' title='bbox 246 2769 330 2796; x_wconf 87' lang='lat' dir='ltr'>nem,</span> <span class='ocrx_word' id='word_1_555' title='bbox 349 2760 381 2797; x_wconf 67' lang='lat' dir='ltr'>a,</span> <span class='ocrx_word' id='word_1_556' title='bbox 400 2756 577 2788; x_wconf 81' lang='lat' dir='ltr'>Chariffimis</span> <span class='ocrx_word' id='word_1_557' title='bbox 597 2757 738 2788; x_wconf 81' lang='lat' dir='ltr'>Fratribus</span> <span class='ocrx_word' id='word_1_558' title='bbox 750 2758 784 2787; x_wconf 89' lang='lat'>&amp;</span> <span class='ocrx_word' id='word_1_559' title='bbox 798 2756 1023 2796; x_wconf 84' lang='lat' dir='ltr'>Consanguineis</span> <span class='ocrx_word' id='word_1_560' title='bbox 1042 2758 1165 2797; x_wconf 80' lang='lat' dir='ltr'>nostris,</span> <span class='ocrx_word' id='word_1_561' title='bbox 1183 2759 1305 2790; x_wconf 84' lang='lat' dir='ltr'>Alberto</span> 
     </span>
     <span class='ocr_line' id='line_1_71' title="bbox 245 2795 1305 2836; baseline 0.001 -9"><span class='ocrx_word' id='word_1_562' title='bbox 245 2797 284 2833; x_wconf 66' lang='grc' dir='ltr'>όν</span> <span class='ocrx_word' id='word_1_563' title='bbox 307 2796 425 2836; x_wconf 80' lang='lat' dir='ltr'>Isabella</span> <span class='ocrx_word' id='word_1_564' title='bbox 444 2796 529 2826; x_wconf 82' lang='lat' dir='ltr'>clara</span> <span class='ocrx_word' id='word_1_565' title='bbox 549 2797 675 2833; x_wconf 78' lang='lat' dir='ltr'>Eugenia</span> <span class='ocrx_word' id='word_1_566' title='bbox 690 2795 889 2827; x_wconf 75' lang='lat' dir='ltr'>Archiducibus</span> <span class='ocrx_word' id='word_1_567' title='bbox 903 2795 1026 2835; x_wconf 75' lang='lat' dir='ltr'>Austriae</span> <span class='ocrx_word' id='word_1_568' title='bbox 1040 2796 1161 2827; x_wconf 62' lang='lat' dir='ltr'>Ducibus</span> <span class='ocrx_word' id='word_1_569' title='bbox 1176 2801 1305 2836; x_wconf 81' lang='lat' dir='ltr'>Burgun-</span> 
     </span>
     <span class='ocr_line' id='line_1_72' title="bbox 243 2833 1305 2874; baseline 0.002 -8"><span class='ocrx_word' id='word_1_570' title='bbox 243 2836 313 2874; x_wconf 54' lang='grc' dir='ltr'>α’έιε,</span> <span class='ocrx_word' id='word_1_571' title='bbox 332 2834 393 2870; x_wconf 53' lang='grc' dir='ltr'>(ἐν.</span> <span class='ocrx_word' id='word_1_572' title='bbox 410 2833 623 2874; x_wconf 87' lang='lat' dir='ltr'>postulandam,</span> <span class='ocrx_word' id='word_1_573' title='bbox 639 2842 724 2871; x_wconf 82' lang='lat' dir='ltr'>atque</span> <span class='ocrx_word' id='word_1_574' title='bbox 739 2835 848 2865; x_wconf 90' lang='lat' dir='ltr'>idcirco</span> <span class='ocrx_word' id='word_1_575' title='bbox 865 2844 914 2873; x_wconf 88' lang='lat' dir='ltr'>per</span> <span class='ocrx_word' id='word_1_576' title='bbox 932 2835 1083 2866; x_wconf 75' lang='lat' dir='ltr'>Praesentes</span> <span class='ocrx_word' id='word_1_577' title='bbox 1096 2835 1190 2866; x_wconf 91' lang='lat' dir='ltr'>eidem</span> <span class='ocrx_word' id='word_1_578' title='bbox 1206 2837 1305 2868; x_wconf 87' lang='lat' dir='ltr'>damus</span> 
     </span>
     <span class='ocr_line' id='line_1_73' title="bbox 245 2872 1303 2914; baseline 0 -8"><span class='ocrx_word' id='word_1_579' title='bbox 245 2874 421 2906; x_wconf 80' lang='lat' dir='ltr'>Potestatem</span> <span class='ocrx_word' id='word_1_580' title='bbox 434 2874 466 2904; x_wconf 90' lang='lat'>&amp;</span> <span class='ocrx_word' id='word_1_581' title='bbox 483 2872 694 2903; x_wconf 55' lang='lat' dir='ltr'>Aufforitatem</span> <span class='ocrx_word' id='word_1_582' title='bbox 712 2873 825 2910; x_wconf 84' lang='lat' dir='ltr'>plenam</span> <span class='ocrx_word' id='word_1_583' title='bbox 864 2873 924 2905; x_wconf 64' lang='lat' dir='ltr'>Sc*</span> <span class='ocrx_word' id='word_1_584' title='bbox 937 2873 1108 2905; x_wconf 70' lang='lat' dir='ltr'>Mandatum</span> <span class='ocrx_word' id='word_1_585' title='bbox 1123 2876 1254 2914; x_wconf 84' lang='lat' dir='ltr'>generale</span> <span class='ocrx_word' id='word_1_586' title='bbox 1269 2886 1303 2906; x_wconf 88' lang='lat' dir='ltr'>ac</span> 
     </span>
     <span class='ocr_line' id='line_1_74' title="bbox 247 2895 1304 2953; baseline -0.002 -8"><span class='ocrx_word' id='word_1_587' title='bbox 247 2914 381 2952; x_wconf 74' lang='lat' dir='ltr'>speciale,</span> <span class='ocrx_word' id='word_1_588' title='bbox 400 2923 451 2950; x_wconf 86' lang='lat' dir='ltr'>pro</span> <span class='ocrx_word' id='word_1_589' title='bbox 470 2912 568 2942; x_wconf 86' lang='lat' dir='ltr'>Nobis</span> <span class='ocrx_word' id='word_1_590' title='bbox 582 2912 615 2942; x_wconf 65' lang='grc' dir='ltr'>ὃς</span> <span class='ocrx_word' id='word_1_591' title='bbox 630 2911 765 2942; x_wconf 89' lang='lat' dir='ltr'>Nomine</span> <span class='ocrx_word' id='word_1_592' title='bbox 783 2895 898 2949; x_wconf 63' lang='lat' dir='ltr'>norim,</span> <span class='ocrx_word' id='word_1_593' title='bbox 916 2911 1007 2942; x_wconf 64' lang='lat' dir='ltr'>didtos</span> <span class='ocrx_word' id='word_1_594' title='bbox 1026 2914 1200 2953; x_wconf 73' lang='lat' dir='ltr'>Sereniffimos</span> <span class='ocrx_word' id='word_1_595' title='bbox 1218 2916 1304 2943; x_wconf 84' lang='lat' dir='ltr'>Prin-</span> 
     </span>
     <span class='ocr_line' id='line_1_75' title="bbox 247 2949 1305 2990; baseline 0.001 -8"><span class='ocrx_word' id='word_1_596' title='bbox 247 2956 312 2990; x_wconf 82' lang='lat' dir='ltr'>cipes</span> <span class='ocrx_word' id='word_1_597' title='bbox 333 2951 470 2989; x_wconf 85' lang='lat' dir='ltr'>adeundi,</span> <span class='ocrx_word' id='word_1_598' title='bbox 485 2950 702 2980; x_wconf 73' lang='lat' dir='ltr'>ratificationem</span> <span class='ocrx_word' id='word_1_599' title='bbox 724 2951 757 2981; x_wconf 91' lang='lat'>&amp;</span> <span class='ocrx_word' id='word_1_600' title='bbox 784 2949 1046 2981; x_wconf 85' lang='lat' dir='ltr'>Confirmationem</span> <span class='ocrx_word' id='word_1_601' title='bbox 1067 2952 1137 2983; x_wconf 71' lang='lat' dir='ltr'>dieti</span> <span class='ocrx_word' id='word_1_602' title='bbox 1151 2952 1305 2983; x_wconf 60' lang='lat' dir='ltr'>Transsatus</span> 
     </span>
     <span class='ocr_line' id='line_1_76' title="bbox 247 2989 1306 3027; baseline -0.001 -5"><span class='ocrx_word' id='word_1_603' title='bbox 247 2993 280 3022; x_wconf 86' lang='lat'>&amp;</span> <span class='ocrx_word' id='word_1_604' title='bbox 303 2990 500 3021; x_wconf 79' lang='lat' dir='ltr'>Articulorum</span> <span class='ocrx_word' id='word_1_605' title='bbox 521 2990 548 3018; x_wconf 90' lang='lat' dir='ltr'>in</span> <span class='ocrx_word' id='word_1_606' title='bbox 571 2989 675 3019; x_wconf 90' lang='lat' dir='ltr'>eodem</span> <span class='ocrx_word' id='word_1_607' title='bbox 696 2998 900 3020; x_wconf 85' lang='lat' dir='ltr'>contentorum</span> <span class='ocrx_word' id='word_1_608' title='bbox 923 2989 951 3018; x_wconf 88' lang='lat' dir='ltr'>in</span> <span class='ocrx_word' id='word_1_609' title='bbox 975 2990 1086 3027; x_wconf 86' lang='lat' dir='ltr'>scriptis</span> <span class='ocrx_word' id='word_1_610' title='bbox 1100 2991 1200 3022; x_wconf 85' lang='lat' dir='ltr'>debito</span> <span class='ocrx_word' id='word_1_611' title='bbox 1215 2992 1306 3022; x_wconf 89' lang='lat' dir='ltr'>modo</span> 
     </span>
     <span class='ocr_line' id='line_1_77' title="bbox 244 3027 1308 3068; baseline 0.001 -9"><span class='ocrx_word' id='word_1_612' title='bbox 244 3028 455 3060; x_wconf 81' lang='lat' dir='ltr'>conficiendam</span> <span class='ocrx_word' id='word_1_613' title='bbox 466 3052 474 3065; x_wconf 92' lang='lat'>,</span> <span class='ocrx_word' id='word_1_614' title='bbox 495 3028 624 3057; x_wconf 78' lang='lat' dir='ltr'>manibus</span> <span class='ocrx_word' id='word_1_615' title='bbox 640 3029 758 3065; x_wconf 81' lang='lat' dir='ltr'>propriis</span> <span class='ocrx_word' id='word_1_616' title='bbox 769 3028 914 3058; x_wconf 46' lang='lat' dir='ltr'>dictorum</span> <span class='ocrx_word' id='word_1_617' title='bbox 931 3027 1059 3059; x_wconf 78' lang='lat' dir='ltr'>Fratrum</span> <span class='ocrx_word' id='word_1_618' title='bbox 1076 3029 1110 3060; x_wconf 89' lang='lat'>&amp;</span> <span class='ocrx_word' id='word_1_619' title='bbox 1129 3029 1308 3068; x_wconf 82' lang='lat' dir='ltr'>Consangui-</span> 
     </span>
     <span class='ocr_line' id='line_1_78' title="bbox 245 3065 1307 3106; baseline 0.001 -8"><span class='ocrx_word' id='word_1_620' title='bbox 245 3077 365 3099; x_wconf 83' lang='lat' dir='ltr'>neotum</span> <span class='ocrx_word' id='word_1_621' title='bbox 383 3066 548 3097; x_wconf 81' lang='lat' dir='ltr'>nostrorum</span> <span class='ocrx_word' id='word_1_622' title='bbox 563 3065 801 3104; x_wconf 76' lang='lat' dir='ltr'>subscribendam,</span> <span class='ocrx_word' id='word_1_623' title='bbox 821 3068 853 3098; x_wconf 90' lang='lat'>&amp;</span> <span class='ocrx_word' id='word_1_624' title='bbox 868 3067 981 3105; x_wconf 75' lang='lat' dir='ltr'>Magno</span> <span class='ocrx_word' id='word_1_625' title='bbox 994 3066 1091 3106; x_wconf 90' lang='lat' dir='ltr'>Sigillo</span> <span class='ocrx_word' id='word_1_626' title='bbox 1109 3068 1156 3098; x_wconf 90' lang='lat' dir='ltr'>suo</span> <span class='ocrx_word' id='word_1_627' title='bbox 1174 3070 1307 3099; x_wconf 88' lang='lat' dir='ltr'>munien-</span> 
     </span>
     <span class='ocr_line' id='line_1_79' title="bbox 246 3104 1306 3146; baseline 0.001 -10"><span class='ocrx_word' id='word_1_628' title='bbox 246 3106 331 3146; x_wconf 82' lang='lat' dir='ltr'>dam,</span> <span class='ocrx_word' id='word_1_629' title='bbox 350 3105 459 3142; x_wconf 82' lang='lat' dir='ltr'>petendi</span> <span class='ocrx_word' id='word_1_630' title='bbox 480 3105 511 3134; x_wconf 68' lang='grc' dir='ltr'>ὃ(</span> <span class='ocrx_word' id='word_1_631' title='bbox 527 3104 699 3141; x_wconf 82' lang='lat' dir='ltr'>recipiendi,</span> <span class='ocrx_word' id='word_1_632' title='bbox 716 3105 878 3135; x_wconf 71' lang='lat' dir='ltr'>consimiles</span> <span class='ocrx_word' id='word_1_633' title='bbox 899 3105 1007 3135; x_wconf 79' lang='lat' dir='ltr'>Literas</span> <span class='ocrx_word' id='word_1_634' title='bbox 1021 3106 1125 3137; x_wconf 84' lang='lat' dir='ltr'>nostras</span> <span class='ocrx_word' id='word_1_635' title='bbox 1140 3107 1306 3138; x_wconf 82' lang='lat' dir='ltr'>Praemisso-</span> 
     </span>
     <span class='ocr_line' id='line_1_80' title="bbox 246 3142 1304 3180; baseline 0 -5"><span class='ocrx_word' id='word_1_636' title='bbox 246 3156 311 3176; x_wconf 85' lang='lat' dir='ltr'>rum</span> <span class='ocrx_word' id='word_1_637' title='bbox 344 3144 579 3174; x_wconf 79' lang='lat' dir='ltr'>Confirmatorias</span> <span class='ocrx_word' id='word_1_638' title='bbox 610 3142 737 3180; x_wconf 81' lang='lat' dir='ltr'>eisdem,</span> <span class='ocrx_word' id='word_1_639' title='bbox 762 3144 806 3174; x_wconf 90' lang='lat' dir='ltr'>vel</span> <span class='ocrx_word' id='word_1_640' title='bbox 833 3143 1004 3173; x_wconf 88' lang='lat' dir='ltr'>eorumdem</span> <span class='ocrx_word' id='word_1_641' title='bbox 1030 3143 1233 3175; x_wconf 72' lang='lat' dir='ltr'>Commissario</span> <span class='ocrx_word' id='word_1_642' title='bbox 1259 3146 1304 3176; x_wconf 84' lang='lat' dir='ltr'>seu</span> 
     </span>
     <span class='ocr_line' id='line_1_81' title="bbox 247 3180 1308 3220; baseline 0.001 -6"><span class='ocrx_word' id='word_1_643' title='bbox 247 3183 477 3219; x_wconf 74' lang='lat' dir='ltr'>Commiss&#39;ariis,</span> <span class='ocrx_word' id='word_1_644' title='bbox 495 3181 529 3211; x_wconf 91' lang='lat' dir='ltr'>ad</span> <span class='ocrx_word' id='word_1_645' title='bbox 553 3181 613 3211; x_wconf 87' lang='lat' dir='ltr'>hoc</span> <span class='ocrx_word' id='word_1_646' title='bbox 626 3180 796 3211; x_wconf 86' lang='lat' dir='ltr'>sufficienter</span> <span class='ocrx_word' id='word_1_647' title='bbox 811 3182 996 3220; x_wconf 66' lang='lat' dir='ltr'>authoritatis,</span> <span class='ocrx_word' id='word_1_648' title='bbox 1015 3184 1187 3215; x_wconf 90' lang='lat' dir='ltr'>tradendi&amp;</span> <span class='ocrx_word' id='word_1_649' title='bbox 1202 3184 1308 3215; x_wconf 87' lang='lat' dir='ltr'>delibe-</span> 
     </span>
     <span class='ocr_line' id='line_1_82' title="bbox 248 3219 1304 3262; baseline 0 -9"><span class='ocrx_word' id='word_1_650' title='bbox 248 3223 344 3259; x_wconf 77' lang='lat' dir='ltr'>randi,</span> <span class='ocrx_word' id='word_1_651' title='bbox 363 3221 565 3259; x_wconf 72' lang='lat' dir='ltr'>jin-amentum</span> <span class='ocrx_word' id='word_1_652' title='bbox 588 3219 758 3257; x_wconf 74' lang='lat' dir='ltr'>corporale,</span> <span class='ocrx_word' id='word_1_653' title='bbox 777 3220 858 3250; x_wconf 64' lang='lat' dir='ltr'>tactis</span> <span class='ocrx_word' id='word_1_654' title='bbox 882 3220 1061 3252; x_wconf 57' lang='lat' dir='ltr'>sacrosanctis</span> <span class='ocrx_word' id='word_1_655' title='bbox 1088 3221 1245 3262; x_wconf 86' lang='lat' dir='ltr'>Evangeliis</span> <span class='ocrx_word' id='word_1_656' title='bbox 1269 3222 1304 3253; x_wconf 89' lang='lat' dir='ltr'>de</span> 
     </span>
     <span class='ocr_line' id='line_1_83' title="bbox 248 3258 1307 3300; baseline -0.002 -8"><span class='ocrx_word' id='word_1_657' title='bbox 248 3262 461 3292; x_wconf 75' lang='lat' dir='ltr'>Praemislorum</span> <span class='ocrx_word' id='word_1_658' title='bbox 486 3258 683 3289; x_wconf 86' lang='lat' dir='ltr'>observatione</span> <span class='ocrx_word' id='word_1_659' title='bbox 703 3259 739 3289; x_wconf 90' lang='lat' dir='ltr'>ab</span> <span class='ocrx_word' id='word_1_660' title='bbox 761 3259 823 3296; x_wconf 86' lang='lat' dir='ltr'>iplis</span> <span class='ocrx_word' id='word_1_661' title='bbox 845 3258 966 3297; x_wconf 80' lang='lat' dir='ltr'>praestari</span> <span class='ocrx_word' id='word_1_662' title='bbox 979 3259 1093 3300; x_wconf 89' lang='lat' dir='ltr'>petendi</span> <span class='ocrx_word' id='word_1_663' title='bbox 1109 3262 1142 3291; x_wconf 89' lang='lat'>&amp;</span> <span class='ocrx_word' id='word_1_664' title='bbox 1158 3260 1307 3300; x_wconf 82' lang='lat' dir='ltr'>exigendi,</span> 
     </span>
     <span class='ocr_line' id='line_1_84' title="bbox 246 3296 1304 3338; baseline 0 -8"><span class='ocrx_word' id='word_1_665' title='bbox 246 3309 280 3330; x_wconf 81' lang='lat' dir='ltr'>ac</span> <span class='ocrx_word' id='word_1_666' title='bbox 300 3299 423 3338; x_wconf 86' lang='lat' dir='ltr'>ejusdem</span> <span class='ocrx_word' id='word_1_667' title='bbox 443 3297 601 3335; x_wconf 83' lang='lat' dir='ltr'>Juramenti</span> <span class='ocrx_word' id='word_1_668' title='bbox 621 3296 792 3336; x_wconf 70' lang='lat' dir='ltr'>praestationi</span> <span class='ocrx_word' id='word_1_669' title='bbox 811 3297 986 3334; x_wconf 83' lang='lat' dir='ltr'>personaliter</span> <span class='ocrx_word' id='word_1_670' title='bbox 1010 3300 1205 3338; x_wconf 80' lang='lat' dir='ltr'>intereffendi‚</span> <span class='ocrx_word' id='word_1_671' title='bbox 1222 3309 1304 3338; x_wconf 80' lang='lat' dir='ltr'>atque</span> 
     </span>
     <span class='ocr_line' id='line_1_85' title="bbox 246 3335 1305 3377; baseline -0.002 -8"><span class='ocrx_word' id='word_1_672' title='bbox 246 3338 324 3369; x_wconf 85' lang='lat' dir='ltr'>idern</span> <span class='ocrx_word' id='word_1_673' title='bbox 336 3338 538 3377; x_wconf 78' lang='lat' dir='ltr'>juramentum</span> <span class='ocrx_word' id='word_1_674' title='bbox 552 3336 588 3366; x_wconf 87' lang='lat' dir='ltr'>sic</span> <span class='ocrx_word' id='word_1_675' title='bbox 597 3358 606 3374; x_wconf 88' lang='lat'>‚</span> <span class='ocrx_word' id='word_1_676' title='bbox 625 3344 656 3366; x_wconf 92' lang='lat' dir='ltr'>ut</span> <span class='ocrx_word' id='word_1_677' title='bbox 669 3335 815 3372; x_wconf 85' lang='lat' dir='ltr'>praefertur</span> <span class='ocrx_word' id='word_1_678' title='bbox 824 3360 833 3373; x_wconf 91' lang='lat'><strong>‚</strong></span> <span class='ocrx_word' id='word_1_679' title='bbox 847 3336 969 3376; x_wconf 84' lang='lat' dir='ltr'>praestari</span> <span class='ocrx_word' id='word_1_680' title='bbox 984 3337 1100 3368; x_wconf 86' lang='lat' dir='ltr'>videndi</span> <span class='ocrx_word' id='word_1_681' title='bbox 1115 3340 1147 3370; x_wconf 67' lang='grc' dir='ltr'>ὃς</span> <span class='ocrx_word' id='word_1_682' title='bbox 1162 3338 1305 3376; x_wconf 87' lang='lat' dir='ltr'>audiendi,</span> 
     </span>
     <span class='ocr_line' id='line_1_86' title="bbox 251 3374 1306 3414; baseline 0.001 -8"><span class='ocrx_word' id='word_1_683' title='bbox 251 3387 285 3406; x_wconf 87' lang='lat' dir='ltr'>ac</span> <span class='ocrx_word' id='word_1_684' title='bbox 303 3378 426 3414; x_wconf 82' lang='lat' dir='ltr'>denique</span> <span class='ocrx_word' id='word_1_685' title='bbox 444 3374 545 3405; x_wconf 81' lang='lat' dir='ltr'>Testes</span> <span class='ocrx_word' id='word_1_686' title='bbox 564 3383 634 3404; x_wconf 88' lang='lat' dir='ltr'>tunc</span> <span class='ocrx_word' id='word_1_687' title='bbox 657 3374 821 3412; x_wconf 85' lang='lat' dir='ltr'>praesentes,</span> <span class='ocrx_word' id='word_1_688' title='bbox 847 3383 878 3405; x_wconf 91' lang='lat' dir='ltr'>ut</span> <span class='ocrx_word' id='word_1_689' title='bbox 901 3375 980 3414; x_wconf 88' lang='lat' dir='ltr'>super</span> <span class='ocrx_word' id='word_1_690' title='bbox 1002 3375 1101 3406; x_wconf 87' lang='lat' dir='ltr'>eadem</span> <span class='ocrx_word' id='word_1_691' title='bbox 1125 3377 1306 3413; x_wconf 81' lang='lat' dir='ltr'>praestatione</span> 
     </span>
     <span class='ocr_line' id='line_1_87' title="bbox 247 3412 1305 3453; baseline 0.001 -9"><span class='ocrx_word' id='word_1_692' title='bbox 247 3413 464 3445; x_wconf 85' lang='lat' dir='ltr'>Testimonium</span> <span class='ocrx_word' id='word_1_693' title='bbox 480 3413 664 3451; x_wconf 82' lang='lat' dir='ltr'>perhibeant,</span> <span class='ocrx_word' id='word_1_694' title='bbox 683 3413 797 3452; x_wconf 90' lang='lat' dir='ltr'>petendi</span> <span class='ocrx_word' id='word_1_695' title='bbox 813 3412 932 3450; x_wconf 87' lang='lat' dir='ltr'>rogandi</span> <span class='ocrx_word' id='word_1_696' title='bbox 946 3414 979 3444; x_wconf 92' lang='lat'>&amp;</span> <span class='ocrx_word' id='word_1_697' title='bbox 995 3415 1171 3453; x_wconf 84' lang='lat' dir='ltr'>requirendi,</span> <span class='ocrx_word' id='word_1_698' title='bbox 1189 3424 1305 3445; x_wconf 87' lang='lat' dir='ltr'>necnon</span> 
     </span>
     <span class='ocr_line' id='line_1_88' title="bbox 250 3451 1306 3491; baseline 0.002 -9"><span class='ocrx_word' id='word_1_699' title='bbox 250 3451 372 3490; x_wconf 83' lang='lat' dir='ltr'>Literas,</span> <span class='ocrx_word' id='word_1_700' title='bbox 398 3455 430 3485; x_wconf 74' lang='grc' dir='ltr'>δε</span> <span class='ocrx_word' id='word_1_701' title='bbox 456 3452 680 3482; x_wconf 77' lang='lat' dir='ltr'>instrumentum</span> <span class='ocrx_word' id='word_1_702' title='bbox 706 3452 857 3491; x_wconf 89' lang='lat' dir='ltr'>publicum</span> <span class='ocrx_word' id='word_1_703' title='bbox 879 3452 913 3482; x_wconf 90' lang='lat'>&amp;</span> <span class='ocrx_word' id='word_1_704' title='bbox 939 3452 1135 3484; x_wconf 88' lang='lat' dir='ltr'>authenticum</span> <span class='ocrx_word' id='word_1_705' title='bbox 1159 3454 1306 3491; x_wconf 86' lang='lat' dir='ltr'>superinde</span> 
     </span>
     <span class='ocr_line' id='line_1_89' title="bbox 252 3490 1306 3527; baseline 0.002 -8"><span class='ocrx_word' id='word_1_706' title='bbox 252 3490 358 3520; x_wconf 84' lang='lat' dir='ltr'>confici</span> <span class='ocrx_word' id='word_1_707' title='bbox 377 3492 409 3521; x_wconf 64' lang='grc' dir='ltr'>ὃς</span> <span class='ocrx_word' id='word_1_708' title='bbox 434 3491 483 3521; x_wconf 89' lang='lat' dir='ltr'>sibi</span> <span class='ocrx_word' id='word_1_709' title='bbox 505 3490 575 3522; x_wconf 84' lang='lat' dir='ltr'>tradi</span> <span class='ocrx_word' id='word_1_710' title='bbox 597 3490 802 3527; x_wconf 79' lang='lat' dir='ltr'>requirendi&amp;</span> <span class='ocrx_word' id='word_1_711' title='bbox 817 3491 948 3527; x_wconf 81' lang='lat' dir='ltr'>exigendi</span> <span class='ocrx_word' id='word_1_712' title='bbox 962 3493 991 3521; x_wconf 92' lang='lat' dir='ltr'>in</span> <span class='ocrx_word' id='word_1_713' title='bbox 1007 3491 1100 3522; x_wconf 87' lang='lat' dir='ltr'>forma</span> <span class='ocrx_word' id='word_1_714' title='bbox 1114 3493 1306 3523; x_wconf 90' lang='lat' dir='ltr'>conveniente</span> 
     </span>
     <span class='ocr_line' id='line_1_90' title="bbox 253 3527 1306 3568; baseline 0.002 -10"><span class='ocrx_word' id='word_1_715' title='bbox 253 3536 284 3558; x_wconf 87' lang='lat' dir='ltr'>ut</span> <span class='ocrx_word' id='word_1_716' title='bbox 306 3530 334 3557; x_wconf 90' lang='lat' dir='ltr'>in</span> <span class='ocrx_word' id='word_1_717' title='bbox 359 3529 490 3559; x_wconf 86' lang='lat' dir='ltr'>similibus</span> <span class='ocrx_word' id='word_1_718' title='bbox 512 3529 618 3559; x_wconf 79' lang='lat' dir='ltr'>casibus</span> <span class='ocrx_word' id='word_1_719' title='bbox 633 3527 691 3558; x_wconf 85' lang='lat' dir='ltr'>fleri</span> <span class='ocrx_word' id='word_1_720' title='bbox 707 3528 820 3559; x_wconf 89' lang='lat' dir='ltr'>solitum</span> <span class='ocrx_word' id='word_1_721' title='bbox 834 3530 893 3566; x_wconf 85' lang='lat' dir='ltr'>est,</span> <span class='ocrx_word' id='word_1_722' title='bbox 911 3539 997 3568; x_wconf 83' lang='lat' dir='ltr'>eaque</span> <span class='ocrx_word' id='word_1_723' title='bbox 1011 3532 1108 3561; x_wconf 88' lang='lat' dir='ltr'>omnia</span> <span class='ocrx_word' id='word_1_724' title='bbox 1121 3530 1156 3560; x_wconf 89' lang='lat' dir='ltr'>ad</span> <span class='ocrx_word' id='word_1_725' title='bbox 1172 3540 1224 3560; x_wconf 89' lang='lat' dir='ltr'>nos</span> <span class='ocrx_word' id='word_1_726' title='bbox 1238 3540 1306 3561; x_wconf 89' lang='lat' dir='ltr'>curn</span> 
     </span>
     <span class='ocr_line' id='line_1_91' title="bbox 250 3565 1310 3606; baseline 0.004 -10"><span class='ocrx_word' id='word_1_727' title='bbox 250 3565 359 3596; x_wconf 62' lang='lat' dir='ltr'>effectu</span> <span class='ocrx_word' id='word_1_728' title='bbox 379 3568 551 3606; x_wconf 83' lang='lat' dir='ltr'>perferendi,</span> <span class='ocrx_word' id='word_1_729' title='bbox 566 3576 720 3606; x_wconf 71' lang='lat' dir='ltr'>exteraque</span> <span class='ocrx_word' id='word_1_730' title='bbox 741 3568 840 3598; x_wconf 89' lang='lat' dir='ltr'>omnia</span> <span class='ocrx_word' id='word_1_731' title='bbox 861 3578 926 3606; x_wconf 83' lang='lat' dir='ltr'>quae</span> <span class='ocrx_word' id='word_1_732' title='bbox 944 3570 1020 3600; x_wconf 90' lang='lat' dir='ltr'>circa</span> <span class='ocrx_word' id='word_1_733' title='bbox 1041 3569 1186 3600; x_wconf 80' lang='lat' dir='ltr'>Praemiffa</span> <span class='ocrx_word' id='word_1_734' title='bbox 1208 3568 1310 3600; x_wconf 83' lang='lat' dir='ltr'>fuerint</span> 
     </span>
    </p>
   </div>
   <div class='ocr_carea' id='block_1_8' title="bbox 97 2880 208 2956">
    <p class='ocr_par' dir='ltr' id='par_1_16' title="bbox 97 2880 208 2956">
     <span class='ocr_line' id='line_1_92' title="bbox 97 2880 208 2909; baseline 0.018 -2"><span class='ocrx_word' id='word_1_735' title='bbox 97 2880 208 2909; x_wconf 61' lang='lat' dir='ltr'>*xvh</span> 
     </span>
     <span class='ocr_line' id='line_1_93' title="bbox 98 2921 162 2956; baseline -0.016 -9"><span class='ocrx_word' id='word_1_736' title='bbox 98 2921 162 2956; x_wconf 78' lang='lat'>613.</span> 
     </span>
    </p>
   </div>
   <div class='ocr_carea' id='block_1_9' title="bbox 110 3695 222 3724">
    <p class='ocr_par' dir='ltr' id='par_1_17' title="bbox 110 3695 222 3724">
     <span class='ocr_line' id='line_1_94' title="bbox 110 3695 222 3724; baseline 0 0"><span class='ocrx_word' id='word_1_737' title='bbox 110 3697 129 3716; x_wconf 52' lang='grc' dir='ltr'><strong><em>ἢ</em></strong></span> <span class='ocrx_word' id='word_1_738' title='bbox 141 3695 222 3724; x_wconf 67' lang='lat' dir='ltr'>XVI.</span> 
     </span>
    </p>
   </div>
   <div class='ocr_carea' id='block_1_10' title="bbox 109 3687 1288 3771">
    <p class='ocr_par' dir='ltr' id='par_1_18' title="bbox 109 3687 1288 3771">
     <span class='ocr_line' id='line_1_95' title="bbox 109 3687 1288 3763; baseline 0.008 -43"><span class='ocrx_word' id='word_1_739' title='bbox 109 3737 126 3763; x_wconf 88' lang='lat'><strong>6</strong></span> <span class='ocrx_word' id='word_1_740' title='bbox 281 3687 308 3714; x_wconf 43' lang='grc' dir='ltr'>ἕ*</span> <span class='ocrx_word' id='word_1_741' title='bbox 337 3690 386 3722; x_wconf 81' lang='lat' dir='ltr'>De</span> <span class='ocrx_word' id='word_1_742' title='bbox 413 3688 581 3732; x_wconf 58' lang='lat' dir='ltr'>Conceffione</span> <span class='ocrx_word' id='word_1_743' title='bbox 603 3691 646 3725; x_wconf 84' lang='lat' dir='ltr'>ad</span> <span class='ocrx_word' id='word_1_744' title='bbox 661 3695 798 3734; x_wconf 84' lang='lat' dir='ltr'>Vitam,</span> <span class='ocrx_word' id='word_1_745' title='bbox 821 3703 875 3739; x_wconf 84' lang='lat' dir='ltr'>pro</span> <span class='ocrx_word' id='word_1_746' title='bbox 893 3690 1116 3740; x_wconf 74' lang='lat' dir='ltr'>Archiepiftopo</span> <span class='ocrx_word' id='word_1_747' title='bbox 1139 3694 1288 3740; x_wconf 76' lang='lat' dir='ltr'>Glaftow.</span> 
     </span>
     <span class='ocr_line' id='line_1_96' title="bbox 135 3745 176 3771; baseline 0.024 -8"><span class='ocrx_word' id='word_1_748' title='bbox 135 3745 176 3771; x_wconf 79' lang='lat'>¹4·</span> 
     </span>
    </p>
   </div>
   <div class='ocr_carea' id='block_1_11' title="bbox 111 3819 1317 3863">
    <p class='ocr_par' dir='ltr' id='par_1_19' title="bbox 111 3819 1317 3863">
     <span class='ocr_line' id='line_1_97' title="bbox 111 3819 1317 3863; baseline 0.008 -12"><span class='ocrx_word' id='word_1_749' title='bbox 111 3819 188 3851; x_wconf 74' lang='lat' dir='ltr'>Ann.</span> <span class='ocrx_word' id='word_1_750' title='bbox 202 3819 253 3850; x_wconf 89' lang='lat' dir='ltr'>D·.</span> <span class='ocrx_word' id='word_1_751' title='bbox 287 3829 413 3856; x_wconf 62' lang='lat' dir='ltr'>aium,</span> <span class='ocrx_word' id='word_1_752' title='bbox 432 3822 469 3860; x_wconf 89' lang='lat' dir='ltr'>by</span> <span class='ocrx_word' id='word_1_753' title='bbox 489 3822 537 3852; x_wconf 86' lang='lat' dir='ltr'>the</span> <span class='ocrx_word' id='word_1_754' title='bbox 559 3824 655 3856; x_wconf 83' lang='lat' dir='ltr'>Grace</span> <span class='ocrx_word' id='word_1_755' title='bbox 673 3827 710 3857; x_wconf 90' lang='lat' dir='ltr'>of</span> <span class='ocrx_word' id='word_1_756' title='bbox 726 3826 816 3863; x_wconf 91' lang='lat' dir='ltr'>God,</span> <span class='ocrx_word' id='word_1_757' title='bbox 835 3825 896 3861; x_wconf 58' lang='lat' dir='ltr'>&amp;a</span> <span class='ocrx_word' id='word_1_758' title='bbox 930 3825 982 3856; x_wconf 92' lang='lat' dir='ltr'>To</span> <span class='ocrx_word' id='word_1_759' title='bbox 1002 3826 1037 3856; x_wconf 90' lang='lat' dir='ltr'>all</span> <span class='ocrx_word' id='word_1_760' title='bbox 1059 3825 1134 3858; x_wconf 90' lang='lat' dir='ltr'>Men</span> <span class='ocrx_word' id='word_1_761' title='bbox 1147 3835 1180 3858; x_wconf 92' lang='lat' dir='ltr'>to</span> <span class='ocrx_word' id='word_1_762' title='bbox 1196 3829 1317 3860; x_wconf 86' lang='lat' dir='ltr'>whome</span> 
     </span>
    </p>
   </div>
   <div class='ocr_carea' id='block_1_12' title="bbox 103 3859 1317 4020">
    <p class='ocr_par' dir='ltr' id='par_1_20' title="bbox 103 3859 1317 4020">
     <span class='ocr_line' id='line_1_98' title="bbox 131 3859 941 3902; baseline 0.006 -13"><span class='ocrx_word' id='word_1_763' title='bbox 131 3860 215 3897; x_wconf 75' lang='lat'><em>1605.</em></span> <span class='ocrx_word' id='word_1_764' title='bbox 339 3859 422 3889; x_wconf 83' lang='lat' dir='ltr'>tlieise</span> <span class='ocrx_word' id='word_1_765' title='bbox 435 3860 558 3891; x_wconf 79' lang='lat' dir='ltr'>Presents</span> <span class='ocrx_word' id='word_1_766' title='bbox 573 3863 640 3894; x_wconf 79' lang='lat' dir='ltr'>shall</span> <span class='ocrx_word' id='word_1_767' title='bbox 654 3875 758 3902; x_wconf 81' lang='lat' dir='ltr'>come,</span> <span class='ocrx_word' id='word_1_768' title='bbox 773 3865 941 3901; x_wconf 72' lang='lat' dir='ltr'>Greetinge.</span> 
     </span>
     <span class='ocr_line' id='line_1_99' title="bbox 107 3896 1317 3943; baseline 0.007 -17"><span class='ocrx_word' id='word_1_769' title='bbox 107 3902 167 3926; x_wconf 73' lang='lat' dir='ltr'>Pae.</span> <span class='ocrx_word' id='word_1_770' title='bbox 190 3909 215 3935; x_wconf 84' lang='lat'>3.</span> <span class='ocrx_word' id='word_1_771' title='bbox 302 3896 420 3927; x_wconf 79' lang='lat' dir='ltr'>Knowe</span> <span class='ocrx_word' id='word_1_772' title='bbox 437 3908 488 3937; x_wconf 85' lang='lat' dir='ltr'>yee</span> <span class='ocrx_word' id='word_1_773' title='bbox 503 3899 561 3929; x_wconf 76' lang='lat' dir='ltr'>that</span> <span class='ocrx_word' id='word_1_774' title='bbox 573 3902 711 3941; x_wconf 79' lang='lat' dir='ltr'>Wee‚0f</span> <span class='ocrx_word' id='word_1_775' title='bbox 721 3913 774 3933; x_wconf 91' lang='lat' dir='ltr'>our</span> <span class='ocrx_word' id='word_1_776' title='bbox 789 3903 915 3940; x_wconf 88' lang='lat' dir='ltr'>especiall</span> <span class='ocrx_word' id='word_1_777' title='bbox 932 3902 1185 3943; x_wconf 83' lang='lat' dir='ltr'>Grace‚certayne</span> <span class='ocrx_word' id='word_1_778' title='bbox 1202 3903 1317 3935; x_wconf 89' lang='lat' dir='ltr'>Know—</span> 
     </span>
     <span class='ocr_line' id='line_1_100' title="bbox 109 3936 1317 3982; baseline 0.009 -20"><span class='ocrx_word' id='word_1_779' title='bbox 109 3937 172 3973; x_wconf 60' lang='grc' dir='ltr'>γη,</span> <span class='ocrx_word' id='word_1_780' title='bbox 204 3947 226 3966; x_wconf 85' lang='grc' dir='ltr'>ι.</span> <span class='ocrx_word' id='word_1_781' title='bbox 263 3936 342 3973; x_wconf 76' lang='lat' dir='ltr'>ledge</span> <span class='ocrx_word' id='word_1_782' title='bbox 359 3937 411 3964; x_wconf 76' lang='lat' dir='ltr'>and</span> <span class='ocrx_word' id='word_1_783' title='bbox 429 3946 519 3978; x_wconf 71' lang='lat' dir='ltr'>meere</span> <span class='ocrx_word' id='word_1_784' title='bbox 536 3937 651 3970; x_wconf 83' lang='lat' dir='ltr'>Motion</span> <span class='ocrx_word' id='word_1_785' title='bbox 690 3942 762 3971; x_wconf 84' lang='lat' dir='ltr'>have</span> <span class='ocrx_word' id='word_1_786' title='bbox 776 3942 859 3979; x_wconf 86' lang='lat' dir='ltr'>given</span> <span class='ocrx_word' id='word_1_787' title='bbox 874 3941 929 3971; x_wconf 87' lang='lat' dir='ltr'>and</span> <span class='ocrx_word' id='word_1_788' title='bbox 946 3943 1081 3979; x_wconf 70' lang='lat' dir='ltr'>granted,</span> <span class='ocrx_word' id='word_1_789' title='bbox 1099 3943 1164 3980; x_wconf 81' lang='lat' dir='ltr'>and,</span> <span class='ocrx_word' id='word_1_790' title='bbox 1177 3944 1213 3982; x_wconf 91' lang='lat' dir='ltr'>by</span> <span class='ocrx_word' id='word_1_791' title='bbox 1232 3943 1317 3973; x_wconf 88' lang='lat' dir='ltr'>theise</span> 
     </span>
     <span class='ocr_line' id='line_1_101' title="bbox 103 3963 1317 4020; baseline 0.009 -20"><span class='ocrx_word' id='word_1_792' title='bbox 103 3983 132 4010; x_wconf 80' lang='lat' dir='ltr'>p.</span> <span class='ocrx_word' id='word_1_793' title='bbox 149 3985 174 4009; x_wconf 90' lang='lat'>7.</span> <span class='ocrx_word' id='word_1_794' title='bbox 264 3974 418 4008; x_wconf 66' lang='lat' dir='ltr'>Preicnies„</span> <span class='ocrx_word' id='word_1_795' title='bbox 437 3978 481 4003; x_wconf 73' lang='lat' dir='ltr'>iot·</span> <span class='ocrx_word' id='word_1_796' title='bbox 505 3974 549 4004; x_wconf 87' lang='lat' dir='ltr'>Us</span> <span class='ocrx_word' id='word_1_797' title='bbox 569 3987 621 4006; x_wconf 92' lang='lat' dir='ltr'>our</span> <span class='ocrx_word' id='word_1_798' title='bbox 641 3963 743 4008; x_wconf 65' lang='lat' dir='ltr'>l-ieires</span> <span class='ocrx_word' id='word_1_799' title='bbox 765 3979 819 4008; x_wconf 89' lang='lat' dir='ltr'>and</span> <span class='ocrx_word' id='word_1_800' title='bbox 842 3979 1019 4017; x_wconf 77' lang='lat' dir='ltr'>Succeffors,</span> <span class='ocrx_word' id='word_1_801' title='bbox 1041 3980 1116 4010; x_wconf 80' lang='lat' dir='ltr'>VVee</span> <span class='ocrx_word' id='word_1_802' title='bbox 1129 3981 1167 4010; x_wconf 92' lang='lat' dir='ltr'>do</span> <span class='ocrx_word' id='word_1_803' title='bbox 1181 3983 1247 4020; x_wconf 88' lang='lat' dir='ltr'>give</span> <span class='ocrx_word' id='word_1_804' title='bbox 1263 3983 1317 4012; x_wconf 89' lang='lat' dir='ltr'>and</span> 
     </span>
    </p>
   </div>
   <div class='ocr_carea' id='block_1_13' title="bbox 106 4022 1312 4097">
    <p class='ocr_par' dir='ltr' id='par_1_21' title="bbox 106 4022 1312 4097">
     <span class='ocr_line' id='line_1_102' title="bbox 106 4022 1312 4097; baseline 0.002 -56"><span class='ocrx_word' id='word_1_805' title='bbox 106 4022 142 4041; x_wconf 71' lang='lat' dir='ltr'>m.</span> <span class='ocrx_word' id='word_1_806' title='bbox 162 4022 204 4049; x_wconf 81' lang='lat'>13-</span> <span class='ocrx_word' id='word_1_807' title='bbox 1224 4056 1312 4097; x_wconf 69' lang='lat' dir='ltr'>bilhap</span> 
     </span>
    </p>
   </div>
   <div class='ocr_carea' id='block_1_14' title="bbox 260 4015 1317 4057">
    <p class='ocr_par' dir='ltr' id='par_1_22' title="bbox 260 4015 1317 4057">
     <span class='ocr_line' id='line_1_103' title="bbox 260 4015 1317 4057; baseline 0.006 -15"><span class='ocrx_word' id='word_1_808' title='bbox 260 4020 377 4052; x_wconf 78' lang='lat' dir='ltr'>graunte</span> <span class='ocrx_word' id='word_1_809' title='bbox 390 4022 473 4050; x_wconf 74' lang='lat' dir='ltr'>unio,</span> <span class='ocrx_word' id='word_1_810' title='bbox 492 4023 544 4042; x_wconf 87' lang='lat' dir='ltr'>our</span> <span class='ocrx_word' id='word_1_811' title='bbox 560 4015 751 4048; x_wconf 85' lang='lat' dir='ltr'>Welbeloved</span> <span class='ocrx_word' id='word_1_812' title='bbox 767 4018 795 4047; x_wconf 87' lang='lat' dir='ltr'>in</span> <span class='ocrx_word' id='word_1_813' title='bbox 809 4016 917 4055; x_wconf 77' lang='lat' dir='ltr'>Christ,</span> <span class='ocrx_word' id='word_1_814' title='bbox 931 4017 1012 4056; x_wconf 83' lang='lat' dir='ltr'>John</span> <span class='ocrx_word' id='word_1_815' title='bbox 1026 4017 1208 4057; x_wconf 74' lang='lat' dir='ltr'>Spottiswood</span> <span class='ocrx_word' id='word_1_816' title='bbox 1220 4019 1317 4049; x_wconf 86' lang='lat' dir='ltr'>Arch-</span> 
     </span>
    </p>
   </div>
   <div class='ocr_carea' id='block_1_15' title="bbox 702 101 1927 155">
    <p class='ocr_par' dir='ltr' id='par_1_23' title="bbox 702 101 1927 155">
     <span class='ocr_line' id='line_1_104' title="bbox 702 101 1927 155; baseline -0.007 -4"><span class='ocrx_word' id='word_1_817' title='bbox 702 101 1927 155; x_wconf 36' lang='lat' dir='ltr'>C()Nx7EhJT1()N138,L117ERUAE,</span> 
     </span>
    </p>
   </div>
   <div class='ocr_carea' id='block_1_16' title="bbox 1344 182 2556 691">
    <p class='ocr_par' dir='ltr' id='par_1_24' title="bbox 1344 182 2556 691">
     <span class='ocr_line' id='line_1_105' title="bbox 1384 182 2554 225; baseline -0.002 -8"><span class='ocrx_word' id='word_1_818' title='bbox 1384 192 1429 220; x_wconf 79' lang='lat' dir='ltr'>De</span> <span class='ocrx_word' id='word_1_819' title='bbox 1441 188 1491 217; x_wconf 82' lang='lat' dir='ltr'>bon</span> <span class='ocrx_word' id='word_1_820' title='bbox 1509 187 1547 222; x_wconf 55' lang='grc' dir='ltr'>(ᾤ’</span> <span class='ocrx_word' id='word_1_821' title='bbox 1562 196 1675 218; x_wconf 83' lang='lat' dir='ltr'>courant</span> <span class='ocrx_word' id='word_1_822' title='bbox 1691 194 1789 225; x_wconf 74' lang='lat' dir='ltr'>argent</span> <span class='ocrx_word' id='word_1_823' title='bbox 1802 186 2000 224; x_wconf 78' lang='lat' dir='ltr'>d’AngIeterre</span> <span class='ocrx_word' id='word_1_824' title='bbox 2009 209 2020 225; x_wconf 84' lang='lat'>,</span> <span class='ocrx_word' id='word_1_825' title='bbox 2425 182 2503 215; x_wconf 75' lang='lat' dir='ltr'>Ann.</span> <span class='ocrx_word' id='word_1_826' title='bbox 2515 184 2554 220; x_wconf 79' lang='lat' dir='ltr'>D.</span> 
     </span>
     <span class='ocr_line' id='line_1_106' title="bbox 1388 221 2540 267; baseline -0.001 -10"><span class='ocrx_word' id='word_1_827' title='bbox 1388 230 1461 257; x_wconf 74' lang='lat' dir='ltr'>Pour</span> <span class='ocrx_word' id='word_1_828' title='bbox 1475 238 1525 266; x_wconf 81' lang='lat' dir='ltr'>que</span> <span class='ocrx_word' id='word_1_829' title='bbox 1539 226 1574 256; x_wconf 80' lang='lat' dir='ltr'>les</span> <span class='ocrx_word' id='word_1_830' title='bbox 1580 226 1760 267; x_wconf 64' lang='lat' dir='ltr'>fiii-nomme‘es</span> <span class='ocrx_word' id='word_1_831' title='bbox 1774 225 1912 264; x_wconf 71' lang='lat' dir='ltr'>perfhnnes</span> <span class='ocrx_word' id='word_1_832' title='bbox 1923 225 2041 264; x_wconf 74' lang='lat' dir='ltr'>purffent</span> <span class='ocrx_word' id='word_1_833' title='bbox 2060 227 2146 264; x_wconf 81' lang='lat' dir='ltr'>tenir,</span> <span class='ocrx_word' id='word_1_834' title='bbox 2153 227 2275 256; x_wconf 77' lang='lat' dir='ltr'>recevor&#39;r</span> <span class='ocrx_word' id='word_1_835' title='bbox 2289 221 2328 260; x_wconf 57' lang='grc' dir='ltr'><em>ὦ</em></span> <span class='ocrx_word' id='word_1_836' title='bbox 2336 224 2415 263; x_wconf 56' lang='lat' dir='ltr'>joui?</span> <span class='ocrx_word' id='word_1_837' title='bbox 2454 223 2540 264; x_wconf 78' lang='lat'>1605.</span> 
     </span>
     <span class='ocr_line' id='line_1_107' title="bbox 1350 260 2556 304; baseline -0.001 -9"><span class='ocrx_word' id='word_1_838' title='bbox 1350 266 1395 296; x_wconf 79' lang='lat' dir='ltr'>des</span> <span class='ocrx_word' id='word_1_839' title='bbox 1410 264 1529 303; x_wconf 66' lang='lat' dir='ltr'>diverses</span> <span class='ocrx_word' id='word_1_840' title='bbox 1543 273 1632 294; x_wconf 78' lang='lat' dir='ltr'>rentes</span> <span class='ocrx_word' id='word_1_841' title='bbox 1645 275 1677 294; x_wconf 88' lang='lat' dir='ltr'>ou</span> <span class='ocrx_word' id='word_1_842' title='bbox 1687 264 1811 303; x_wconf 78' lang='lat' dir='ltr'>penfiom</span> <span class='ocrx_word' id='word_1_843' title='bbox 1826 266 1963 304; x_wconf 78' lang='lat' dir='ltr'>marque&#39;es</span> <span class='ocrx_word' id='word_1_844' title='bbox 1980 264 2102 304; x_wconf 77' lang='lat' dir='ltr'>ci—deffies</span> <span class='ocrx_word' id='word_1_845' title='bbox 2117 288 2127 303; x_wconf 77' lang='lat'>‚</span> <span class='ocrx_word' id='word_1_846' title='bbox 2144 274 2240 294; x_wconf 83' lang='lat' dir='ltr'>comme</span> <span class='ocrx_word' id='word_1_847' title='bbox 2264 263 2328 294; x_wconf 83' lang='lat' dir='ltr'>elle5</span> <span class='ocrx_word' id='word_1_848' title='bbox 2342 262 2411 303; x_wconf 68' lang='lat' dir='ltr'>fiat</span> <span class='ocrx_word' id='word_1_849' title='bbox 2428 270 2442 299; x_wconf 85' lang='lat'><em>3</em></span> <span class='ocrx_word' id='word_1_850' title='bbox 2452 260 2518 300; x_wconf 74' lang='lat' dir='ltr'>Jae.</span> <span class='ocrx_word' id='word_1_851' title='bbox 2530 273 2556 294; x_wconf 71' lang='grc' dir='ltr'>ι.</span> 
     </span>
     <span class='ocr_line' id='line_1_108' title="bbox 1344 299 2414 344; baseline 0 -12"><span class='ocrx_word' id='word_1_852' title='bbox 1344 303 1480 344; x_wconf 70' lang='lat' dir='ltr'>spe‘cifie‘es</span> <span class='ocrx_word' id='word_1_853' title='bbox 1494 299 1532 336; x_wconf 64' lang='grc' dir='ltr'>ὠ·</span> <span class='ocrx_word' id='word_1_854' title='bbox 1546 302 1678 340; x_wconf 61' lang='lat' dir='ltr'>limitem,</span> <span class='ocrx_word' id='word_1_855' title='bbox 1699 303 1716 330; x_wconf 72' lang='grc' dir='ltr'><em>ὰ</em></span> <span class='ocrx_word' id='word_1_856' title='bbox 1732 301 1850 342; x_wconf 63' lang='lat' dir='ltr'>chacune</span> <span class='ocrx_word' id='word_1_857' title='bbox 1865 302 1885 331; x_wconf 88' lang='lat' dir='ltr'>d</span> <span class='ocrx_word' id='word_1_858' title='bbox 1890 302 1978 340; x_wconf 52' lang='grc' dir='ltr'>Ἠὼς,</span> <span class='ocrx_word' id='word_1_859' title='bbox 1993 303 2082 340; x_wconf 72' lang='lat' dir='ltr'>depuzs</span> <span class='ocrx_word' id='word_1_860' title='bbox 2098 301 2199 342; x_wconf 56' lang='lat' dir='ltr'>lafsste</span> <span class='ocrx_word' id='word_1_861' title='bbox 2217 303 2251 333; x_wconf 86' lang='lat' dir='ltr'>de</span> <span class='ocrx_word' id='word_1_862' title='bbox 2273 302 2302 332; x_wconf 86' lang='lat' dir='ltr'>la</span> <span class='ocrx_word' id='word_1_863' title='bbox 2322 304 2414 332; x_wconf 81' lang='lat' dir='ltr'>Nati-</span> 
     </span>
     <span class='ocr_line' id='line_1_109' title="bbox 1351 340 2417 383; baseline -0.001 -12"><span class='ocrx_word' id='word_1_864' title='bbox 1351 344 1419 371; x_wconf 61' lang='lat' dir='ltr'>‘vite‘</span> <span class='ocrx_word' id='word_1_865' title='bbox 1428 341 1460 370; x_wconf 83' lang='lat' dir='ltr'>de</span> <span class='ocrx_word' id='word_1_866' title='bbox 1477 349 1558 370; x_wconf 79' lang='lat' dir='ltr'>notre</span> <span class='ocrx_word' id='word_1_867' title='bbox 1573 340 1809 383; x_wconf 61' lang='lat' dir='ltr'>seigneurpaffcfe,</span> <span class='ocrx_word' id='word_1_868' title='bbox 1820 349 1916 370; x_wconf 77' lang='lat' dir='ltr'>avant</span> <span class='ocrx_word' id='word_1_869' title='bbox 1932 341 1961 370; x_wconf 84' lang='lat' dir='ltr'>la</span> <span class='ocrx_word' id='word_1_870' title='bbox 1984 341 2049 370; x_wconf 84' lang='lat' dir='ltr'>date</span> <span class='ocrx_word' id='word_1_871' title='bbox 2065 341 2097 371; x_wconf 82' lang='lat' dir='ltr'>de</span> <span class='ocrx_word' id='word_1_872' title='bbox 2114 341 2232 378; x_wconf 78' lang='lat' dir='ltr'>celle-ci,</span> <span class='ocrx_word' id='word_1_873' title='bbox 2250 340 2311 383; x_wconf 83' lang='lat' dir='ltr'>afin</span> <span class='ocrx_word' id='word_1_874' title='bbox 2351 340 2417 371; x_wconf 82' lang='lat' dir='ltr'>u’el-</span> 
     </span>
     <span class='ocr_line' id='line_1_110' title="bbox 1353 377 2415 448; baseline 0.002 -40"><span class='ocrx_word' id='word_1_875' title='bbox 1353 380 1389 409; x_wconf 86' lang='lat' dir='ltr'>les</span> <span class='ocrx_word' id='word_1_876' title='bbox 1408 379 1464 408; x_wconf 76' lang='lat' dir='ltr'>leur</span> <span class='ocrx_word' id='word_1_877' title='bbox 1474 379 1566 418; x_wconf 79' lang='lat' dir='ltr'>Jin&#39;ent</span> <span class='ocrx_word' id='word_1_878' title='bbox 1573 380 1669 419; x_wconf 69' lang='lat' dir='ltr'>paye&#39;es</span> <span class='ocrx_word' id='word_1_879' title='bbox 1685 385 1723 413; x_wconf 59' lang='grc' dir='ltr'>ξφ</span> <span class='ocrx_word' id='word_1_880' title='bbox 1740 381 1758 407; x_wconf 71' lang='lat' dir='ltr'>d</span> <span class='ocrx_word' id='word_1_881' title='bbox 1775 377 1893 409; x_wconf 85' lang='lat' dir='ltr'>chacune</span> <span class='ocrx_word' id='word_1_882' title='bbox 1907 380 1927 408; x_wconf 87' lang='lat' dir='ltr'>d</span> <span class='ocrx_word' id='word_1_883' title='bbox 1933 379 2003 409; x_wconf 82' lang='lat' dir='ltr'>’elles</span> <span class='ocrx_word' id='word_1_884' title='bbox 2019 380 2051 409; x_wconf 88' lang='lat' dir='ltr'>de</span> <span class='ocrx_word' id='word_1_885' title='bbox 2066 387 2144 410; x_wconf 87' lang='lat' dir='ltr'>notre</span> <span class='ocrx_word' id='word_1_886' title='bbox 2157 380 2303 448; x_wconf 50' lang='lat' dir='ltr'>Trffrflm</span> <span class='ocrx_word' id='word_1_887' title='bbox 2365 389 2415 410; x_wconf 75' lang='lat' dir='ltr'>noe</span> 
     </span>
     <span class='ocr_line' id='line_1_111' title="bbox 1351 416 2416 456; baseline 0.001 -9"><span class='ocrx_word' id='word_1_888' title='bbox 1351 419 1489 448; x_wconf 58' lang='lat' dir='ltr'>Hbritiers</span> <span class='ocrx_word' id='word_1_889' title='bbox 1503 417 1541 452; x_wconf 58' lang='grc' dir='ltr'>όν</span> <span class='ocrx_word' id='word_1_890' title='bbox 1550 416 1719 456; x_wconf 78' lang='lat' dir='ltr'>Succeffiurs‚</span> <span class='ocrx_word' id='word_1_891' title='bbox 1727 416 1759 446; x_wconf 87' lang='lat' dir='ltr'>de</span> <span class='ocrx_word' id='word_1_892' title='bbox 1773 423 1841 446; x_wconf 81' lang='lat' dir='ltr'>tems</span> <span class='ocrx_word' id='word_1_893' title='bbox 1849 428 1884 447; x_wconf 83' lang='lat' dir='ltr'>en</span> <span class='ocrx_word' id='word_1_894' title='bbox 1900 425 1982 455; x_wconf 82' lang='lat' dir='ltr'>tems,</span> <span class='ocrx_word' id='word_1_895' title='bbox 1993 416 2012 446; x_wconf 74' lang='grc' dir='ltr'>ἃ</span> <span class='ocrx_word' id='word_1_896' title='bbox 2028 417 2057 447; x_wconf 88' lang='lat' dir='ltr'>Ia</span> <span class='ocrx_word' id='word_1_897' title='bbox 2064 421 2173 450; x_wconf 81' lang='lat' dir='ltr'>Recette</span> <span class='ocrx_word' id='word_1_898' title='bbox 2234 425 2314 449; x_wconf 83' lang='lat' dir='ltr'>notre</span> <span class='ocrx_word' id='word_1_899' title='bbox 2328 417 2416 448; x_wconf 77' lang='lat' dir='ltr'>Echi-</span> 
     </span>
     <span class='ocr_line' id='line_1_112' title="bbox 1351 454 2416 496; baseline 0.004 -12"><span class='ocrx_word' id='word_1_900' title='bbox 1351 459 1427 495; x_wconf 85' lang='lat' dir='ltr'>quier</span> <span class='ocrx_word' id='word_1_901' title='bbox 1441 455 1459 485; x_wconf 71' lang='grc' dir='ltr'><em>ἃ</em></span> <span class='ocrx_word' id='word_1_902' title='bbox 1474 455 1670 496; x_wconf 67' lang='lat' dir='ltr'>Wstminster‚</span> <span class='ocrx_word' id='word_1_903' title='bbox 1684 464 1738 494; x_wconf 89' lang='lat' dir='ltr'>par</span> <span class='ocrx_word' id='word_1_904' title='bbox 1755 454 1793 485; x_wconf 81' lang='lat' dir='ltr'>les</span> <span class='ocrx_word' id='word_1_905' title='bbox 1807 458 1895 485; x_wconf 81' lang='lat' dir='ltr'>mains</span> <span class='ocrx_word' id='word_1_906' title='bbox 1910 456 1945 485; x_wconf 81' lang='lat' dir='ltr'>du</span> <span class='ocrx_word' id='word_1_907' title='bbox 1960 455 2093 495; x_wconf 66' lang='lat' dir='ltr'>Tresserier</span> <span class='ocrx_word' id='word_1_908' title='bbox 2109 456 2147 492; x_wconf 64' lang='grc' dir='ltr'>ὠ·</span> <span class='ocrx_word' id='word_1_909' title='bbox 2162 457 2208 487; x_wconf 83' lang='lat' dir='ltr'>dei·</span> <span class='ocrx_word' id='word_1_910' title='bbox 2220 456 2416 488; x_wconf 82' lang='lat' dir='ltr'>chambellam·</span> 
     </span>
     <span class='ocr_line' id='line_1_113' title="bbox 1349 491 2414 541; baseline 0.003 -19"><span class='ocrx_word' id='word_1_911' title='bbox 1349 497 1396 534; x_wconf 86' lang='lat' dir='ltr'>qui</span> <span class='ocrx_word' id='word_1_912' title='bbox 1408 504 1429 532; x_wconf 86' lang='lat' dir='ltr'>y</span> <span class='ocrx_word' id='word_1_913' title='bbox 1433 495 1523 541; x_wconf 68' lang='lat' dir='ltr'>fiant,</span> <span class='ocrx_word' id='word_1_914' title='bbox 1536 493 1634 535; x_wconf 75' lang='lat' dir='ltr'>fhvin&#39;r</span> <span class='ocrx_word' id='word_1_915' title='bbox 1649 504 1707 523; x_wconf 82' lang='lat' dir='ltr'>aux</span> <span class='ocrx_word' id='word_1_916' title='bbox 1716 501 1820 534; x_wconf 77' lang='lat' dir='ltr'>&#39;quatre</span> <span class='ocrx_word' id='word_1_917' title='bbox 1830 491 1909 532; x_wconf 58' lang='lat' dir='ltr'>fftes</span> <span class='ocrx_word' id='word_1_918' title='bbox 1924 504 1957 523; x_wconf 80' lang='lat' dir='ltr'>ou</span> <span class='ocrx_word' id='word_1_919' title='bbox 1972 499 2071 524; x_wconf 82' lang='lat' dir='ltr'>termes</span> <span class='ocrx_word' id='word_1_920' title='bbox 2084 496 2234 525; x_wconf 66' lang='lat' dir='ltr'>ordinaire:</span> <span class='ocrx_word' id='word_1_921' title='bbox 2246 495 2278 526; x_wconf 83' lang='lat' dir='ltr'>de</span> <span class='ocrx_word' id='word_1_922' title='bbox 2292 494 2414 536; x_wconf 65' lang='lat' dir='ltr'>l’annle,</span> 
     </span>
     <span class='ocr_line' id='line_1_114' title="bbox 1349 531 2412 601; baseline 0.005 -39"><span class='ocrx_word' id='word_1_923' title='bbox 1349 531 1534 601; x_wconf 41' lang='lat' dir='ltr'>{eli-adire,</span> <span class='ocrx_word' id='word_1_924' title='bbox 1550 531 1693 573; x_wconf 69' lang='lat' dir='ltr'>auxfetes</span> <span class='ocrx_word' id='word_1_925' title='bbox 1707 536 1739 561; x_wconf 86' lang='lat' dir='ltr'>de</span> <span class='ocrx_word' id='word_1_926' title='bbox 1751 532 1986 563; x_wconf 88' lang='lat' dir='ltr'>l’Annonciation</span> <span class='ocrx_word' id='word_1_927' title='bbox 1996 531 2032 562; x_wconf 88' lang='lat' dir='ltr'>de</span> <span class='ocrx_word' id='word_1_928' title='bbox 2045 533 2070 564; x_wconf 85' lang='lat' dir='ltr'>la</span> <span class='ocrx_word' id='word_1_929' title='bbox 2084 532 2412 574; x_wconf 86' lang='lat' dir='ltr'>bien-heureuseVierge</span> 
     </span>
     <span class='ocr_line' id='line_1_115' title="bbox 1392 569 2415 609; baseline 0.003 -8"><span class='ocrx_word' id='word_1_930' title='bbox 1392 572 1467 609; x_wconf 80' lang='lat' dir='ltr'>arie,</span> <span class='ocrx_word' id='word_1_931' title='bbox 1485 572 1500 601; x_wconf 76' lang='lat' dir='ltr'>{i</span> <span class='ocrx_word' id='word_1_932' title='bbox 1514 572 1538 602; x_wconf 90' lang='lat' dir='ltr'>la</span> <span class='ocrx_word' id='word_1_933' title='bbox 1556 572 1714 603; x_wconf 84' lang='lat' dir='ltr'>Naiflance</span> <span class='ocrx_word' id='word_1_934' title='bbox 1730 571 1765 602; x_wconf 90' lang='lat' dir='ltr'>de</span> <span class='ocrx_word' id='word_1_935' title='bbox 1779 571 1821 602; x_wconf 87' lang='lat' dir='ltr'>St.</span> <span class='ocrx_word' id='word_1_936' title='bbox 1831 570 1902 609; x_wconf 90' lang='lat' dir='ltr'>Jeari</span> <span class='ocrx_word' id='word_1_937' title='bbox 1918 569 2055 608; x_wconf 82' lang='lat' dir='ltr'>Baptiste‚</span> <span class='ocrx_word' id='word_1_938' title='bbox 2077 569 2097 601; x_wconf 67' lang='grc' dir='ltr'><em>ἃ</em></span> <span class='ocrx_word' id='word_1_939' title='bbox 2112 571 2136 602; x_wconf 90' lang='lat' dir='ltr'>la</span> <span class='ocrx_word' id='word_1_940' title='bbox 2149 572 2191 603; x_wconf 87' lang='lat' dir='ltr'>St.</span> <span class='ocrx_word' id='word_1_941' title='bbox 2210 571 2326 604; x_wconf 84' lang='lat' dir='ltr'>Michel</span> <span class='ocrx_word' id='word_1_942' title='bbox 2338 574 2415 606; x_wconf 84' lang='lat' dir='ltr'>l’Ar-</span> 
     </span>
     <span class='ocr_line' id='line_1_116' title="bbox 1350 606 2416 652; baseline 0.002 -12"><span class='ocrx_word' id='word_1_943' title='bbox 1350 609 1462 648; x_wconf 83' lang='lat' dir='ltr'>change</span> <span class='ocrx_word' id='word_1_944' title='bbox 1477 606 1515 644; x_wconf 81' lang='lat'><em>&amp;</em></span> <span class='ocrx_word' id='word_1_945' title='bbox 1529 610 1548 641; x_wconf 72' lang='grc' dir='ltr'><em>ὰ</em></span> <span class='ocrx_word' id='word_1_946' title='bbox 1563 611 1587 640; x_wconf 89' lang='lat' dir='ltr'>la</span> <span class='ocrx_word' id='word_1_947' title='bbox 1599 609 1734 642; x_wconf 78' lang='lat' dir='ltr'>Nativite</span> <span class='ocrx_word' id='word_1_948' title='bbox 1750 609 1787 640; x_wconf 90' lang='lat' dir='ltr'>de</span> <span class='ocrx_word' id='word_1_949' title='bbox 1801 617 1885 642; x_wconf 87' lang='lat' dir='ltr'>notre</span> <span class='ocrx_word' id='word_1_950' title='bbox 1905 609 2065 648; x_wconf 84' lang='lat' dir='ltr'>Seigneur,</span> <span class='ocrx_word' id='word_1_951' title='bbox 2080 607 2100 640; x_wconf 73' lang='grc' dir='ltr'>ἃ</span> <span class='ocrx_word' id='word_1_952' title='bbox 2115 616 2200 650; x_wconf 78' lang='lat' dir='ltr'>payer</span> <span class='ocrx_word' id='word_1_953' title='bbox 2217 619 2274 651; x_wconf 81' lang='lat' dir='ltr'>par</span> <span class='ocrx_word' id='word_1_954' title='bbox 2287 615 2416 652; x_wconf 78' lang='lat' dir='ltr'>portiom·</span> 
     </span>
     <span class='ocr_line' id='line_1_117' title="bbox 1348 647 1726 691; baseline 0 -14"><span class='ocrx_word' id='word_1_955' title='bbox 1348 647 1435 686; x_wconf 64' lang='lat' dir='ltr'>egales</span> <span class='ocrx_word' id='word_1_956' title='bbox 1446 647 1465 678; x_wconf 71' lang='grc' dir='ltr'><em>ἃ</em></span> <span class='ocrx_word' id='word_1_957' title='bbox 1477 647 1579 691; x_wconf 78' lang='lat' dir='ltr'>chaque</span> <span class='ocrx_word' id='word_1_958' title='bbox 1594 651 1726 691; x_wconf 82' lang='lat' dir='ltr'>quartier.</span> 
     </span>
    </p>
   </div>
   <div class='ocr_carea' id='block_1_17' title="bbox 1351 762 2418 998">
    <p class='ocr_par' dir='ltr' id='par_1_25' title="bbox 1351 762 2418 998">
     <span class='ocr_line' id='line_1_118' title="bbox 1386 762 2415 806; baseline 0.003 -13"><span class='ocrx_word' id='word_1_959' title='bbox 1386 765 1503 795; x_wconf 83' lang='lat' dir='ltr'>Pourvu</span> <span class='ocrx_word' id='word_1_960' title='bbox 1515 775 1567 806; x_wconf 80' lang='lat' dir='ltr'>que</span> <span class='ocrx_word' id='word_1_961' title='bbox 1586 762 1692 804; x_wconf 60' lang='lat' dir='ltr'>lorsque</span> <span class='ocrx_word' id='word_1_962' title='bbox 1711 762 1871 806; x_wconf 83' lang='lat' dir='ltr'>quelqu’une</span> <span class='ocrx_word' id='word_1_963' title='bbox 1889 763 1935 793; x_wconf 85' lang='lat' dir='ltr'>des</span> <span class='ocrx_word' id='word_1_964' title='bbox 1943 763 1980 804; x_wconf 72' lang='lat' dir='ltr'>fi‘</span> <span class='ocrx_word' id='word_1_965' title='bbox 1995 763 2065 794; x_wconf 84' lang='lat' dir='ltr'>dites</span> <span class='ocrx_word' id='word_1_966' title='bbox 2082 762 2232 803; x_wconf 72' lang='lat' dir='ltr'>perffinnes</span> <span class='ocrx_word' id='word_1_967' title='bbox 2252 764 2376 795; x_wconf 80' lang='lat' dir='ltr'>viendra</span> <span class='ocrx_word' id='word_1_968' title='bbox 2394 765 2415 796; x_wconf 63' lang='lat' dir='ltr'>a*</span> 
     </span>
     <span class='ocr_line' id='line_1_119' title="bbox 1351 799 2414 844; baseline 0.002 -12"><span class='ocrx_word' id='word_1_969' title='bbox 1351 806 1454 832; x_wconf 83' lang='lat' dir='ltr'>mourir</span> <span class='ocrx_word' id='word_1_970' title='bbox 1497 802 1527 832; x_wconf 90' lang='lat' dir='ltr'>la</span> <span class='ocrx_word' id='word_1_971' title='bbox 1542 811 1622 833; x_wconf 83' lang='lat' dir='ltr'>rente</span> <span class='ocrx_word' id='word_1_972' title='bbox 1644 802 1771 833; x_wconf 85' lang='lat' dir='ltr'>annuelle</span> <span class='ocrx_word' id='word_1_973' title='bbox 1783 802 1817 831; x_wconf 83' lang='lat' dir='ltr'>de</span> <span class='ocrx_word' id='word_1_974' title='bbox 1830 807 1900 832; x_wconf 81' lang='lat' dir='ltr'>cette</span> <span class='ocrx_word' id='word_1_975' title='bbox 1908 809 1960 841; x_wconf 85' lang='lat' dir='ltr'>per</span> <span class='ocrx_word' id='word_1_976' title='bbox 1974 813 2043 832; x_wconf 89' lang='lat' dir='ltr'>onne</span> <span class='ocrx_word' id='word_1_977' title='bbox 2056 802 2171 842; x_wconf 72' lang='lat' dir='ltr'>ceffiru,</span> <span class='ocrx_word' id='word_1_978' title='bbox 2188 799 2228 836; x_wconf 61' lang='grc' dir='ltr'>όν</span> <span class='ocrx_word' id='word_1_979' title='bbox 2242 812 2311 833; x_wconf 71' lang='lat' dir='ltr'>nom·</span> <span class='ocrx_word' id='word_1_980' title='bbox 2324 814 2359 834; x_wconf 86' lang='lat' dir='ltr'>ne</span> <span class='ocrx_word' id='word_1_981' title='bbox 2364 803 2414 844; x_wconf 67' lang='lat' dir='ltr'>J?—</span> 
     </span>
     <span class='ocr_line' id='line_1_120' title="bbox 1351 839 2418 882; baseline 0.002 -11"><span class='ocrx_word' id='word_1_982' title='bbox 1351 851 1416 871; x_wconf 82' lang='lat' dir='ltr'>rons</span> <span class='ocrx_word' id='word_1_983' title='bbox 1426 850 1446 881; x_wconf 83' lang='lat' dir='ltr'>p</span> <span class='ocrx_word' id='word_1_984' title='bbox 1475 853 1488 871; x_wconf 88' lang='lat' dir='ltr'>s</span> <span class='ocrx_word' id='word_1_985' title='bbox 1501 841 1609 879; x_wconf 66' lang='lat' dir='ltr'>chargei-</span> <span class='ocrx_word' id='word_1_986' title='bbox 1623 841 1656 871; x_wconf 87' lang='lat' dir='ltr'>de</span> <span class='ocrx_word' id='word_1_987' title='bbox 1669 841 1698 871; x_wconf 89' lang='lat' dir='ltr'>la</span> <span class='ocrx_word' id='word_1_988' title='bbox 1705 848 1810 881; x_wconf 74' lang='lat' dir='ltr'>payer3</span> <span class='ocrx_word' id='word_1_989' title='bbox 1829 839 1868 876; x_wconf 84' lang='lat'><em>&amp;</em></span> <span class='ocrx_word' id='word_1_990' title='bbox 1883 852 1918 871; x_wconf 81' lang='lat' dir='ltr'>en</span> <span class='ocrx_word' id='word_1_991' title='bbox 1925 852 1970 871; x_wconf 84' lang='lat' dir='ltr'>cas</span> <span class='ocrx_word' id='word_1_992' title='bbox 1983 840 2134 882; x_wconf 86' lang='lat' dir='ltr'>qu’aucune</span> <span class='ocrx_word' id='word_1_993' title='bbox 2144 841 2190 871; x_wconf 80' lang='lat' dir='ltr'>des</span> <span class='ocrx_word' id='word_1_994' title='bbox 2191 840 2308 882; x_wconf 73' lang='lat' dir='ltr'>fiasdites</span> <span class='ocrx_word' id='word_1_995' title='bbox 2312 846 2418 881; x_wconf 70' lang='lat' dir='ltr'>parties</span> 
     </span>
     <span class='ocr_line' id='line_1_121' title="bbox 1352 878 2416 922; baseline 0.003 -13"><span class='ocrx_word' id='word_1_996' title='bbox 1352 883 1454 910; x_wconf 84' lang='lat' dir='ltr'>vienne</span> <span class='ocrx_word' id='word_1_997' title='bbox 1468 880 1486 909; x_wconf 70' lang='grc' dir='ltr'><em>ἃ</em></span> <span class='ocrx_word' id='word_1_998' title='bbox 1501 881 1612 911; x_wconf 84' lang='lat' dir='ltr'>vendre</span> <span class='ocrx_word' id='word_1_999' title='bbox 1624 891 1657 910; x_wconf 87' lang='lat' dir='ltr'>ou</span> <span class='ocrx_word' id='word_1_1000' title='bbox 1669 879 1687 910; x_wconf 71' lang='grc' dir='ltr'><em>ἃ</em></span> <span class='ocrx_word' id='word_1_1001' title='bbox 1704 878 1877 919; x_wconf 77' lang='lat' dir='ltr'>transporter</span> <span class='ocrx_word' id='word_1_1002' title='bbox 1892 878 1930 918; x_wconf 70' lang='grc' dir='ltr'>[ἃ</span> <span class='ocrx_word' id='word_1_1003' title='bbox 1953 887 2034 911; x_wconf 85' lang='lat' dir='ltr'>rente</span> <span class='ocrx_word' id='word_1_1004' title='bbox 2055 879 2074 910; x_wconf 76' lang='grc' dir='ltr'><em>ὰ</em></span> <span class='ocrx_word' id='word_1_1005' title='bbox 2095 879 2160 922; x_wconf 81' lang='lat' dir='ltr'>quel</span> <span class='ocrx_word' id='word_1_1006' title='bbox 2174 892 2206 910; x_wconf 81' lang='lat' dir='ltr'>ue</span> <span class='ocrx_word' id='word_1_1007' title='bbox 2227 883 2281 911; x_wconf 83' lang='lat' dir='ltr'>Per</span> <span class='ocrx_word' id='word_1_1008' title='bbox 2294 891 2366 912; x_wconf 84' lang='lat' dir='ltr'>onne</span> <span class='ocrx_word' id='word_1_1009' title='bbox 2381 892 2416 912; x_wconf 72' lang='lat' dir='ltr'>ou</span> 
     </span>
     <span class='ocr_line' id='line_1_122' title="bbox 1351 917 2415 959; baseline 0.003 -11"><span class='ocrx_word' id='word_1_1010' title='bbox 1351 918 1518 958; x_wconf 75' lang='lat' dir='ltr'>Persbnncs,</span> <span class='ocrx_word' id='word_1_1011' title='bbox 1537 926 1633 950; x_wconf 79' lang='lat' dir='ltr'>avant</span> <span class='ocrx_word' id='word_1_1012' title='bbox 1650 920 1670 949; x_wconf 86' lang='lat' dir='ltr'>d</span> <span class='ocrx_word' id='word_1_1013' title='bbox 1676 920 1717 949; x_wconf 86' lang='lat' dir='ltr'>&#39;en</span> <span class='ocrx_word' id='word_1_1014' title='bbox 1731 921 1814 948; x_wconf 85' lang='lat' dir='ltr'>avoir</span> <span class='ocrx_word' id='word_1_1015' title='bbox 1830 917 1928 948; x_wconf 82' lang='lat' dir='ltr'>obtenu</span> <span class='ocrx_word' id='word_1_1016' title='bbox 1950 926 2032 950; x_wconf 86' lang='lat' dir='ltr'>notre</span> <span class='ocrx_word' id='word_1_1017' title='bbox 2055 922 2140 958; x_wconf 79' lang='lat' dir='ltr'>permr&#39;</span> <span class='ocrx_word' id='word_1_1018' title='bbox 2159 929 2204 951; x_wconf 82' lang='lat' dir='ltr'>um</span> <span class='ocrx_word' id='word_1_1019' title='bbox 2218 942 2228 959; x_wconf 90' lang='lat'><strong>,</strong></span> <span class='ocrx_word' id='word_1_1020' title='bbox 2245 919 2273 950; x_wconf 83' lang='lat' dir='ltr'>el</span> <span class='ocrx_word' id='word_1_1021' title='bbox 2283 929 2296 949; x_wconf 80' lang='lat' dir='ltr'>e</span> <span class='ocrx_word' id='word_1_1022' title='bbox 2317 919 2415 959; x_wconf 79' lang='lat' dir='ltr'>ceffera</span> 
     </span>
     <span class='ocr_line' id='line_1_123' title="bbox 1351 955 1924 998; baseline 0.002 -11"><span class='ocrx_word' id='word_1_1023' title='bbox 1351 957 1470 988; x_wconf 82' lang='lat' dir='ltr'>d&#39;abord</span> <span class='ocrx_word' id='word_1_1024' title='bbox 1484 955 1522 992; x_wconf 83' lang='lat'><em>&amp;</em></span> <span class='ocrx_word' id='word_1_1025' title='bbox 1537 969 1572 988; x_wconf 83' lang='lat' dir='ltr'>ne</span> <span class='ocrx_word' id='word_1_1026' title='bbox 1579 957 1646 998; x_wconf 73' lang='lat' dir='ltr'>sera</span> <span class='ocrx_word' id='word_1_1027' title='bbox 1671 957 1800 988; x_wconf 63' lang='lat' dir='ltr'>daucum</span> <span class='ocrx_word' id='word_1_1028' title='bbox 1815 955 1924 988; x_wconf 77' lang='lat' dir='ltr'>valeur.</span> 
     </span>
    </p>
   </div>
   <div class='ocr_carea' id='block_1_18' title="bbox 1382 1033 1887 1114">
    <p class='ocr_par' dir='ltr' id='par_1_26' title="bbox 1382 1033 1887 1114">
     <span class='ocr_line' id='line_1_124' title="bbox 1382 1033 1887 1074; baseline 0.004 -12"><span class='ocrx_word' id='word_1_1029' title='bbox 1382 1033 1511 1073; x_wconf 56' lang='lat' dir='ltr'>¹Quinque</span> <span class='ocrx_word' id='word_1_1030' title='bbox 1528 1038 1650 1065; x_wconf 80' lang='lat' dir='ltr'>mention</span> <span class='ocrx_word' id='word_1_1031' title='bbox 1672 1033 1798 1074; x_wconf 79' lang='lat' dir='ltr'>expreffi‚</span> <span class='ocrx_word' id='word_1_1032' title='bbox 1824 1034 1887 1065; x_wconf 81' lang='lat' dir='ltr'>&amp;c-</span> 
     </span>
     <span class='ocr_line' id='line_1_125' title="bbox 1389 1073 1714 1114; baseline 0.003 -13"><span class='ocrx_word' id='word_1_1033' title='bbox 1389 1075 1438 1101; x_wconf 82' lang='lat' dir='ltr'>En</span> <span class='ocrx_word' id='word_1_1034' title='bbox 1447 1073 1495 1111; x_wconf 79' lang='lat' dir='ltr'>foi</span> <span class='ocrx_word' id='word_1_1035' title='bbox 1511 1073 1544 1103; x_wconf 86' lang='lat' dir='ltr'>de</span> <span class='ocrx_word' id='word_1_1036' title='bbox 1557 1077 1635 1114; x_wconf 74' lang='lat' dir='ltr'>quoi,</span> <span class='ocrx_word' id='word_1_1037' title='bbox 1652 1073 1714 1104; x_wconf 86' lang='lat' dir='ltr'>&amp;c.</span> 
     </span>
    </p>
   </div>
   <div class='ocr_carea' id='block_1_19' title="bbox 1354 1146 2417 1266">
    <p class='ocr_par' dir='ltr' id='par_1_27' title="bbox 1354 1146 2417 1266">
     <span class='ocr_line' id='line_1_126' title="bbox 1389 1146 2417 1191; baseline 0.002 -13"><span class='ocrx_word' id='word_1_1038' title='bbox 1389 1150 1513 1179; x_wconf 84' lang='lat' dir='ltr'>Te&#39;moim</span> <span class='ocrx_word' id='word_1_1039' title='bbox 1530 1148 1710 1179; x_wconf 63' lang='lat' dir='ltr'>nous-memes</span> <span class='ocrx_word' id='word_1_1040' title='bbox 1723 1149 1742 1179; x_wconf 71' lang='grc' dir='ltr'><em>ἃ</em></span> <span class='ocrx_word' id='word_1_1041' title='bbox 1763 1147 1970 1181; x_wconf 81' lang='lat' dir='ltr'>westminster</span> <span class='ocrx_word' id='word_1_1042' title='bbox 1983 1171 1995 1188; x_wconf 87' lang='lat'>,</span> <span class='ocrx_word' id='word_1_1043' title='bbox 2022 1146 2047 1180; x_wconf 75' lang='lat' dir='ltr'>le</span> <span class='ocrx_word' id='word_1_1044' title='bbox 2067 1152 2150 1188; x_wconf 69' lang='lat' dir='ltr'>vingt</span> <span class='ocrx_word' id='word_1_1045' title='bbox 2169 1148 2208 1185; x_wconf 82' lang='lat'><em>&amp;</em></span> <span class='ocrx_word' id='word_1_1046' title='bbox 2231 1150 2361 1191; x_wconf 68' lang='lat' dir='ltr'>troisteme</span> <span class='ocrx_word' id='word_1_1047' title='bbox 2382 1149 2417 1180; x_wconf 82' lang='lat' dir='ltr'>de</span> 
     </span>
     <span class='ocr_line' id='line_1_127' title="bbox 1354 1190 2289 1266; baseline 0.003 -10"><span class='ocrx_word' id='word_1_1048' title='bbox 1354 1190 1449 1218; x_wconf 44' lang='lat' dir='ltr'>Mbm&#39;</span> <span class='ocrx_word' id='word_1_1049' title='bbox 1807 1225 1863 1257; x_wconf 85' lang='lat' dir='ltr'>Per</span> <span class='ocrx_word' id='word_1_1050' title='bbox 1882 1225 1970 1257; x_wconf 89' lang='lat' dir='ltr'>Breve</span> <span class='ocrx_word' id='word_1_1051' title='bbox 1988 1226 2024 1258; x_wconf 89' lang='lat' dir='ltr'>de</span> <span class='ocrx_word' id='word_1_1052' title='bbox 2040 1224 2159 1258; x_wconf 86' lang='lat' dir='ltr'>Privato</span> <span class='ocrx_word' id='word_1_1053' title='bbox 2175 1225 2289 1266; x_wconf 85' lang='lat' dir='ltr'>Sigillo.</span> 
     </span>
    </p>
   </div>
   <div class='ocr_carea' id='block_1_20' title="bbox 463 1299 2392 1316">
    <p class='ocr_par' dir='ltr' id='par_1_28' title="bbox 463 1299 2392 1316">
     <span class='ocr_line' id='line_1_128' title="bbox 463 1299 2392 1316; baseline 0 2963"><span class='ocrx_word' id='word_1_1054' title='bbox 463 1299 2392 1316; x_wconf 95' lang='lat' dir='ltr'> </span> 
     </span>
    </p>
   </div>
   <div class='ocr_carea' id='block_1_21' title="bbox 1347 1349 2416 1661">
    <p class='ocr_par' dir='ltr' id='par_1_29' title="bbox 1348 1349 2320 1389">
     <span class='ocr_line' id='line_1_129' title="bbox 1348 1349 2320 1389; baseline 0.002 -9"><span class='ocrx_word' id='word_1_1055' title='bbox 1348 1349 1499 1381; x_wconf 74' lang='lat' dir='ltr'>neceffiria</span> <span class='ocrx_word' id='word_1_1056' title='bbox 1514 1349 1560 1381; x_wconf 88' lang='lat' dir='ltr'>vel</span> <span class='ocrx_word' id='word_1_1057' title='bbox 1575 1349 1797 1388; x_wconf 86' lang='lat' dir='ltr'>quomodolibet</span> <span class='ocrx_word' id='word_1_1058' title='bbox 1811 1356 1974 1389; x_wconf 81' lang='lat' dir='ltr'>opportuna</span> <span class='ocrx_word' id='word_1_1059' title='bbox 1986 1359 2021 1380; x_wconf 85' lang='lat' dir='ltr'>ex</span> <span class='ocrx_word' id='word_1_1060' title='bbox 2042 1349 2119 1381; x_wconf 82' lang='lat' dir='ltr'>leudi</span> <span class='ocrx_word' id='word_1_1061' title='bbox 2129 1351 2163 1382; x_wconf 89' lang='lat'>&amp;</span> <span class='ocrx_word' id='word_1_1062' title='bbox 2181 1350 2320 1389; x_wconf 88' lang='lat' dir='ltr'>faciendi;</span> 
     </span>
    </p>

    <p class='ocr_par' dir='ltr' id='par_1_30' title="bbox 1347 1388 2414 1544">
     <span class='ocr_line' id='line_1_130' title="bbox 1389 1388 2412 1429; baseline 0.003 -11"><span class='ocrx_word' id='word_1_1063' title='bbox 1389 1388 1608 1427; x_wconf 86' lang='lat' dir='ltr'>Promittentes,</span> <span class='ocrx_word' id='word_1_1064' title='bbox 1624 1389 1703 1419; x_wconf 71' lang='lat' dir='ltr'>bona</span> <span class='ocrx_word' id='word_1_1065' title='bbox 1722 1388 1792 1420; x_wconf 86' lang='lat' dir='ltr'>Fide</span> <span class='ocrx_word' id='word_1_1066' title='bbox 1805 1398 1839 1420; x_wconf 82' lang='lat' dir='ltr'>ac</span> <span class='ocrx_word' id='word_1_1067' title='bbox 1854 1391 1883 1419; x_wconf 92' lang='lat' dir='ltr'>in</span> <span class='ocrx_word' id='word_1_1068' title='bbox 1899 1388 2002 1420; x_wconf 84' lang='lat' dir='ltr'>Verbo</span> <span class='ocrx_word' id='word_1_1069' title='bbox 2050 1390 2134 1429; x_wconf 83' lang='lat' dir='ltr'>egio,</span> <span class='ocrx_word' id='word_1_1070' title='bbox 2153 1389 2222 1420; x_wconf 88' lang='lat' dir='ltr'>Nos</span> <span class='ocrx_word' id='word_1_1071' title='bbox 2236 1396 2332 1421; x_wconf 86' lang='lat' dir='ltr'>ratum</span> <span class='ocrx_word' id='word_1_1072' title='bbox 2347 1398 2412 1429; x_wconf 79' lang='lat' dir='ltr'>gra-</span> 
     </span>
     <span class='ocr_line' id='line_1_131' title="bbox 1347 1426 2412 1467; baseline 0.002 -10"><span class='ocrx_word' id='word_1_1073' title='bbox 1347 1435 1413 1457; x_wconf 88' lang='lat' dir='ltr'>tum</span> <span class='ocrx_word' id='word_1_1074' title='bbox 1428 1430 1461 1459; x_wconf 89' lang='lat'>&amp;</span> <span class='ocrx_word' id='word_1_1075' title='bbox 1475 1427 1588 1458; x_wconf 80' lang='lat' dir='ltr'>firmum</span> <span class='ocrx_word' id='word_1_1076' title='bbox 1602 1428 1750 1459; x_wconf 85' lang='lat' dir='ltr'>habituros</span> <span class='ocrx_word' id='word_1_1077' title='bbox 1761 1427 1916 1467; x_wconf 82' lang='lat' dir='ltr'>quicquid,</span> <span class='ocrx_word' id='word_1_1078' title='bbox 1935 1437 1985 1465; x_wconf 88' lang='lat' dir='ltr'>per</span> <span class='ocrx_word' id='word_1_1079' title='bbox 1996 1426 2109 1458; x_wconf 58' lang='lat' dir='ltr'>dictum</span> <span class='ocrx_word' id='word_1_1080' title='bbox 2125 1428 2267 1465; x_wconf 77' lang='lat' dir='ltr'>Legatum</span> <span class='ocrx_word' id='word_1_1081' title='bbox 2280 1428 2412 1460; x_wconf 87' lang='lat' dir='ltr'>nostrum</span> 
     </span>
     <span class='ocr_line' id='line_1_132' title="bbox 1348 1465 2414 1507; baseline 0.002 -11"><span class='ocrx_word' id='word_1_1082' title='bbox 1348 1465 1592 1497; x_wconf 78' lang='lat' dir='ltr'>Commiffarium</span> <span class='ocrx_word' id='word_1_1083' title='bbox 1617 1466 1855 1498; x_wconf 79' lang='lat' dir='ltr'>Ambaffiatorem</span> <span class='ocrx_word' id='word_1_1084' title='bbox 1876 1465 2100 1498; x_wconf 82' lang='lat' dir='ltr'>Procuratorem</span> <span class='ocrx_word' id='word_1_1085' title='bbox 2120 1467 2154 1499; x_wconf 64' lang='grc' dir='ltr'>ὃς</span> <span class='ocrx_word' id='word_1_1086' title='bbox 2168 1467 2364 1507; x_wconf 84' lang='lat' dir='ltr'>Deputatum,</span> <span class='ocrx_word' id='word_1_1087' title='bbox 2383 1478 2414 1499; x_wconf 90' lang='lat' dir='ltr'>a-</span> 
     </span>
     <span class='ocr_line' id='line_1_133' title="bbox 1349 1503 2312 1544; baseline 0 -9"><span class='ocrx_word' id='word_1_1088' title='bbox 1349 1503 1432 1535; x_wconf 68' lang='lat' dir='ltr'>&amp;um</span> <span class='ocrx_word' id='word_1_1089' title='bbox 1447 1513 1493 1536; x_wconf 88' lang='lat' dir='ltr'>aut</span> <span class='ocrx_word' id='word_1_1090' title='bbox 1511 1504 1623 1544; x_wconf 84' lang='lat' dir='ltr'>gestum</span> <span class='ocrx_word' id='word_1_1091' title='bbox 1636 1504 1762 1536; x_wconf 87' lang='lat' dir='ltr'>fueritin</span> <span class='ocrx_word' id='word_1_1092' title='bbox 1779 1503 1939 1536; x_wconf 82' lang='lat' dir='ltr'>Praemiffis.</span> <span class='ocrx_word' id='word_1_1093' title='bbox 2175 1508 2177 1511; x_wconf 89' lang='lat'>&#39;</span> <span class='ocrx_word' id='word_1_1094' title='bbox 2229 1508 2232 1510; x_wconf 75' lang='grc'>’</span> <span class='ocrx_word' id='word_1_1095' title='bbox 2308 1510 2312 1513; x_wconf 95' lang='grc'><strong>’</strong></span> 
     </span>
    </p>

    <p class='ocr_par' dir='ltr' id='par_1_31' title="bbox 1347 1542 2416 1661">
     <span class='ocr_line' id='line_1_134' title="bbox 1387 1542 2416 1582; baseline 0.004 -9"><span class='ocrx_word' id='word_1_1096' title='bbox 1387 1542 1419 1573; x_wconf 84' lang='lat' dir='ltr'>[n</span> <span class='ocrx_word' id='word_1_1097' title='bbox 1444 1554 1570 1582; x_wconf 85' lang='lat' dir='ltr'>quorum</span> <span class='ocrx_word' id='word_1_1098' title='bbox 1589 1545 1724 1574; x_wconf 90' lang='lat' dir='ltr'>omnium</span> <span class='ocrx_word' id='word_1_1099' title='bbox 1743 1543 1845 1574; x_wconf 86' lang='lat' dir='ltr'>Fidem</span> <span class='ocrx_word' id='word_1_1100' title='bbox 1860 1542 1895 1575; x_wconf 67' lang='grc' dir='ltr'>ὅ(</span> <span class='ocrx_word' id='word_1_1101' title='bbox 1908 1542 2124 1574; x_wconf 85' lang='lat' dir='ltr'>Testimonium</span> <span class='ocrx_word' id='word_1_1102' title='bbox 2141 1544 2323 1582; x_wconf 87' lang='lat' dir='ltr'>praesentibus</span> <span class='ocrx_word' id='word_1_1103' title='bbox 2336 1544 2416 1577; x_wconf 79' lang='lat' dir='ltr'>hisce</span> 
     </span>
     <span class='ocr_line' id='line_1_135' title="bbox 1350 1580 2414 1623; baseline 0.003 -11"><span class='ocrx_word' id='word_1_1104' title='bbox 1350 1582 1452 1613; x_wconf 83' lang='lat' dir='ltr'>Literis</span> <span class='ocrx_word' id='word_1_1105' title='bbox 1474 1582 1577 1612; x_wconf 89' lang='lat' dir='ltr'>nostris</span> <span class='ocrx_word' id='word_1_1106' title='bbox 1591 1582 1769 1620; x_wconf 74' lang='lat' dir='ltr'>Parentibus,</span> <span class='ocrx_word' id='word_1_1107' title='bbox 1789 1580 1883 1612; x_wconf 89' lang='lat' dir='ltr'>Manu</span> <span class='ocrx_word' id='word_1_1108' title='bbox 1898 1581 1997 1614; x_wconf 64' lang='lat' dir='ltr'>nostri</span> <span class='ocrx_word' id='word_1_1109' title='bbox 2008 1581 2183 1623; x_wconf 84' lang='lat' dir='ltr'>subscriptis,</span> <span class='ocrx_word' id='word_1_1110' title='bbox 2203 1582 2351 1622; x_wconf 78' lang='lat' dir='ltr'>Magnum</span> <span class='ocrx_word' id='word_1_1111' title='bbox 2368 1584 2414 1615; x_wconf 84' lang='lat' dir='ltr'>Si-</span> 
     </span>
     <span class='ocr_line' id='line_1_136' title="bbox 1347 1620 1859 1661; baseline -0.002 -10"><span class='ocrx_word' id='word_1_1112' title='bbox 1347 1621 1446 1660; x_wconf 85' lang='lat' dir='ltr'>gillum</span> <span class='ocrx_word' id='word_1_1113' title='bbox 1460 1620 1590 1652; x_wconf 82' lang='lat' dir='ltr'>nostrum</span> <span class='ocrx_word' id='word_1_1114' title='bbox 1608 1622 1714 1661; x_wconf 81' lang='lat' dir='ltr'>apponi</span> <span class='ocrx_word' id='word_1_1115' title='bbox 1730 1621 1859 1652; x_wconf 89' lang='lat' dir='ltr'>fecimus.</span> 
     </span>
    </p>
   </div>
   <div class='ocr_carea' id='block_1_22' title="bbox 1347 1695 2416 1854">
    <p class='ocr_par' dir='ltr' id='par_1_32' title="bbox 1347 1695 2416 1854">
     <span class='ocr_line' id='line_1_137' title="bbox 1388 1695 2416 1736; baseline 0.003 -9"><span class='ocrx_word' id='word_1_1116' title='bbox 1388 1697 1497 1729; x_wconf 84' lang='lat' dir='ltr'>Datum</span> <span class='ocrx_word' id='word_1_1117' title='bbox 1523 1697 1598 1736; x_wconf 87' lang='lat' dir='ltr'>apud</span> <span class='ocrx_word' id='word_1_1118' title='bbox 1621 1695 1763 1727; x_wconf 83' lang='lat' dir='ltr'>Palatium</span> <span class='ocrx_word' id='word_1_1119' title='bbox 1786 1697 1904 1735; x_wconf 74' lang='lat' dir='ltr'>nostrum</span> <span class='ocrx_word' id='word_1_1120' title='bbox 1919 1697 1952 1727; x_wconf 85' lang='lat' dir='ltr'>de</span> <span class='ocrx_word' id='word_1_1121' title='bbox 1964 1697 2146 1736; x_wconf 81' lang='lat' dir='ltr'>Greenwich,</span> <span class='ocrx_word' id='word_1_1122' title='bbox 2164 1697 2282 1730; x_wconf 87' lang='lat' dir='ltr'>decimo</span> <span class='ocrx_word' id='word_1_1123' title='bbox 2296 1696 2358 1730; x_wconf 89' lang='lat' dir='ltr'>Die</span> <span class='ocrx_word' id='word_1_1124' title='bbox 2371 1698 2416 1730; x_wconf 84' lang='lat' dir='ltr'>A·</span> 
     </span>
     <span class='ocr_line' id='line_1_138' title="bbox 1347 1735 2413 1777; baseline 0 -10"><span class='ocrx_word' id='word_1_1125' title='bbox 1347 1737 1440 1777; x_wconf 87' lang='lat' dir='ltr'>prilis,</span> <span class='ocrx_word' id='word_1_1126' title='bbox 1476 1738 1565 1767; x_wconf 91' lang='lat' dir='ltr'>Anno</span> <span class='ocrx_word' id='word_1_1127' title='bbox 1583 1736 1704 1766; x_wconf 90' lang='lat' dir='ltr'>Domini</span> <span class='ocrx_word' id='word_1_1128' title='bbox 1725 1738 1759 1767; x_wconf 92' lang='lat'>&amp;</span> <span class='ocrx_word' id='word_1_1129' title='bbox 1775 1735 1978 1775; x_wconf 82' lang='lat' dir='ltr'>Redemptoris</span> <span class='ocrx_word' id='word_1_1130' title='bbox 1995 1736 2085 1767; x_wconf 88' lang='lat' dir='ltr'>nostri</span> <span class='ocrx_word' id='word_1_1131' title='bbox 2103 1737 2253 1768; x_wconf 86' lang='lat' dir='ltr'>millesimo</span> <span class='ocrx_word' id='word_1_1132' title='bbox 2268 1737 2413 1769; x_wconf 85' lang='lat' dir='ltr'>sexcente-</span> 
     </span>
     <span class='ocr_line' id='line_1_139' title="bbox 1348 1773 2412 1815; baseline 0.003 -9"><span class='ocrx_word' id='word_1_1133' title='bbox 1348 1777 1421 1806; x_wconf 72' lang='lat' dir='ltr'>simo</span> <span class='ocrx_word' id='word_1_1134' title='bbox 1441 1776 1544 1814; x_wconf 87' lang='lat' dir='ltr'>quinto</span> <span class='ocrx_word' id='word_1_1135' title='bbox 1562 1774 1722 1806; x_wconf 77' lang='lat' dir='ltr'>secundum</span> <span class='ocrx_word' id='word_1_1136' title='bbox 1746 1773 2004 1812; x_wconf 67' lang='lat' dir='ltr'>Comparationem</span> <span class='ocrx_word' id='word_1_1137' title='bbox 2025 1774 2162 1806; x_wconf 75' lang='lat' dir='ltr'>Ecclesiae</span> <span class='ocrx_word' id='word_1_1138' title='bbox 2175 1775 2359 1815; x_wconf 81' lang='lat' dir='ltr'>Anglicanae,</span> <span class='ocrx_word' id='word_1_1139' title='bbox 2376 1776 2412 1809; x_wconf 71' lang='lat'>8&lt;</span> 
     </span>
     <span class='ocr_line' id='line_1_140' title="bbox 1349 1812 2319 1854; baseline 0.002 -9"><span class='ocrx_word' id='word_1_1140' title='bbox 1349 1814 1450 1854; x_wconf 85' lang='lat' dir='ltr'>Regni</span> <span class='ocrx_word' id='word_1_1141' title='bbox 1465 1814 1556 1845; x_wconf 86' lang='lat' dir='ltr'>nostri</span> <span class='ocrx_word' id='word_1_1142' title='bbox 1569 1814 1690 1852; x_wconf 81' lang='lat' dir='ltr'>Magnae</span> <span class='ocrx_word' id='word_1_1143' title='bbox 1705 1812 1857 1844; x_wconf 75' lang='lat' dir='ltr'>Britamiiae</span> <span class='ocrx_word' id='word_1_1144' title='bbox 1870 1812 1894 1843; x_wconf 89' lang='lat' dir='ltr'>F</span> <span class='ocrx_word' id='word_1_1145' title='bbox 1895 1814 1999 1844; x_wconf 76' lang='lat' dir='ltr'>rancioe</span> <span class='ocrx_word' id='word_1_1146' title='bbox 2012 1813 2046 1844; x_wconf 89' lang='lat'>&amp;</span> <span class='ocrx_word' id='word_1_1147' title='bbox 2062 1813 2211 1846; x_wconf 69' lang='lat' dir='ltr'>Hibemiae</span> <span class='ocrx_word' id='word_1_1148' title='bbox 2223 1815 2319 1847; x_wconf 83' lang='lat' dir='ltr'>tertio.</span> 
     </span>
    </p>
   </div>
   <div class='ocr_carea' id='block_1_23' title="bbox 1977 1877 2552 1931">
    <p class='ocr_par' dir='ltr' id='par_1_33' title="bbox 1977 1877 2552 1931">
     <span class='ocr_line' id='line_1_141' title="bbox 1977 1877 2552 1931; baseline 0.019 -11"><span class='ocrx_word' id='word_1_1149' title='bbox 1977 1889 2033 1921; x_wconf 84' lang='lat' dir='ltr'>Per</span> <span class='ocrx_word' id='word_1_1150' title='bbox 2049 1889 2136 1931; x_wconf 74' lang='lat' dir='ltr'>ipsr&#39;em</span> <span class='ocrx_word' id='word_1_1151' title='bbox 2151 1892 2260 1931; x_wconf 80' lang='lat' dir='ltr'>Regem.</span> <span class='ocrx_word' id='word_1_1152' title='bbox 2519 1877 2552 1931; x_wconf 28' lang='lat' dir='ltr'>id</span> 
     </span>
    </p>
   </div>
   <div class='ocr_carea' id='block_1_24' title="bbox 2169 1966 2549 2005">
    <p class='ocr_par' dir='ltr' id='par_1_34' title="bbox 2169 1966 2549 2005">
     <span class='ocr_line' id='line_1_142' title="bbox 2169 1966 2549 2005; baseline 0.013 -5"><span class='ocrx_word' id='word_1_1153' title='bbox 2169 1966 2380 2005; x_wconf 57' lang='lat' dir='ltr'>Canum</span> <span class='ocrx_word' id='word_1_1154' title='bbox 2519 1970 2549 2005; x_wconf 43' lang='lat' dir='ltr'><em>A</em></span> 
     </span>
    </p>
   </div>
   <div class='ocr_carea' id='block_1_25' title="bbox 1348 2044 2417 2165">
    <p class='ocr_par' dir='ltr' id='par_1_35' title="bbox 1348 2044 2417 2165">
     <span class='ocr_line' id='line_1_143' title="bbox 1364 2044 2417 2091; baseline 0.002 -13"><span class='ocrx_word' id='word_1_1155' title='bbox 1364 2086 1370 2091; x_wconf 43' lang='lat'><strong>·</strong></span> <span class='ocrx_word' id='word_1_1156' title='bbox 1385 2045 1537 2088; x_wconf 81' lang='lat' dir='ltr'>Confimiles</span> <span class='ocrx_word' id='word_1_1157' title='bbox 1556 2048 1665 2077; x_wconf 77' lang='lat' dir='ltr'>Literae</span> <span class='ocrx_word' id='word_1_1158' title='bbox 1685 2045 1820 2091; x_wconf 53' lang='lat' dir='ltr'>[fatentes</span> <span class='ocrx_word' id='word_1_1159' title='bbox 1833 2051 2003 2090; x_wconf 62' lang='lat' dir='ltr'>emanarunt</span> <span class='ocrx_word' id='word_1_1160' title='bbox 2012 2053 2063 2086; x_wconf 79' lang='lat' dir='ltr'>pro</span> <span class='ocrx_word' id='word_1_1161' title='bbox 2080 2044 2190 2078; x_wconf 87' lang='lat' dir='ltr'>Carolo</span> <span class='ocrx_word' id='word_1_1162' title='bbox 2205 2044 2327 2080; x_wconf 87' lang='lat' dir='ltr'>Comite</span> <span class='ocrx_word' id='word_1_1163' title='bbox 2341 2045 2417 2080; x_wconf 60' lang='lat' dir='ltr'>Nic-⁴</span> 
     </span>
     <span class='ocr_line' id='line_1_144' title="bbox 1349 2084 2416 2129; baseline 0.001 -12"><span class='ocrx_word' id='word_1_1164' title='bbox 1349 2087 1496 2126; x_wconf 86' lang='lat' dir='ltr'>tingham‚</span> <span class='ocrx_word' id='word_1_1165' title='bbox 1514 2087 1576 2118; x_wconf 71' lang='grc' dir='ltr'>ἃς.</span> <span class='ocrx_word' id='word_1_1166' title='bbox 1593 2093 1715 2129; x_wconf 31' lang='lat' dir='ltr'>‘mutatis</span> <span class='ocrx_word' id='word_1_1167' title='bbox 1737 2085 1895 2129; x_wconf 82' lang='lat' dir='ltr'>mutandis,</span> <span class='ocrx_word' id='word_1_1168' title='bbox 1919 2084 1952 2129; x_wconf 56' lang='lat' dir='ltr'>gie</span> <span class='ocrx_word' id='word_1_1169' title='bbox 1963 2085 2083 2124; x_wconf 80' lang='lat' dir='ltr'>petendo</span> <span class='ocrx_word' id='word_1_1170' title='bbox 2102 2085 2329 2127; x_wconf 76' lang='lat' dir='ltr'>Ratificationem</span> <span class='ocrx_word' id='word_1_1171' title='bbox 2349 2085 2416 2123; x_wconf 58' lang='lat' dir='ltr'>dieti</span> 
     </span>
     <span class='ocr_line' id='line_1_145' title="bbox 1348 2122 2222 2165; baseline 0 -9"><span class='ocrx_word' id='word_1_1172' title='bbox 1348 2125 1500 2156; x_wconf 52' lang='lat' dir='ltr'>Tradat&amp;</span> <span class='ocrx_word' id='word_1_1173' title='bbox 1513 2125 1529 2155; x_wconf 73' lang='lat' dir='ltr'>a</span> <span class='ocrx_word' id='word_1_1174' title='bbox 1545 2123 1680 2164; x_wconf 85' lang='lat' dir='ltr'>Philippo</span> <span class='ocrx_word' id='word_1_1175' title='bbox 1693 2123 1797 2155; x_wconf 87' lang='lat' dir='ltr'>Tertio</span> <span class='ocrx_word' id='word_1_1176' title='bbox 1811 2122 2032 2164; x_wconf 86' lang='lat' dir='ltr'>Hispaniarum,</span> <span class='ocrx_word' id='word_1_1177' title='bbox 2049 2124 2113 2155; x_wconf 89' lang='lat' dir='ltr'>&amp;c.</span> <span class='ocrx_word' id='word_1_1178' title='bbox 2128 2123 2222 2165; x_wconf 86' lang='lat' dir='ltr'>Rege.</span> 
     </span>
    </p>
   </div>
   <div class='ocr_carea' id='block_1_26' title="bbox 1382 2199 2418 2242">
    <p class='ocr_par' dir='ltr' id='par_1_36' title="bbox 1382 2199 2418 2242">
     <span class='ocr_line' id='line_1_146' title="bbox 1382 2199 2418 2242; baseline 0.001 -9"><span class='ocrx_word' id='word_1_1179' title='bbox 1382 2201 1469 2240; x_wconf 64' lang='lat' dir='ltr'>Dat,</span> <span class='ocrx_word' id='word_1_1180' title='bbox 1487 2202 1548 2233; x_wconf 88' lang='lat' dir='ltr'>&amp;c.</span> <span class='ocrx_word' id='word_1_1181' title='bbox 1574 2210 1604 2232; x_wconf 92' lang='lat' dir='ltr'>ut</span> <span class='ocrx_word' id='word_1_1182' title='bbox 1623 2200 1719 2241; x_wconf 85' lang='lat' dir='ltr'>supra,</span> <span class='ocrx_word' id='word_1_1183' title='bbox 1740 2200 1865 2241; x_wconf 75' lang='lat' dir='ltr'>vicefimo</span> <span class='ocrx_word' id='word_1_1184' title='bbox 1878 2199 2000 2240; x_wconf 79' lang='lat' dir='ltr'>ficundo</span> <span class='ocrx_word' id='word_1_1185' title='bbox 2023 2199 2066 2231; x_wconf 80' lang='lat' dir='ltr'>die</span> <span class='ocrx_word' id='word_1_1186' title='bbox 2088 2203 2196 2233; x_wconf 80' lang='lat' dir='ltr'>Martii</span> <span class='ocrx_word' id='word_1_1187' title='bbox 2216 2205 2307 2234; x_wconf 85' lang='lat' dir='ltr'>Anno</span> <span class='ocrx_word' id='word_1_1188' title='bbox 2328 2203 2418 2242; x_wconf 63' lang='lat' dir='ltr'>Regni</span> 
     </span>
    </p>
   </div>
   <div class='ocr_carea' id='block_1_27' title="bbox 1346 2239 2254 2318">
    <p class='ocr_par' dir='ltr' id='par_1_37' title="bbox 1346 2239 2254 2318">
     <span class='ocr_line' id='line_1_147' title="bbox 1346 2239 1664 2282; baseline 0 -12"><span class='ocrx_word' id='word_1_1189' title='bbox 1346 2240 1446 2280; x_wconf 72' lang='lat' dir='ltr'>nqstri,</span> <span class='ocrx_word' id='word_1_1190' title='bbox 1465 2239 1664 2282; x_wconf 61' lang='lat' dir='ltr'>&amp;aficmdm</span> 
     </span>
     <span class='ocr_line' id='line_1_148' title="bbox 1975 2275 2254 2318; baseline 0.007 -10"><span class='ocrx_word' id='word_1_1191' title='bbox 1975 2278 2031 2308; x_wconf 85' lang='lat' dir='ltr'>Per</span> <span class='ocrx_word' id='word_1_1192' title='bbox 2045 2275 2130 2318; x_wconf 73' lang='lat' dir='ltr'>ipsr‘cm</span> <span class='ocrx_word' id='word_1_1193' title='bbox 2147 2281 2254 2318; x_wconf 83' lang='lat' dir='ltr'>Regem.</span> 
     </span>
    </p>
   </div>
   <div class='ocr_carea' id='block_1_28' title="bbox 2169 2354 2381 2390">
    <p class='ocr_par' dir='ltr' id='par_1_38' title="bbox 2169 2354 2381 2390">
     <span class='ocr_line' id='line_1_149' title="bbox 2169 2354 2381 2390; baseline 0 -3"><span class='ocrx_word' id='word_1_1194' title='bbox 2169 2354 2381 2390; x_wconf 57' lang='lat' dir='ltr'>Canem</span> 
     </span>
    </p>
   </div>
   <div class='ocr_carea' id='block_1_29' title="bbox 1353 2428 2414 2443">
    <p class='ocr_par' dir='ltr' id='par_1_39' title="bbox 1353 2428 2414 2443">
     <span class='ocr_line' id='line_1_150' title="bbox 1353 2428 2414 2443; baseline 0 1836"><span class='ocrx_word' id='word_1_1195' title='bbox 1353 2428 2414 2443; x_wconf 95' lang='lat' dir='ltr'> </span> 
     </span>
    </p>
   </div>
   <div class='ocr_carea' id='block_1_30' title="bbox 1502 2481 2256 2530">
    <p class='ocr_par' dir='ltr' id='par_1_40' title="bbox 1502 2481 2256 2530">
     <span class='ocr_line' id='line_1_151' title="bbox 1502 2481 2256 2530; baseline 0.004 -15"><span class='ocrx_word' id='word_1_1196' title='bbox 1502 2484 1551 2516; x_wconf 86' lang='lat' dir='ltr'>De</span> <span class='ocrx_word' id='word_1_1197' title='bbox 1569 2481 1741 2526; x_wconf 74' lang='lat' dir='ltr'>Conceffione</span> <span class='ocrx_word' id='word_1_1198' title='bbox 1759 2481 1860 2529; x_wconf 83' lang='lat' dir='ltr'>Officii</span> <span class='ocrx_word' id='word_1_1199' title='bbox 1868 2493 1926 2529; x_wconf 86' lang='lat' dir='ltr'>pro</span> <span class='ocrx_word' id='word_1_1200' title='bbox 1947 2485 2063 2516; x_wconf 77' lang='lat' dir='ltr'>Comite</span> <span class='ocrx_word' id='word_1_1201' title='bbox 2086 2484 2256 2530; x_wconf 68' lang='lat' dir='ltr'>Wgorniae.</span> 
     </span>
    </p>
   </div>
   <div class='ocr_carea' id='block_1_31' title="bbox 1343 2565 2556 3380">
    <p class='ocr_par' dir='ltr' id='par_1_41' title="bbox 1343 2565 2556 3380">
     <span class='ocr_line' id='line_1_152' title="bbox 1349 2565 2556 2623; baseline 0.002 -27"><span class='ocrx_word' id='word_1_1202' title='bbox 1349 2565 1475 2623; x_wconf 80' lang='lat' dir='ltr'>REX</span> <span class='ocrx_word' id='word_1_1203' title='bbox 1494 2568 1632 2598; x_wconf 81' lang='lat' dir='ltr'>omnibus</span> <span class='ocrx_word' id='word_1_1204' title='bbox 1647 2567 1680 2598; x_wconf 89' lang='lat' dir='ltr'>ad</span> <span class='ocrx_word' id='word_1_1205' title='bbox 1718 2577 1788 2607; x_wconf 77' lang='grc' dir='ltr'>υος,</span> <span class='ocrx_word' id='word_1_1206' title='bbox 1807 2567 1868 2598; x_wconf 89' lang='lat' dir='ltr'>&amp;c.</span> <span class='ocrx_word' id='word_1_1207' title='bbox 1887 2566 2027 2599; x_wconf 89' lang='lat' dir='ltr'>Salutem.</span> <span class='ocrx_word' id='word_1_1208' title='bbox 2424 2571 2504 2605; x_wconf 63' lang='lat' dir='ltr'>Anng</span> <span class='ocrx_word' id='word_1_1209' title='bbox 2517 2571 2556 2606; x_wconf 77' lang='lat' dir='ltr'>D,</span> 
     </span>
     <span class='ocr_line' id='line_1_153' title="bbox 1463 2605 2528 2652; baseline 0.003 -17"><span class='ocrx_word' id='word_1_1210' title='bbox 1463 2605 1562 2636; x_wconf 88' lang='lat' dir='ltr'>Sciatis</span> <span class='ocrx_word' id='word_1_1211' title='bbox 1582 2606 1663 2644; x_wconf 83' lang='lat' dir='ltr'>quod</span> <span class='ocrx_word' id='word_1_1212' title='bbox 1721 2615 1769 2644; x_wconf 87' lang='lat' dir='ltr'>os,</span> <span class='ocrx_word' id='word_1_1213' title='bbox 1789 2605 1826 2636; x_wconf 91' lang='lat' dir='ltr'>de</span> <span class='ocrx_word' id='word_1_1214' title='bbox 1852 2606 1954 2637; x_wconf 68' lang='lat' dir='ltr'>Gratia</span> <span class='ocrx_word' id='word_1_1215' title='bbox 1978 2605 2073 2636; x_wconf 89' lang='lat' dir='ltr'>nostra</span> <span class='ocrx_word' id='word_1_1216' title='bbox 2093 2605 2219 2643; x_wconf 80' lang='lat' dir='ltr'>speciali,</span> <span class='ocrx_word' id='word_1_1217' title='bbox 2236 2616 2271 2637; x_wconf 89' lang='lat' dir='ltr'>ac</span> <span class='ocrx_word' id='word_1_1218' title='bbox 2284 2615 2319 2637; x_wconf 83' lang='lat' dir='ltr'>ex</span> <span class='ocrx_word' id='word_1_1219' title='bbox 2333 2614 2411 2638; x_wconf 89' lang='lat' dir='ltr'>certa</span> <span class='ocrx_word' id='word_1_1220' title='bbox 2444 2614 2528 2652; x_wconf 78' lang='lat'><em>1605,</em></span> 
     </span>
     <span class='ocr_line' id='line_1_154' title="bbox 1347 2642 2528 2689; baseline 0.004 -17"><span class='ocrx_word' id='word_1_1221' title='bbox 1347 2642 1470 2673; x_wconf 88' lang='lat' dir='ltr'>Scientia</span> <span class='ocrx_word' id='word_1_1222' title='bbox 1486 2644 1519 2674; x_wconf 89' lang='lat'>&amp;</span> <span class='ocrx_word' id='word_1_1223' title='bbox 1539 2654 1620 2675; x_wconf 89' lang='lat' dir='ltr'>mero</span> <span class='ocrx_word' id='word_1_1224' title='bbox 1637 2643 1727 2676; x_wconf 90' lang='lat' dir='ltr'>Motu</span> <span class='ocrx_word' id='word_1_1225' title='bbox 1746 2643 1866 2683; x_wconf 87' lang='lat' dir='ltr'>nostris,</span> <span class='ocrx_word' id='word_1_1226' title='bbox 1883 2645 1984 2675; x_wconf 88' lang='lat' dir='ltr'>damus</span> <span class='ocrx_word' id='word_1_1227' title='bbox 1997 2644 2031 2674; x_wconf 91' lang='lat'>&amp;</span> <span class='ocrx_word' id='word_1_1228' title='bbox 2045 2644 2252 2683; x_wconf 87' lang='lat' dir='ltr'>concedimus,</span> <span class='ocrx_word' id='word_1_1229' title='bbox 2271 2644 2409 2676; x_wconf 88' lang='lat' dir='ltr'>Chariffi-</span> <span class='ocrx_word' id='word_1_1230' title='bbox 2425 2655 2485 2680; x_wconf 64' lang='lat' dir='ltr'>pm,</span> <span class='ocrx_word' id='word_1_1231' title='bbox 2503 2661 2528 2689; x_wconf 81' lang='lat'>3.</span> 
     </span>
     <span class='ocr_line' id='line_1_155' title="bbox 1347 2680 2530 2729; baseline 0.003 -17"><span class='ocrx_word' id='word_1_1232' title='bbox 1347 2691 1398 2712; x_wconf 89' lang='lat' dir='ltr'>mo</span> <span class='ocrx_word' id='word_1_1233' title='bbox 1419 2680 1643 2721; x_wconf 84' lang='lat' dir='ltr'>Consanguineo</span> <span class='ocrx_word' id='word_1_1234' title='bbox 1663 2684 1697 2714; x_wconf 92' lang='lat'>&amp;</span> <span class='ocrx_word' id='word_1_1235' title='bbox 1728 2682 1896 2713; x_wconf 86' lang='lat' dir='ltr'>Consiliario</span> <span class='ocrx_word' id='word_1_1236' title='bbox 1921 2681 2040 2720; x_wconf 83' lang='lat' dir='ltr'>nostro,</span> <span class='ocrx_word' id='word_1_1237' title='bbox 2058 2682 2206 2713; x_wconf 84' lang='lat' dir='ltr'>Edwardo</span> <span class='ocrx_word' id='word_1_1238' title='bbox 2225 2687 2325 2714; x_wconf 80' lang='lat' dir='ltr'>comiti</span> <span class='ocrx_word' id='word_1_1239' title='bbox 2346 2687 2413 2716; x_wconf 81' lang='lat' dir='ltr'>Wi·</span> <span class='ocrx_word' id='word_1_1240' title='bbox 2426 2690 2488 2729; x_wconf 73' lang='lat' dir='ltr'>Jac.</span> <span class='ocrx_word' id='word_1_1241' title='bbox 2508 2699 2530 2720; x_wconf 82' lang='grc' dir='ltr'>ι.</span> 
     </span>
     <span class='ocr_line' id='line_1_156' title="bbox 1343 2720 2489 2768; baseline 0.003 -18"><span class='ocrx_word' id='word_1_1242' title='bbox 1343 2724 1446 2758; x_wconf 84' lang='lat' dir='ltr'>gorniae</span> <span class='ocrx_word' id='word_1_1243' title='bbox 1472 2720 1615 2751; x_wconf 85' lang='lat' dir='ltr'>Officium</span> <span class='ocrx_word' id='word_1_1244' title='bbox 1635 2720 1785 2751; x_wconf 88' lang='lat' dir='ltr'>Mariscalli</span> <span class='ocrx_word' id='word_1_1245' title='bbox 1798 2743 1808 2758; x_wconf 89' lang='lat'>,</span> <span class='ocrx_word' id='word_1_1246' title='bbox 1831 2730 1865 2751; x_wconf 87' lang='lat' dir='ltr'>ac</span> <span class='ocrx_word' id='word_1_1247' title='bbox 1886 2720 2012 2752; x_wconf 90' lang='lat' dir='ltr'>Nomen</span> <span class='ocrx_word' id='word_1_1248' title='bbox 2038 2720 2174 2753; x_wconf 89' lang='lat' dir='ltr'>Titulum</span> <span class='ocrx_word' id='word_1_1249' title='bbox 2196 2722 2230 2753; x_wconf 93' lang='lat'>&amp;</span> <span class='ocrx_word' id='word_1_1250' title='bbox 2251 2721 2411 2754; x_wconf 85' lang='lat' dir='ltr'>Honorem</span> <span class='ocrx_word' id='word_1_1251' title='bbox 2421 2736 2446 2768; x_wconf 69' lang='lat' dir='ltr'>p.</span> <span class='ocrx_word' id='word_1_1252' title='bbox 2460 2739 2489 2765; x_wconf 81' lang='lat'>4.</span> 
     </span>
     <span class='ocr_line' id='line_1_157' title="bbox 1346 2758 2522 2800; baseline 0.003 -11"><span class='ocrx_word' id='word_1_1253' title='bbox 1346 2759 1497 2790; x_wconf 69' lang='lat' dir='ltr'>Comrrrs</span> <span class='ocrx_word' id='word_1_1254' title='bbox 1518 2758 1738 2790; x_wconf 73' lang='lat' dir='ltr'>MARIScALLr</span> <span class='ocrx_word' id='word_1_1255' title='bbox 1756 2759 1908 2789; x_wconf 78' lang='lat' dir='ltr'>ANGLtAE</span> <span class='ocrx_word' id='word_1_1256' title='bbox 1921 2782 1931 2795; x_wconf 87' lang='lat'>,</span> <span class='ocrx_word' id='word_1_1257' title='bbox 1950 2759 2007 2789; x_wconf 75' lang='lat' dir='ltr'>una</span> <span class='ocrx_word' id='word_1_1258' title='bbox 2025 2768 2093 2789; x_wconf 89' lang='lat' dir='ltr'>cum</span> <span class='ocrx_word' id='word_1_1259' title='bbox 2115 2761 2251 2791; x_wconf 91' lang='lat' dir='ltr'>omnibus</span> <span class='ocrx_word' id='word_1_1260' title='bbox 2264 2761 2298 2792; x_wconf 72' lang='grc' dir='ltr'>ὅ(</span> <span class='ocrx_word' id='word_1_1261' title='bbox 2315 2761 2412 2800; x_wconf 86' lang='lat' dir='ltr'>singu—</span> <span class='ocrx_word' id='word_1_1262' title='bbox 2425 2778 2463 2797; x_wconf 84' lang='lat' dir='ltr'>m,</span> <span class='ocrx_word' id='word_1_1263' title='bbox 2479 2778 2522 2797; x_wconf 58' lang='grc' dir='ltr'>ιο.</span> 
     </span>
     <span class='ocr_line' id='line_1_158' title="bbox 1346 2796 2412 2839; baseline 0.004 -12"><span class='ocrx_word' id='word_1_1264' title='bbox 1346 2797 1378 2827; x_wconf 90' lang='lat' dir='ltr'>lis</span> <span class='ocrx_word' id='word_1_1265' title='bbox 1394 2797 1509 2828; x_wconf 86' lang='lat' dir='ltr'>Officiis</span> <span class='ocrx_word' id='word_1_1266' title='bbox 1522 2797 1791 2828; x_wconf 83' lang='lat' dir='ltr'>Commoditatibus</span> <span class='ocrx_word' id='word_1_1267' title='bbox 1805 2796 1999 2834; x_wconf 79' lang='lat' dir='ltr'>Proficuis‚&amp;</span> <span class='ocrx_word' id='word_1_1268' title='bbox 2014 2798 2073 2828; x_wconf 87' lang='lat' dir='ltr'>aliis</span> <span class='ocrx_word' id='word_1_1269' title='bbox 2084 2799 2136 2829; x_wconf 80' lang='lat' dir='ltr'>suis</span> <span class='ocrx_word' id='word_1_1270' title='bbox 2151 2798 2332 2830; x_wconf 87' lang='lat' dir='ltr'>Pertinentiis</span> <span class='ocrx_word' id='word_1_1271' title='bbox 2348 2802 2412 2839; x_wconf 78' lang='lat' dir='ltr'>qui-</span> 
     </span>
     <span class='ocr_line' id='line_1_159' title="bbox 1345 2835 2415 2875; baseline 0.003 -9"><span class='ocrx_word' id='word_1_1272' title='bbox 1345 2836 1528 2874; x_wconf 80' lang='lat' dir='ltr'>buscunque,</span> <span class='ocrx_word' id='word_1_1273' title='bbox 1547 2846 1606 2867; x_wconf 88' lang='lat' dir='ltr'>tam</span> <span class='ocrx_word' id='word_1_1274' title='bbox 1628 2837 1657 2867; x_wconf 92' lang='lat' dir='ltr'>in</span> <span class='ocrx_word' id='word_1_1275' title='bbox 1673 2836 1768 2866; x_wconf 90' lang='lat' dir='ltr'>Curiis</span> <span class='ocrx_word' id='word_1_1276' title='bbox 1782 2835 1885 2866; x_wconf 85' lang='lat' dir='ltr'>nostris</span> <span class='ocrx_word' id='word_1_1277' title='bbox 1896 2837 1982 2875; x_wconf 72' lang='lat' dir='ltr'>quam</span> <span class='ocrx_word' id='word_1_1278' title='bbox 1998 2837 2082 2874; x_wconf 87' lang='lat' dir='ltr'>alibi,</span> <span class='ocrx_word' id='word_1_1279' title='bbox 2102 2836 2195 2868; x_wconf 87' lang='lat' dir='ltr'>eidem</span> <span class='ocrx_word' id='word_1_1280' title='bbox 2211 2837 2324 2869; x_wconf 86' lang='lat' dir='ltr'>Officio</span> <span class='ocrx_word' id='word_1_1281' title='bbox 2346 2838 2415 2872; x_wconf 79' lang='lat' dir='ltr'>Ma-</span> 
     </span>
     <span class='ocr_line' id='line_1_160' title="bbox 1345 2874 2334 2916; baseline 0.004 -12"><span class='ocrx_word' id='word_1_1282' title='bbox 1345 2875 1443 2905; x_wconf 90' lang='lat' dir='ltr'>riscalli</span> <span class='ocrx_word' id='word_1_1283' title='bbox 1458 2875 1691 2913; x_wconf 86' lang='lat' dir='ltr'>qualitercunque</span> <span class='ocrx_word' id='word_1_1284' title='bbox 1707 2874 1894 2912; x_wconf 67' lang='lat' dir='ltr'>specstantibus</span> <span class='ocrx_word' id='word_1_1285' title='bbox 1910 2875 1965 2905; x_wconf 83' lang='lat' dir='ltr'>sive</span> <span class='ocrx_word' id='word_1_1286' title='bbox 1981 2874 2017 2905; x_wconf 90' lang='lat' dir='ltr'>de</span> <span class='ocrx_word' id='word_1_1287' title='bbox 2037 2875 2101 2912; x_wconf 88' lang='lat' dir='ltr'>jure</span> <span class='ocrx_word' id='word_1_1288' title='bbox 2116 2878 2334 2916; x_wconf 81' lang='lat' dir='ltr'>pertinentibus;</span> 
     </span>
     <span class='ocr_line' id='line_1_161' title="bbox 1381 2912 2413 2955; baseline 0.005 -12"><span class='ocrx_word' id='word_1_1289' title='bbox 1381 2913 1559 2944; x_wconf 83' lang='lat' dir='ltr'>Habendum</span> <span class='ocrx_word' id='word_1_1290' title='bbox 1575 2914 1608 2944; x_wconf 72' lang='grc' dir='ltr'>δε</span> <span class='ocrx_word' id='word_1_1291' title='bbox 1621 2914 1778 2944; x_wconf 88' lang='lat' dir='ltr'>tenendum</span> <span class='ocrx_word' id='word_1_1292' title='bbox 1789 2912 1910 2953; x_wconf 85' lang='lat' dir='ltr'>praefato</span> <span class='ocrx_word' id='word_1_1293' title='bbox 1924 2912 2127 2953; x_wconf 66' lang='lat' dir='ltr'>Confinguineo</span> <span class='ocrx_word' id='word_1_1294' title='bbox 2141 2914 2268 2955; x_wconf 70' lang='lat' dir='ltr'>nostro‚a</span> <span class='ocrx_word' id='word_1_1295' title='bbox 2283 2915 2339 2946; x_wconf 83' lang='lat' dir='ltr'>Die</span> <span class='ocrx_word' id='word_1_1296' title='bbox 2348 2916 2413 2948; x_wconf 87' lang='lat' dir='ltr'>Da-</span> 
     </span>
     <span class='ocr_line' id='line_1_162' title="bbox 1345 2951 2413 2992; baseline 0.005 -11"><span class='ocrx_word' id='word_1_1297' title='bbox 1345 2960 1384 2981; x_wconf 74' lang='lat' dir='ltr'>tae</span> <span class='ocrx_word' id='word_1_1298' title='bbox 1408 2952 1512 2982; x_wconf 85' lang='lat' dir='ltr'>harum</span> <span class='ocrx_word' id='word_1_1299' title='bbox 1533 2952 1695 2983; x_wconf 82' lang='lat' dir='ltr'>Literarurn</span> <span class='ocrx_word' id='word_1_1300' title='bbox 1717 2952 1876 2982; x_wconf 85' lang='lat' dir='ltr'>nostrarum</span> <span class='ocrx_word' id='word_1_1301' title='bbox 1899 2951 2061 2982; x_wconf 82' lang='lat' dir='ltr'>Parentium</span> <span class='ocrx_word' id='word_1_1302' title='bbox 2082 2953 2168 2991; x_wconf 91' lang='lat' dir='ltr'>usque</span> <span class='ocrx_word' id='word_1_1303' title='bbox 2182 2954 2236 2992; x_wconf 84' lang='lat' dir='ltr'>ad,</span> <span class='ocrx_word' id='word_1_1304' title='bbox 2253 2956 2288 2987; x_wconf 90' lang='lat'>&amp;</span> <span class='ocrx_word' id='word_1_1305' title='bbox 2305 2965 2354 2992; x_wconf 85' lang='lat' dir='ltr'>per</span> <span class='ocrx_word' id='word_1_1306' title='bbox 2368 2964 2413 2986; x_wconf 91' lang='lat' dir='ltr'>to-</span> 
     </span>
     <span class='ocr_line' id='line_1_163' title="bbox 1344 2990 2411 3059; baseline 0.004 -39"><span class='ocrx_word' id='word_1_1307' title='bbox 1344 3000 1410 3059; x_wconf 72' lang='lat' dir='ltr'>tsurri</span> <span class='ocrx_word' id='word_1_1308' title='bbox 1430 2990 1539 3059; x_wconf 53' lang='lat' dir='ltr'>gistum</span> <span class='ocrx_word' id='word_1_1309' title='bbox 1547 2991 1637 3022; x_wconf 89' lang='lat' dir='ltr'>Diem</span> <span class='ocrx_word' id='word_1_1310' title='bbox 1649 2991 1775 3021; x_wconf 86' lang='lat' dir='ltr'>instantis</span> <span class='ocrx_word' id='word_1_1311' title='bbox 1793 2990 1901 3021; x_wconf 79' lang='lat' dir='ltr'>Mensis</span> <span class='ocrx_word' id='word_1_1312' title='bbox 1915 2990 1991 3022; x_wconf 85' lang='lat' dir='ltr'>Maii</span> <span class='ocrx_word' id='word_1_1313' title='bbox 2006 2991 2041 3022; x_wconf 91' lang='lat' dir='ltr'>ad</span> <span class='ocrx_word' id='word_1_1314' title='bbox 2054 2992 2192 3023; x_wconf 88' lang='lat' dir='ltr'>occasum</span> <span class='ocrx_word' id='word_1_1315' title='bbox 2206 2992 2271 3023; x_wconf 88' lang='lat' dir='ltr'>solis</span> <span class='ocrx_word' id='word_1_1316' title='bbox 2284 2993 2411 3033; x_wconf 85' lang='lat' dir='ltr'>ejusdem</span> 
     </span>
     <span class='ocr_line' id='line_1_164' title="bbox 1357 3038 1509 3059; baseline 0 -1"><span class='ocrx_word' id='word_1_1317' title='bbox 1357 3038 1412 3059; x_wconf 78' lang='lat' dir='ltr'>exn</span> <span class='ocrx_word' id='word_1_1318' title='bbox 1463 3039 1494 3059; x_wconf 77' lang='lat' dir='ltr'>lei</span> <span class='ocrx_word' id='word_1_1319' title='bbox 1504 3041 1509 3045; x_wconf 89' lang='lat'>&#39;</span> 
     </span>
     <span class='ocr_line' id='line_1_165' title="bbox 1382 3052 2415 3111; baseline 0.004 -14"><span class='ocrx_word' id='word_1_1320' title='bbox 1382 3052 1600 3098; x_wconf 76' lang='lat' dir='ltr'>Damus’etiam</span> <span class='ocrx_word' id='word_1_1321' title='bbox 1622 3070 1655 3100; x_wconf 89' lang='lat'>&amp;</span> <span class='ocrx_word' id='word_1_1322' title='bbox 1673 3067 1857 3098; x_wconf 89' lang='lat' dir='ltr'>concedimus</span> <span class='ocrx_word' id='word_1_1323' title='bbox 1874 3078 1925 3106; x_wconf 89' lang='lat' dir='ltr'>per</span> <span class='ocrx_word' id='word_1_1324' title='bbox 1939 3067 2094 3100; x_wconf 87' lang='lat' dir='ltr'>Praesentes</span> <span class='ocrx_word' id='word_1_1325' title='bbox 2103 3069 2198 3100; x_wconf 89' lang='lat' dir='ltr'>eidem</span> <span class='ocrx_word' id='word_1_1326' title='bbox 2211 3069 2415 3111; x_wconf 71' lang='lat' dir='ltr'>Confinguineo</span> 
     </span>
     <span class='ocr_line' id='line_1_166' title="bbox 1348 3105 2411 3148; baseline 0.005 -13"><span class='ocrx_word' id='word_1_1327' title='bbox 1348 3105 1436 3145; x_wconf 77' lang='lat' dir='ltr'>nostro</span> <span class='ocrx_word' id='word_1_1328' title='bbox 1452 3107 1531 3144; x_wconf 80' lang='lat' dir='ltr'>quod</span> <span class='ocrx_word' id='word_1_1329' title='bbox 1549 3107 1618 3144; x_wconf 79' lang='lat' dir='ltr'>ipse,</span> <span class='ocrx_word' id='word_1_1330' title='bbox 1638 3109 1746 3137; x_wconf 74' lang='lat' dir='ltr'>ratione</span> <span class='ocrx_word' id='word_1_1331' title='bbox 1761 3106 1863 3138; x_wconf 84' lang='lat' dir='ltr'>Officii</span> <span class='ocrx_word' id='word_1_1332' title='bbox 1881 3107 1919 3137; x_wconf 90' lang='lat' dir='ltr'>sui</span> <span class='ocrx_word' id='word_1_1333' title='bbox 1934 3108 2064 3145; x_wconf 66' lang='lat' dir='ltr'>praedieti</span> <span class='ocrx_word' id='word_1_1334' title='bbox 2078 3108 2181 3140; x_wconf 69' lang='lat' dir='ltr'>habeat</span> <span class='ocrx_word' id='word_1_1335' title='bbox 2195 3119 2271 3148; x_wconf 84' lang='lat' dir='ltr'>gerat</span> <span class='ocrx_word' id='word_1_1336' title='bbox 2287 3110 2319 3140; x_wconf 91' lang='lat'>&amp;</span> <span class='ocrx_word' id='word_1_1337' title='bbox 2332 3109 2411 3141; x_wconf 86' lang='lat' dir='ltr'>defe-</span> 
     </span>
     <span class='ocr_line' id='line_1_167' title="bbox 1347 3146 2413 3186; baseline 0.005 -12"><span class='ocrx_word' id='word_1_1338' title='bbox 1347 3154 1406 3182; x_wconf 83' lang='lat' dir='ltr'>rat,</span> <span class='ocrx_word' id='word_1_1339' title='bbox 1427 3153 1486 3175; x_wconf 78' lang='lat' dir='ltr'>tam</span> <span class='ocrx_word' id='word_1_1340' title='bbox 1509 3147 1537 3175; x_wconf 91' lang='lat' dir='ltr'>iri</span> <span class='ocrx_word' id='word_1_1341' title='bbox 1559 3146 1707 3175; x_wconf 50' lang='lat' dir='ltr'>Przel&#39;entia</span> <span class='ocrx_word' id='word_1_1342' title='bbox 1728 3146 1823 3175; x_wconf 88' lang='lat' dir='ltr'>nostra</span> <span class='ocrx_word' id='word_1_1343' title='bbox 1847 3146 1936 3182; x_wconf 70' lang='lat' dir='ltr'>quarn</span> <span class='ocrx_word' id='word_1_1344' title='bbox 1957 3146 1986 3175; x_wconf 88' lang='lat' dir='ltr'>in</span> <span class='ocrx_word' id='word_1_1345' title='bbox 2008 3147 2140 3177; x_wconf 89' lang='lat' dir='ltr'>Absentia</span> <span class='ocrx_word' id='word_1_1346' title='bbox 2163 3148 2276 3186; x_wconf 87' lang='lat' dir='ltr'>nostra,</span> <span class='ocrx_word' id='word_1_1347' title='bbox 2294 3148 2413 3179; x_wconf 88' lang='lat' dir='ltr'>durante</span> 
     </span>
     <span class='ocr_line' id='line_1_168' title="bbox 1347 3183 2414 3225; baseline 0.005 -12"><span class='ocrx_word' id='word_1_1348' title='bbox 1347 3184 1493 3214; x_wconf 87' lang='lat' dir='ltr'>Termino</span> <span class='ocrx_word' id='word_1_1349' title='bbox 1511 3184 1659 3221; x_wconf 62' lang='lat' dir='ltr'>praedicto,</span> <span class='ocrx_word' id='word_1_1350' title='bbox 1685 3184 1826 3222; x_wconf 74' lang='lat' dir='ltr'>quendam</span> <span class='ocrx_word' id='word_1_1351' title='bbox 1850 3183 1988 3214; x_wconf 85' lang='lat' dir='ltr'>Baculum</span> <span class='ocrx_word' id='word_1_1352' title='bbox 2002 3185 2133 3217; x_wconf 88' lang='lat' dir='ltr'>Aureum</span> <span class='ocrx_word' id='word_1_1353' title='bbox 2148 3186 2182 3216; x_wconf 87' lang='lat' dir='ltr'>ad</span> <span class='ocrx_word' id='word_1_1354' title='bbox 2195 3194 2350 3225; x_wconf 88' lang='lat' dir='ltr'>utrumque</span> <span class='ocrx_word' id='word_1_1355' title='bbox 2364 3187 2414 3218; x_wconf 85' lang='lat' dir='ltr'>Fi-</span> 
     </span>
     <span class='ocr_line' id='line_1_169' title="bbox 1348 3222 2410 3262; baseline 0.005 -11"><span class='ocrx_word' id='word_1_1356' title='bbox 1348 3231 1415 3252; x_wconf 90' lang='lat' dir='ltr'>nem</span> <span class='ocrx_word' id='word_1_1357' title='bbox 1435 3222 1471 3252; x_wconf 93' lang='lat' dir='ltr'>de</span> <span class='ocrx_word' id='word_1_1358' title='bbox 1488 3224 1569 3262; x_wconf 85' lang='lat' dir='ltr'>nigro</span> <span class='ocrx_word' id='word_1_1359' title='bbox 1584 3223 1749 3252; x_wconf 74' lang='lat' dir='ltr'>annulatum</span> <span class='ocrx_word' id='word_1_1360' title='bbox 1759 3245 1768 3259; x_wconf 93' lang='lat'>,</span> <span class='ocrx_word' id='word_1_1361' title='bbox 1784 3223 1817 3253; x_wconf 89' lang='lat'>&amp;</span> <span class='ocrx_word' id='word_1_1362' title='bbox 1836 3232 1904 3252; x_wconf 90' lang='lat' dir='ltr'>cum</span> <span class='ocrx_word' id='word_1_1363' title='bbox 1919 3223 2010 3262; x_wconf 88' lang='lat' dir='ltr'>Signo</span> <span class='ocrx_word' id='word_1_1364' title='bbox 2025 3225 2184 3255; x_wconf 85' lang='lat' dir='ltr'>Armorum</span> <span class='ocrx_word' id='word_1_1365' title='bbox 2199 3224 2361 3256; x_wconf 87' lang='lat' dir='ltr'>nostrorum</span> <span class='ocrx_word' id='word_1_1366' title='bbox 2380 3225 2410 3256; x_wconf 85' lang='lat' dir='ltr'>in</span> 
     </span>
     <span class='ocr_line' id='line_1_170' title="bbox 1346 3259 2411 3303; baseline 0.005 -14"><span class='ocrx_word' id='word_1_1367' title='bbox 1346 3259 1489 3297; x_wconf 90' lang='lat' dir='ltr'>superiore</span> <span class='ocrx_word' id='word_1_1368' title='bbox 1508 3261 1579 3290; x_wconf 86' lang='lat' dir='ltr'>Fine</span> <span class='ocrx_word' id='word_1_1369' title='bbox 1596 3261 1665 3290; x_wconf 66' lang='lat' dir='ltr'>dieti</span> <span class='ocrx_word' id='word_1_1370' title='bbox 1695 3260 1790 3291; x_wconf 84' lang='lat' dir='ltr'>Baculi</span> <span class='ocrx_word' id='word_1_1371' title='bbox 1817 3270 1951 3292; x_wconf 88' lang='lat' dir='ltr'>ornatum</span> <span class='ocrx_word' id='word_1_1372' title='bbox 1966 3284 1975 3300; x_wconf 83' lang='lat'>,</span> <span class='ocrx_word' id='word_1_1373' title='bbox 2002 3262 2079 3293; x_wconf 78' lang='lat' dir='ltr'>licite</span> <span class='ocrx_word' id='word_1_1374' title='bbox 2102 3264 2134 3294; x_wconf 89' lang='lat'>&amp;</span> <span class='ocrx_word' id='word_1_1375' title='bbox 2156 3264 2291 3303; x_wconf 77' lang='lat' dir='ltr'>impune,</span> <span class='ocrx_word' id='word_1_1376' title='bbox 2308 3264 2411 3302; x_wconf 87' lang='lat' dir='ltr'>absque</span> 
     </span>
     <span class='ocr_line' id='line_1_171' title="bbox 1347 3299 2410 3341; baseline 0.006 -14"><span class='ocrx_word' id='word_1_1377' title='bbox 1347 3299 1526 3335; x_wconf 88' lang='lat' dir='ltr'>impetitione</span> <span class='ocrx_word' id='word_1_1378' title='bbox 1551 3299 1640 3328; x_wconf 88' lang='lat' dir='ltr'>nostri</span> <span class='ocrx_word' id='word_1_1379' title='bbox 1657 3299 1701 3329; x_wconf 93' lang='lat' dir='ltr'>vel</span> <span class='ocrx_word' id='word_1_1380' title='bbox 1716 3299 1874 3330; x_wconf 82' lang='lat' dir='ltr'>Haeredum</span> <span class='ocrx_word' id='word_1_1381' title='bbox 1893 3299 2074 3339; x_wconf 89' lang='lat' dir='ltr'>nostrorum,</span> <span class='ocrx_word' id='word_1_1382' title='bbox 2088 3301 2316 3341; x_wconf 78' lang='lat' dir='ltr'>justiciariorum</span> <span class='ocrx_word' id='word_1_1383' title='bbox 2331 3301 2410 3332; x_wconf 82' lang='lat' dir='ltr'>Offi-</span> 
     </span>
     <span class='ocr_line' id='line_1_172' title="bbox 1346 3336 2372 3380; baseline 0.002 -12"><span class='ocrx_word' id='word_1_1384' title='bbox 1346 3338 1498 3368; x_wconf 83' lang='lat' dir='ltr'>ciariorum</span> <span class='ocrx_word' id='word_1_1385' title='bbox 1514 3336 1560 3367; x_wconf 86' lang='lat' dir='ltr'>seu</span> <span class='ocrx_word' id='word_1_1386' title='bbox 1576 3337 1696 3368; x_wconf 87' lang='lat' dir='ltr'>aliorum</span> <span class='ocrx_word' id='word_1_1387' title='bbox 1711 3336 1915 3369; x_wconf 88' lang='lat' dir='ltr'>Ministrorum</span> <span class='ocrx_word' id='word_1_1388' title='bbox 1930 3338 2097 3371; x_wconf 86' lang='lat' dir='ltr'>nostrorum</span> <span class='ocrx_word' id='word_1_1389' title='bbox 2113 3349 2372 3380; x_wconf 86' lang='lat' dir='ltr'>quorumcumque.</span> 
     </span>
    </p>
   </div>
   <div class='ocr_carea' id='block_1_32' title="bbox 1383 3410 2250 3608">
    <p class='ocr_par' dir='ltr' id='par_1_42' title="bbox 1383 3410 2250 3608">
     <span class='ocr_line' id='line_1_173' title="bbox 1383 3410 1659 3452; baseline 0 -8"><span class='ocrx_word' id='word_1_1390' title='bbox 1383 3413 1418 3444; x_wconf 88' lang='lat' dir='ltr'>Iri</span> <span class='ocrx_word' id='word_1_1391' title='bbox 1435 3414 1512 3451; x_wconf 84' lang='lat' dir='ltr'>cujus</span> <span class='ocrx_word' id='word_1_1392' title='bbox 1525 3414 1583 3452; x_wconf 88' lang='lat' dir='ltr'>rei,</span> <span class='ocrx_word' id='word_1_1393' title='bbox 1598 3410 1659 3448; x_wconf 61' lang='grc' dir='ltr'>ὀνο.</span> 
     </span>
     <span class='ocr_line' id='line_1_174' title="bbox 1384 3489 2232 3531; baseline 0.002 -11"><span class='ocrx_word' id='word_1_1394' title='bbox 1384 3489 1475 3521; x_wconf 89' lang='lat' dir='ltr'>Teste</span> <span class='ocrx_word' id='word_1_1395' title='bbox 1493 3490 1577 3530; x_wconf 87' lang='lat' dir='ltr'>Rege</span> <span class='ocrx_word' id='word_1_1396' title='bbox 1588 3489 1661 3531; x_wconf 81' lang='lat' dir='ltr'>apud</span> <span class='ocrx_word' id='word_1_1397' title='bbox 1677 3490 1956 3531; x_wconf 74' lang='lat' dir='ltr'>Wstmonasterium‚</span> <span class='ocrx_word' id='word_1_1398' title='bbox 1973 3493 2056 3523; x_wconf 87' lang='lat' dir='ltr'>tertio</span> <span class='ocrx_word' id='word_1_1399' title='bbox 2072 3491 2132 3524; x_wconf 90' lang='lat' dir='ltr'>Die</span> <span class='ocrx_word' id='word_1_1400' title='bbox 2146 3491 2232 3524; x_wconf 85' lang='lat' dir='ltr'>Maii.</span> 
     </span>
     <span class='ocr_line' id='line_1_175' title="bbox 1981 3567 2250 3608; baseline 0 -10"><span class='ocrx_word' id='word_1_1401' title='bbox 1981 3571 2037 3598; x_wconf 80' lang='lat' dir='ltr'>Per</span> <span class='ocrx_word' id='word_1_1402' title='bbox 2047 3567 2130 3608; x_wconf 83' lang='lat' dir='ltr'>ipsum</span> <span class='ocrx_word' id='word_1_1403' title='bbox 2144 3571 2250 3606; x_wconf 82' lang='lat' dir='ltr'>Regem.</span> 
     </span>
    </p>
   </div>
   <div class='ocr_carea' id='block_1_33' title="bbox 1356 3690 2416 3774">
    <p class='ocr_par' dir='ltr' id='par_1_43' title="bbox 1356 3690 2416 3774">
     <span class='ocr_line' id='line_1_176' title="bbox 1356 3690 2416 3774; baseline 0.003 -48"><span class='ocrx_word' id='word_1_1404' title='bbox 1356 3696 1403 3736; x_wconf 89' lang='lat' dir='ltr'>(a)</span> <span class='ocrx_word' id='word_1_1405' title='bbox 1430 3693 1547 3726; x_wconf 88' lang='lat' dir='ltr'>Brevet</span> <span class='ocrx_word' id='word_1_1406' title='bbox 1572 3691 1668 3726; x_wconf 87' lang='lat' dir='ltr'>d&#39;une</span> <span class='ocrx_word' id='word_1_1407' title='bbox 1698 3690 1902 3774; x_wconf 60' lang='grc' dir='ltr'>ΡεῐιίῐοηΰῗῐιΓ</span> <span class='ocrx_word' id='word_1_1408' title='bbox 1915 3690 2028 3727; x_wconf 88' lang='lat' dir='ltr'>faveur</span> <span class='ocrx_word' id='word_1_1409' title='bbox 2047 3691 2088 3726; x_wconf 87' lang='lat' dir='ltr'>de</span> <span class='ocrx_word' id='word_1_1410' title='bbox 2108 3690 2351 3740; x_wconf 67' lang='lat' dir='ltr'>l&#39;Archeveque</span> <span class='ocrx_word' id='word_1_1411' title='bbox 2374 3692 2416 3729; x_wconf 74' lang='lat' dir='ltr'>de</span> 
     </span>
     <span class='ocr_line' id='line_1_177' title="bbox 1868 3751 1949 3774; baseline 0.012 -1"><span class='ocrx_word' id='word_1_1412' title='bbox 1868 3751 1882 3773; x_wconf 88' lang='lat' dir='ltr'>a</span> <span class='ocrx_word' id='word_1_1413' title='bbox 1898 3751 1949 3774; x_wconf 87' lang='lat' dir='ltr'>co.</span> 
     </span>
    </p>
   </div>
   <div class='ocr_carea' id='block_1_34' title="bbox 1354 3829 2421 3986">
    <p class='ocr_par' dir='ltr' id='par_1_44' title="bbox 1354 3829 2414 3910">
     <span class='ocr_line' id='line_1_178' title="bbox 1354 3829 2414 3910; baseline 0.003 -50"><span class='ocrx_word' id='word_1_1414' title='bbox 1354 3831 1389 3910; x_wconf 83' lang='lat' dir='ltr'>J</span> <span class='ocrx_word' id='word_1_1415' title='bbox 1401 3829 1489 3867; x_wconf 65' lang='lat' dir='ltr'>AQU</span> <span class='ocrx_word' id='word_1_1416' title='bbox 1500 3837 1517 3858; x_wconf 79' lang='grc' dir='ltr'>Ε</span> <span class='ocrx_word' id='word_1_1417' title='bbox 1529 3838 1557 3866; x_wconf 76' lang='lat' dir='ltr'>s,</span> <span class='ocrx_word' id='word_1_1418' title='bbox 1571 3838 1625 3868; x_wconf 85' lang='lat' dir='ltr'>par</span> <span class='ocrx_word' id='word_1_1419' title='bbox 1640 3829 1669 3859; x_wconf 84' lang='lat' dir='ltr'>la</span> <span class='ocrx_word' id='word_1_1420' title='bbox 1681 3840 1762 3867; x_wconf 86' lang='lat' dir='ltr'>grace</span> <span class='ocrx_word' id='word_1_1421' title='bbox 1772 3829 1806 3859; x_wconf 82' lang='lat' dir='ltr'>de</span> <span class='ocrx_word' id='word_1_1422' title='bbox 1819 3831 1909 3867; x_wconf 82' lang='lat' dir='ltr'>Dieu,</span> <span class='ocrx_word' id='word_1_1423' title='bbox 1927 3829 1988 3860; x_wconf 86' lang='lat' dir='ltr'>&amp;c.</span> <span class='ocrx_word' id='word_1_1424' title='bbox 2006 3831 2044 3858; x_wconf 90' lang='lat' dir='ltr'><em>A</em></span> <span class='ocrx_word' id='word_1_1425' title='bbox 2053 3834 2112 3858; x_wconf 82' lang='lat' dir='ltr'>tous</span> <span class='ocrx_word' id='word_1_1426' title='bbox 2126 3840 2192 3859; x_wconf 80' lang='lat' dir='ltr'>ceux</span> <span class='ocrx_word' id='word_1_1427' title='bbox 2206 3829 2224 3860; x_wconf 71' lang='grc' dir='ltr'><em>ἃ</em></span> <span class='ocrx_word' id='word_1_1428' title='bbox 2233 3833 2281 3873; x_wconf 83' lang='lat' dir='ltr'>qui</span> <span class='ocrx_word' id='word_1_1429' title='bbox 2290 3830 2330 3862; x_wconf 78' lang='lat' dir='ltr'>les</span> <span class='ocrx_word' id='word_1_1430' title='bbox 2346 3833 2414 3863; x_wconf 83' lang='lat' dir='ltr'>Pre-</span> 
     </span>
    </p>

    <p class='ocr_par' dir='ltr' id='par_1_45' title="bbox 1404 3867 1836 3907">
     <span class='ocr_line' id='line_1_179' title="bbox 1404 3867 1836 3907; baseline 0.002 -10"><span class='ocrx_word' id='word_1_1431' title='bbox 1404 3867 1498 3907; x_wconf 73' lang='lat' dir='ltr'>Jentes</span> <span class='ocrx_word' id='word_1_1432' title='bbox 1508 3869 1729 3907; x_wconf 70' lang='lat' dir='ltr'>parviendront‚</span> <span class='ocrx_word' id='word_1_1433' title='bbox 1748 3867 1836 3898; x_wconf 81' lang='lat' dir='ltr'>Salat,</span> 
     </span>
    </p>

    <p class='ocr_par' dir='ltr' id='par_1_46' title="bbox 1398 3903 2421 3986">
     <span class='ocr_line' id='line_1_180' title="bbox 1398 3903 2415 3948; baseline 0 -10"><span class='ocrx_word' id='word_1_1434' title='bbox 1398 3905 1503 3938; x_wconf 85' lang='lat' dir='ltr'>Sachez</span> <span class='ocrx_word' id='word_1_1435' title='bbox 1523 3917 1573 3947; x_wconf 83' lang='lat' dir='ltr'>que</span> <span class='ocrx_word' id='word_1_1436' title='bbox 1581 3930 1590 3946; x_wconf 87' lang='lat'>‚</span> <span class='ocrx_word' id='word_1_1437' title='bbox 1609 3907 1642 3937; x_wconf 84' lang='lat' dir='ltr'>de</span> <span class='ocrx_word' id='word_1_1438' title='bbox 1658 3915 1737 3937; x_wconf 83' lang='lat' dir='ltr'>notre</span> <span class='ocrx_word' id='word_1_1439' title='bbox 1746 3917 1827 3944; x_wconf 78' lang='lat' dir='ltr'>grace</span> <span class='ocrx_word' id='word_1_1440' title='bbox 1837 3904 1950 3945; x_wconf 70' lang='lat' dir='ltr'>speciale</span> <span class='ocrx_word' id='word_1_1441' title='bbox 1958 3928 1968 3944; x_wconf 86' lang='lat'>‚</span> <span class='ocrx_word' id='word_1_1442' title='bbox 1978 3903 2081 3945; x_wconf 77' lang='lat' dir='ltr'>fiience</span> <span class='ocrx_word' id='word_1_1443' title='bbox 2094 3909 2217 3938; x_wconf 81' lang='lat' dir='ltr'>certaine</span> <span class='ocrx_word' id='word_1_1444' title='bbox 2229 3907 2268 3944; x_wconf 63' lang='grc' dir='ltr'>ὠ·</span> <span class='ocrx_word' id='word_1_1445' title='bbox 2277 3916 2330 3948; x_wconf 83' lang='lat' dir='ltr'>pur</span> <span class='ocrx_word' id='word_1_1446' title='bbox 2342 3918 2415 3938; x_wconf 73' lang='lat' dir='ltr'>mon-</span> 
     </span>
     <span class='ocr_line' id='line_1_181' title="bbox 2298 3953 2421 3986; baseline -0.008 -8"><span class='ocrx_word' id='word_1_1447' title='bbox 2298 3953 2421 3986; x_wconf 69' lang='lat' dir='ltr'>vernent,</span> 
     </span>
    </p>
   </div>
   <div class='ocr_carea' id='block_1_35' title="bbox 1399 4020 1992 4058">
    <p class='ocr_par' dir='ltr' id='par_1_47' title="bbox 1399 4020 1992 4058">
     <span class='ocr_line' id='line_1_182' title="bbox 1399 4020 1992 4058; baseline 0.002 -10"><span class='ocrx_word' id='word_1_1448' title='bbox 1399 4021 1438 4058; x_wconf 78' lang='lat' dir='ltr'>(a)</span> <span class='ocrx_word' id='word_1_1449' title='bbox 1460 4022 1500 4049; x_wconf 90' lang='lat' dir='ltr'>Ce</span> <span class='ocrx_word' id='word_1_1450' title='bbox 1520 4022 1613 4050; x_wconf 85' lang='lat' dir='ltr'>Brevet</span> <span class='ocrx_word' id='word_1_1451' title='bbox 1633 4033 1647 4051; x_wconf 83' lang='lat' dir='ltr'>a</span> <span class='ocrx_word' id='word_1_1452' title='bbox 1666 4022 1710 4051; x_wconf 74' lang='grc' dir='ltr'>ἑτέ</span> <span class='ocrx_word' id='word_1_1453' title='bbox 1728 4023 1813 4051; x_wconf 91' lang='lat' dir='ltr'>rendu</span> <span class='ocrx_word' id='word_1_1454' title='bbox 1832 4024 1859 4051; x_wconf 86' lang='lat'>&amp;</span> <span class='ocrx_word' id='word_1_1455' title='bbox 1877 4020 1992 4050; x_wconf 68' lang='lat' dir='ltr'>annulle.</span> 
     </span>
    </p>
   </div>
  </div>
 </body>
</html>
