2557 4279
16 240 87 273 Ann.
97 235 140 266 D.

11 292 13 294 ¹
31 277 114 308 1621.

15 313 145 353 19Jac.1.

11 421 71 450 1bi'd.
89 426 113 457 p.

15 470 56 497 ²3-
68 469 92 486 n.
108 461 135 486 6.

9 795 30 826 Ἰο(
44 793 142 822 XVII.

11 841 73 870 305·

6 1303 81 1335 Ann.
95 1299 136 1331 D.

27 1341 111 1371 1621.

3 1386 59 1410 Par.
78 1389 118 1413 ¹9-

4 1419 135 1458 J.t.p.21.

6 1468 30 1485 n.
50 1465 74 1492 3.

2 2216 78 2248 Ann.
92 2215 134 2247 D.

28 2256 111 2284 1621.

17 3690 95 3721 Ann.
104 3689 146 3720 D.

37 3730 122 3759 1621.

17 3772 57 3795 Ex
73 3773 131 3795 Au-

17 3813 82 3843 togr.

18 3850 83 3881 penes
97 3848 150 3872 Ca-

19 3893 111 3911 mern?-

14 3925 137 3953 ,Scaccaru

21 3958 38 3973 ⁸
57 3961 157 3987 XVII.

24 3999 84 4033 306.

718 145 829 185 ET
913 146 1182 188 ACTA

330 320 380 351 De
395 319 532 350 Licentia
549 317 688 364 Eligendi
696 329 750 364 pro
768 320 904 366 Episcopo
926 318 1056 352 London.

222 403 297 439 EX,
315 403 426 433 dileffls
449 403 532 433 nobis
554 403 581 432 in
603 402 737 441 Christo,
754 407 867 433 Decano
888 403 926 438 ὠ·
943 403 1068 444 Capitale
1081 403 1216 435 Ecclefiae

234 442 408 473 Cathedralis
421 441 477 472 divi
495 441 592 478 Pauli,
612 441 748 472 London.
769 442 903 471 Salutem*

194 480 238 510 Ex
252 489 328 517 parte
345 480 433 510 vestra
448 481 530 510 nobis
543 479 584 509 est
600 479 744 510 humiliter
755 479 938 517 supplicatum
955 488 984 510 ut
998 504 1007 516 ‚
1027 481 1096 510 cum
1113 480 1216 511 Eccle-

157 518 191 548 fia
208 518 359 556 praedicsta,
379 528 427 555 per
443 518 574 549 Mortem
595 518 749 548 naturalem
768 518 860 548 ultimi
873 517 1006 554 Episcopi
1019 519 1142 555 ejusdem
1160 521 1214 549 'arn

154 565 252 594 vacet,
268 558 302 588 &
316 556 435 586 Pastoris
452 556 482 586 lit
496 556 594 586 solatio
610 555 755 594 destituta,
769 557 855 586 aliurn
872 555 952 584 vobis
967 555 1086 594 eligendi
1098 558 1126 587 in
1173 559 1215 594 pi-

154 594 273 663 gcopudm
289 595 322 625 ὃ(
332 594 476 625 Pastorem
492 594 651 625 Licentiam
667 593 791 624 nostram
805 592 993 624 fundatoriarn
1010 594 1090 624 vobis
1107 605 1213 626 conce-

176 641 220 664 ere
254 644 261 662 i
282 643 425 664 naremur·

192 641 428 709 Nosffprecibus‘
434 670 528 701 vestris
540 670 570 699 in
584 669 638 700 hac
654 677 731 708 parte
743 679 811 701 cum
825 670 924 701 favore
938 670 1103 702 inclinantes
1112 672 1215 709 ,alium

155 710 239 740 vobis
253 709 386 740 duximus
401 707 616 740 concedendum
625 732 634 745 ,

196 747 362 786 Rogantes,
379 757 412 778 ac
434 748 462 776 in
482 745 538 776 fide
560 747 592 777 ὃς
614 745 767 776 dilectione
781 746 882 783 quibus
896 747 978 776 nobis
994 748 1127 776 tenemini
1142 757 1214 784 prae-

157 787 308 825 cipientes,
327 786 407 823 quod
422 784 505 815 talem
519 786 601 815 vobis
618 785 720 822 eligatis
732 785 761 813 in
778 786 796 803 ²*
812 784 985 822 Episcopum
1000 785 1032 814 δε
1046 784 1211 822 Pastorem,

159 826 227 893 quist
235 824 304 855 Deo
326 824 444 854 devotus
458 845 468 861 ,
501 822 655 861 Nobisque
676 822 709 854 &
732 822 838 861 Regno
856 822 954 854 nostro
977 823 1049 854 utilis
1073 824 1107 854 ὃς
1129 823 1216 854 fidelis

158 872 202 894 exi
228 871 262 893 at.

195 939 230 970 In
244 939 323 978 cujus
337 939 392 976 rei,
409 938 470 969 &c.

194 1015 284 1047 Teste
307 1015 390 1054 Rege
408 1014 481 1054 apud
504 1013 774 1054 Wstmonasterium,
793 1012 927 1053 vigefimo
941 1014 1016 1045 serto
1031 1013 1076 1044 die
1087 1013 1176 1053 Junii.

655 1093 709 1121 Per
723 1093 818 1121 Breve
831 1091 863 1120 de
876 1093 997 1121 Privato
1009 1090 1109 1130 Sigillo.

313 1208 362 1240 De
381 1210 529 1240 Licientia
547 1206 686 1254 Eligendi
698 1217 753 1252 pro
774 1205 912 1252 Epifiopo
933 1195 1059 1243 echios

159 1294 210 1348 R
220 1291 301 1328 EX,
319 1292 426 1327 ‚dileffls
441 1294 523 1323 nobis
547 1293 576 1323 in
590 1292 723 1329 Christo,
746 1294 858 1323 Decano
877 1290 916 1326 ὠ
940 1291 1062 1330 capitulo
1077 1290 1214 1322 Ecclesiae

232 1331 406 1360 Cathedralis
419 1330 594 1361 Carlioleniis
603 1353 611 1365 ,
628 1331 761 1361 Salutem.

195 1367 237 1397 Ex
255 1378 330 1405 parte
345 1369 434 1400 vestra
448 1370 529 1399 nobis
545 1369 585 1399 est
600 1369 744 1399 humiliter
756 1368 939 1408 supplicatum
953 1377 1001 1407 ut,
1027 1370 1096 1399 cum
1112 1367 1215 1398 Eccle-

158 1405 191 1434 sia
208 1407 357 1445 praedida,
364 1417 413 1448 per
430 1407 564 1438 Mortem
578 1408 730 1437 naturalem
746 1408 839 1439 ultimi
856 1409 987 1447 Episcopi
1002 1407 1143 1445 ejusdem,
1153 1407 1213 1444 jam

155 1453 253 1483 vacet,
267 1447 300 1476 ὃς
315 1445 434 1476 Pastoris
448 1446 478 1476 sit
494 1446 588 1476 solatio
602 1445 748 1482 destituta,
761 1448 847 1477 alium
867 1448 949 1477 vobis
965 1445 1084 1485 eligendi
1098 1446 1127 1474 in
1144 1445 1214 1482 Epi-

154 1481 274 1520 scopum
291 1485 323 1515 &
341 1483 485 1514 Pastorem
502 1483 661 1514 Licentiam
684 1484 809 1515 nostram
830 1485 1022 1516 fundatoriam
1042 1483 1125 1513 vobis
1141 1492 1215 1513 con-

154 1522 256 1551 cedere
272 1523 298 1550 di
321 1529 466 1559 naremur3

193 1559 276 1596 Nos,
297 1531 430 1589 Precibus
440 1560 542 1589 'vestris
561 1560 590 1589 in
604 1560 658 1590 hac
673 1569 750 1597 parte
763 1561 951 1592 favorabiliter
965 1559 1148 1597 inclinantes,
1163 1558 1214 1588 Li-

156 1598 278 1628 centiam
296 1597 371 1627 illam
388 1599 468 1627 vobi<
481 1598 610 1627 duximus
624 1599 863 1637 concedendum3
1108 1635 1113 1640 ¹

194 1635 343 1672 Rogantes
356 1646 390 1666 ac
407 1637 435 1664 in
451 1635 505 1665 fide
529 1637 562 1667 &
582 1635 735 1666 dilectione
753 1639 854 1674 quibus
875 1637 957 1666 nobis
981 1636 1114 1666 tenemini
1141 1644 1213 1672 prae-

154 1674 305 1711 cipientes,
332 1674 411 1711 quod
435 1675 519 1704 talem
542 1675 624 1705 vobis
645 1675 750 1711 eligatis
769 1676 796 1704 in
812 1675 985 1712 Episcopum
1001 1675 1034 1704 ὃς
1048 1672 1211 1710 Pastorem,

155 1713 205 1780 {im
221 1712 290 1743 Deo
309 1712 430 1743 devotus
439 1735 449 1751 2
467 1712 501 1743 N
504 1712 623 1751 obisque
635 1713 668 1743 &
686 1712 792 1753 Regno
806 1713 904 1744 nostro
917 1712 991 1744 utilis
1006 1713 1040 1743 &
1054 1711 1140 1742 fidelis
1154 1711 1214 1741 exi-

182 1758 216 1781 at.

190 1826 225 1857 In
240 1828 319 1865 cujus
334 1829 390 1866 rei,
408 1828 468 1859 &c.

190 1902 280 1935 Teste
295 1904 378 1944 Rege
392 1904 468 1943 apud
486 1903 759 1944 Westmonasterium,
779 1904 895 1936 decimo
907 1910 1008 1942 quarto
1022 1902 1066 1933 die
1079 1901 1157 1941 Julii.

647 1984 700 2012 Per
717 1984 812 2012 Breve
826 1981 859 2011 de
878 1983 996 2011 Privato
1007 1978 1107 2019 Sigillo.

368 2111 475 2156 Regius
491 2108 627 2155 Afflnfhs
636 2119 692 2155 pro
710 2108 847 2155 Epiftopo
865 2106 998 2141 London.

159 2192 294 2251 REX,
313 2193 560 2239 Reverendiffir-n'o
578 2195 607 2239 in
620 2193 740 2225 Christo
755 2193 851 2238 Patri,
865 2203 899 2224 ac
917 2192 1082 2239 praed-ileero
1096 2193 1128 2223 ὃς
1153 2202 1214 2239 per-

239 2242 324 2269 quam
339 2232 414 2263 fideli
433 2233 604 2263 Coniiliario
624 2233 740 2270 nostro,
750 2232 886 2262 Domino
901 2235 1012 2268 Georgia
1027 2235 1214 2260 Cantuarten-

150 2269 180 2309 fi
196 2269 399 2315 Archiepifiqpo
413 2295 423 2308 ,
438 2282 471 2302 ac
493 2272 550 2302 aliis
568 2272 781 2309 quibuscunque
805 2269 952 2308 Episcopis
976 2279 1101 2307 quorum
1118 2270 1147 2299 in
1161 2270 1214 2300 hac

104 2317 109 2321 ·
158 2317 236 2346 parte
253 2318 394 2347 intererit,
413 2310 547 2340 Salutem.

196 2346 293 2385 Cum,
311 2358 429 2378 vacante
446 2358 534 2385 nuper
551 2347 622 2377 Sede
636 2346 793 2385 Episcopali
809 2346 1001 2384 Londinenfi,
1017 2355 1066 2384 per
1085 2344 1215 2388 Mortem

158 2386 314 2416 naturalem
328 2385 491 2417 Reverendi
506 2387 537 2416 in
552 2385 672 2416 Chi-isto
687 2385 774 2415 Patris
784 2384 926 2424 Johannis
940 2387 1029 2421 Kinge
1043 2393 1132 2421 nuper
1147 2383 1216 2420 Epi-

156 2423 281 2460 scopi&
302 2424 423 2455 Pastoris
444 2424 568 2462 ibidem,
590 2424 623 2454 :id
637 2424 780 2454 humilem
802 2423 973 2454 Petitionem
987 2426 1095 2452 Decani
1108 2421 1145 2456 ῤ’
1162 2425 1215 2451 Ca-

150 2461 238 2499 pituli
251 2462 385 2493 Ecclesiae
399 2463 501 2493 nostrae
513 2462 688 2493 Cathedralis
705 2462 801 2492 saneti
815 2462 893 2492 Pauli
909 2461 1034 2491 Londini
1046 2471 1094 2504 per
1110 2460 1216 2504 Literas

155 2499 263 2530 nostras
282 2501 413 2532 Patentes
434 2501 595 2531 Licentiam
617 2500 841 2531 concesserimus
861 2500 950 2530 aliurn
971 2500 1022 2529 sibi
1043 2498 1163 2535 eligendi
1185 2508 1215 2527 in

156 2537 333 2576 Episcopum
352 2540 385 2570 &
405 2538 554 2570 Pastorem
569 2538 647 2568 Sedis
663 2538 825 2577 praedidiae3

192 2575 284 2607 Iidem
304 2580 431 2607 Decanus
455 2576 494 2612 &
515 2576 686 2616 Capitulum,
704 2578 801 2615 vigore
822 2578 855 2608 δε
874 2577 996 2606 obtentu
1011 2575 1149 2606 Licentiae
1162 2584 1217 2605 no-

156 2613 222 2644 strae
234 2616 394 2653 praedictae,
414 2615 620 2646 Reverendum
644 2616 671 2645 in
695 2614 813 2645 Christo
828 2615 961 2652 Patrem,
977 2616 1116 2650 Georgium
1132 2616 1216 2643 Mon-

157 2657 249 2690 taigue
269 2654 363 2684 Sacrae
383 2654 560 2690 Theologice
576 2653 771 2684 Profefforem
787 2652 1016 2683 Lincolniensem
1031 2651 1216 2690 Episcopum,

158 2691 210 2721 fibi
227 2693 259 2722 &
275 2692 408 2723 Ecclesiae
421 2692 564 2730 praedidiae
577 2692 719 2731 elegerunt
741 2693 770 2721 in
794 2690 968 2729 Episcopum
993 2692 1026 2722 δε
1049 2690 1216 2728 Pastorem,

158 2739 243 2797 {tout
267 2741 314 2767 per
339 2731 443 2761 Literas
466 2732 523 2761 suas
536 2731 637 2770 Sigillo
652 2729 775 2767 Capituli
788 2729 910 2768 ejusdem
925 2728 1059 2760 Ecclefiae
1074 2728 1215 2768 sigillatas,

185 2767 260 2798 'obis
275 2769 342 2799 inde
360 2769 495 2807 directas,
513 2769 621 2806 plenius
633 2769 720 2806 liquet
734 2769 767 2798 δε
783 2775 910 2806 apparet:

199 2806 288 2844 Nos,
308 2806 489 2838 Elefflonem
511 2807 587 2837 illam
604 2815 797 2844 acceptantes,
816 2806 910 2837 eidem
931 2805 1073 2837 Elec'lioni
1088 2805 1215 2845 Regium

157 2844 287 2875 nostrum
305 2846 453 2876 Aliensum
470 2845 648 2876 adhibuimus
663 2846 762 2882 pariter
778 2846 811 2876 &
831 2845 981 2882 favorem3
997 2844 1034 2875 Et
1053 2845 1110 2874 hoc
1134 2845 1216 2874 vobis

158 2882 482 2914 Tenore.Praesentium
499 2882 705 2920 significamus,
729 2882 893 2921 Rogantes,
911 2892 944 2913 ac
966 2884 995 2912 in
1017 2882 1073 2913 fide
1093 2883 1125 2913 &
1147 2882 1217 2913 dile-

158 2920 256 2950 &ione
280 2923 381 2959 quibus
402 2922 502 2952 Nobis
525 2923 662 2952 tenemini
683 2921 798 2951 firmiter
818 2921 1009 2958 praecipiendo
1030 2921 1193 2950 mandantes
1206 2944 1215 2957 ,

160 2967 297 2996 quatenus
318 2960 381 2989 Vos
403 2960 525 2989 eundern
549 2962 687 2996 Georgium
702 2962 864 2996 Montaigue
878 2961 907 2989 in
920 2959 1095 2996 Episcopum
1112 2959 1145 2989 &
1162 2959 1214 2989 Pa-

158 2997 266 3027 storem
281 2996 413 3027 Ecclesiae
430 2997 602 3028 Cathedralis
617 2999 650 3028 δε
667 2997 744 3028 Sedis
765 2998 909 3034 praedictae
927 2997 1114 3034 confirmare,
1131 3005 1216 3028 caete-

159 3045 245 3071 raque
259 3036 357 3066 omnia
371 3036 404 3066 &
421 3036 526 3074 singula
542 3036 631 3066 facere
647 3035 680 3065 &
695 3045 840 3074 peragere,
853 3045 916 3073 quae
931 3035 1026 3066 vestro
1041 3036 1068 3064 in
1086 3035 1140 3065 hac
1154 3045 1217 3073 par—

159 3081 188 3103 te
202 3074 376 3104 incumbunt
391 3073 503 3104 Officio
518 3073 669 3111 pastorali,
683 3075 758 3111 juxra
775 3077 900 3104 formam
919 3073 1020 3104 Statuti
1044 3073 1139 3112 Regni
1161 3084 1216 3104 no-

159 3111 220 3181 {hii}
231 3111 344 3149 Angliae
358 3113 388 3143 in
403 3122 434 3143 ca
449 3121 530 3151 parte
543 3112 655 3143 editi&
670 3112 790 3151 provisi,
815 3112 906 3145 velitis
923 3122 992 3143 cum
1007 3112 1104 3144 favore
1119 3113 1152 3143 &
1174 3112 1217 3142 ef-

174 3160 207 3181 ec
222 3160 249 3182 u.

197 3227 234 3258 In
249 3228 327 3265 cujus
341 3229 400 3267 rei,
419 3229 480 3259 &c.

196 3303 288 3335 Teste
303 3304 385 3344 Rege
403 3304 476 3342 apud
491 3304 749 3345 Westmonasterium
760 3329 768 3344 ,
787 3306 863 3337 xviii.
877 3304 935 3336 Die
945 3305 1021 3345 Julii.

648 3385 706 3413 ‘Per
720 3387 813 3413 Breve
827 3382 860 3412 de
872 3385 993 3413 Privato
1006 3381 1106 3420 Sigille.

165 3513 293 3546 Foederis
318 3510 508 3545 Haerea'irarii
533 3513 618 3551 (initi
639 3508 793 3541 Londiniis
814 3511 947 3552 vicsfimo
963 3522 1033 3542 nono
1058 3509 1105 3542 die
1123 3511 1218 3556 Apri-

210 3562 246 3594 lis
269 3562 373 3595 ultimo
390 3562 547 3606 preteriti)
573 3557 760 3600 Confirmatio
775 3568 829 3603 per
846 3555 1047 3600 Christianum
1068 3568 1213 3605 quartum

211 3613 319 3656 Regem
341 3612 457 3643 Damae.

226 3695 385 3734 Hristianus
405 3700 535 3735 quartus,
560 3691 620 3722 Dei
642 3690 743 3721 Gratia
762 3693 882 3729 Daniae,
899 3691 1070 3730 Norwegiae‚
1087 3691 1224 3721 Vandalo-

247 3744 305 3762 rum
317 3737 511 3772 Gottorumque
531 3732 556 3760 R
568 3740 585 3761 E
595 3740 628 3767 x,
649 3729 710 3760 DU
719 3739 736 3757 X
757 3727 880 3768 Slefitici,
897 3729 1029 3797 HoZatiae
1039 3754 1048 3768 ,
1067 3733 1224 3760 Stormariae

171 3780 201 3797 ac
217 3771 409 3809 Dithmarfiae,
423 3771 539 3801 Comes
557 3773 585 3799 in
598 3768 755 3805 oldenburg
771 3767 808 3802 ὠ
824 3767 939 3797 Delmen
961 3768 1012 3806 orsl
1023 3790 1031 3805 ,
1050 3768 1170 3799 Notum
1185 3769 1226 3798 fa—

172 3808 264 3837 cimus
277 3811 408 3839 omnibus
422 3811 455 3840 &
470 3809 580 3847 singulis
596 3806 741 3844 praesentes
760 3806 864 3836 Literas
880 3806 1051 3843 inspecturis:

211 3845 228 3863 ²¹²
247 3845 422 3884 Postquam,
435 3849 506 3878 inter
524 3847 591 3876 Nos
606 3847 638 3875 ὃς
655 3844 867 3874 Sereniffimum
883 3844 1046 3881 Principem
1062 3844 1228 3874 Dominum

172 3882 307 3922 Jacobum
333 3888 443 3922 Magnae
462 3888 635 3922 Britannice,
651 3886 790 3920 Franciae,
808 3879 845 3916 &¹
870 3883 1009 3912 Hiberniae
1031 3887 1126 3920 Regem
1149 3882 1228 3912 Fidei

174 3921 379 3959 Defensorem,
399 3923 664 3962 (Jonranguineum,
685 3921 829 3958 Affinem,
850 3920 974 3951 Fratrem
989 3931 1023 3950 ac
1042 3920 1229 3957 Compatrem

208 4079 282 4107 Tam.
301 4078 374 4106 VH.
395 4077 499 4108 P,111.

176 3960 307 3990 nostrum
321 3960 512 3990 charissimum
528 3959 723 3997 convenisset,
743 3969 773 3989 ut
786 3958 936 3990 arctissima
952 3958 1130 3997 conjunctio
1143 3960 1175 3988 &
1192 3958 1232 3989 A-

176 3999 302 4034 micitia,
320 4008 405 4036 quam
420 4009 435 4027 a
453 3998 534 4029 Divis
554 3999 810 4029 Praedecefforibus
832 3996 931 4027 nostris
952 3998 982 4027 in
1006 3997 1074 4027 Nos
1096 4005 1234 4036 propaga-
1453 4030 1457 4034 ¹
1670 4029 1672 4033 y
1804 4026 1811 4033 ‚
1883 4027 1888 4031 ,
1928 4026 1932 4031 ,
2230 4028 2234 4032 ,

174 4045 254 4075 tam,
278 4036 402 4066 fraterno
424 4038 586 4068 animorum
605 4036 744 4068 consensu
769 4036 927 4075 mutuisque
948 4034 1044 4067 studiis
1067 4036 1100 4068 &
1121 4033 1235 4066 Officiis
1274 4035 1335 4066 lum
1352 4038 1491 4066 moverit,
1508 4028 1554 4060 Vel
1573 4027 1623 4066 Jus
1641 4027 1754 4065 ah‘lUOd
1793 4029 2021 4063 δυΡΕΠΟΠῈΉΕῚῺ
2042 4037 2088 4058 aut
2110 4027 2324 4058 Immumsaoem

1268 146 1746 194 PUBLIcA.
2246 172 2325 214 203

1260 232 1421 276 constanter
1435 234 1543 279 semper
1557 237 1716 276 coluimus,
1734 241 1877 278 quamque
1891 250 1950 271 non
1968 241 2060 272 solum
2076 243 2218 281 utriusque
2242 243 2320 285 Reg-
2335 244 2409 274 Ann.
2421 244 2462 275 D,-

1260 280 1302 300 nis
1318 281 1351 315 ac
1366 272 1523 303 Provinciis
1538 274 1651 318 Magno
1668 276 1848 308 Ornamento
1862 289 1894 310 ac
1911 279 2043 310 Praesidio
2058 281 2139 311 fuiffe
2151 304 2160 320 ,
2175 283 2220 313 sed
2235 286 2318 315 etiam
2351 285 2436 312 1621·

1261 308 1446 339 Subditorum
1464 309 1524 341 Res
1538 321 1653 349 privatas
1667 323 1751 351 atque
1774 316 1977 348 Emolumenta
1999 319 2118 350 mirifice
2142 322 2316 360 provexisse,
2334 324 2458 358 19Jum.

1260 356 1291 376 re
1303 347 1362 384 ipsa
1375 351 1585 387 comperimus,
1605 361 1684 382 novo
1699 353 1808 383 foedere
1823 355 1991 394 sanciretur,
2010 359 2042 388 &
2065 361 2098 388 ad
2123 359 2259 390 Haeredes
2281 370 2314 392 ac

1260 384 1437 416 Succeffores
1452 387 1563 417 nostros
1580 391 1709 426 utrinque
1723 401 1934 430 propagaretur:

1300 423 1390 467 Inque
1415 435 1481 455 eum
1511 425 1597 457 finem
1623 427 1777 466 Delegitos
1800 440 1832 459 ac
1858 431 2075 464 Commiffarios
2099 445 2167 465 cum
2193 436 2315 473 plenarifi¹

1258 460 1417 504 Automate
1430 464 1463 492 ὃ(
1478 463 1618 495 Potestate
1636 466 1765 503 utrinque
1780 468 2035 508 constituilsemus,
2053 474 2091 502 uti
2106 483 2140 503 ex
2157 475 2315 513 infrascrip-

1257 507 1292 529 tls
1322 499 1565 532 Commiffionum
1591 503 1708 540 ipfiirum
1735 505 1862 534 formulis
1888 509 1997 538 uberius
2022 510 2135 548 elucet3
2167 521 2250 551 atque
2273 514 2312 544 illi

1256 547 1275 567 n
1297 560 1303 567 .
1321 561 1327 567 .
1348 562 1354 567 .
1368 563 1382 583 Ι.
1403 550 1466 570 rum
1486 539 1731 572 Commiffionum
1750 542 1916 581 Negotium
1936 546 2110 584 sustipientes
2125 549 2161 579 de
2179 551 2313 582 Formula

1257 575 1292 606 δε
1309 577 1444 619 Articulis
1462 579 1620 616 hujusmodi
1645 603 1759 611 .....
1781 581 1959 613 Haereditarii
1978 585 2102 616 foederis
2121 589 2192 619 inter
2208 590 2233 620 se
2252 590 2313 627 ple-

1256 624 1332 644 narie
1350 617 1547 648 conveniffent
1563 619 1595 649 δε
1614 619 1829 657 transegissent,
1856 621 1893 650 ita
1912 629 2004 651 tamen
2022 633 2041 652 n
2071 646 2212 656 ......
2241 630 2312 658 tium

1256 662 1374 697 quatuor
1402 654 1546 697 Mensium
1573 658 1703 693 proxime
1727 658 1901 695 sequentium
1928 669 1959 689 ea
1981 662 2077 691 omnia
2097 662 2313 699 Diplotnatibus

1256 691 1355 721 nostris
1374 692 1570 724 ratificaremus
1589 697 1622 726 ὃς
1640 704 1696 726 rata
1714 695 1771 726 effe
1787 697 1961 734 juberemus,
1981 700 2019 728 uti
2039 708 2072 728 ex
2088 702 2166 731 Actis
2180 703 2212 733 ὃς
2229 704 2313 734 Con-

1257 729 1378 760 cordatis
1395 732 1467 761 inter
1485 733 1635 769 praedidtos
1653 733 1871 765 commissarios
1892 734 1999 773 plenius
2026 746 2136 774 apparet
2155 762 2164 777 ,
2186 751 2251 779 qux
2276 743 2313 772 de

1257 769 1348 798 verbo
1364 768 1398 799 ad
1418 770 1537 801 verbum
1557 772 1595 802 ita
1609 773 1634 802 se
1653 773 1765 803 habent.

1294 845 1407 883 QUUM
1433 846 1605 878 Sereniffimi
1630 849 1663 879 ὃς
1691 849 1881 880 Potentislimi
1906 850 2052 887 Principes
2078 852 2312 887 CHRtsTiANtrs

1258 882 1450 921 QUARTUS,
1469 885 1527 915 Dei
1544 886 1658 923 Gratia,
1674 891 1790 924 Daniae,
1810 889 2162 928 Nor-vegiae,Gotthorum,
2180 895 2313 924 Vandalw

1258 931 1365 960 rumque
1384 921 1472 961 Rex,
1491 924 1569 953 Dux
1585 925 1708 963 Slesuici‚
1728 925 1878 965 Holfiitiae,
1897 930 2053 956 Stormariae
2073 927 2110 963 &
2125 929 2314 970 Ditlmaerfiae‚

1259 957 1374 1005 Comes
1391 964 1421 989 in
1439 960 1593 999 oldenburg
1608 963 1646 998 όν
1664 964 1866 1003 Deimenlwrsl,¹
1895 965 1932 995 Et
1944 965 2104 1004 JAcomis‚
2124 967 2222 998 eadem
2241 970 2316 1000 Gia-

1258 1005 1313 1038 tia,
1334 1001 1447 1035 Magnae
1460 1003 1638 1039 Britannias,
1657 1006 1777 1032 Franciae
1793 1001 1830 1037 ό
1849 1004 1987 1033 Hiberniae
2004 1008 2080 1041 Rex,
2105 1006 2185 1036 fidei
2205 1007 2317 1037 Defen-

1257 1039 1301 1065 sor
1316 1060 1325 1073 ,
1350 1036 1411 1082 &q
1438 1047 1489 1081 pro
1507 1038 1605 1075 Regiis
1624 1040 1677 1070 suis
1698 1041 1871 1079 Prudentiis,
1886 1043 1919 1073 &
1936 1043 2037 1073 eximia
2057 1044 2235 1081 Populorum
2253 1046 2316 1076 suo-

1257 1083 1320 1103 rum
1339 1085 1406 1118 cura
1425 1076 1492 1106 nihil
1507 1078 1646 1115 antiquius
1666 1078 1819 1110 statuill'ent
1835 1103 1844 1118 ,
1871 1082 1956 1118 quam
1974 1081 2085 1113 foedera
2103 1083 2147 1112 illa
2164 1094 2317 1123 renovare,

1257 1121 1322 1156 quae
1340 1122 1410 1144 inter
1428 1113 1521 1158 Divos
1539 1125 1640 1146 eorum
1662 1117 1786 1154 Majores
1805 1120 1937 1157 utrinque
1965 1120 2175 1152 intercell'erunt
2190 1145 2199 1159 ,
2225 1132 2257 1152 ac
2283 1134 2314 1152 c-

1258 1160 1325 1180 tiam
1344 1160 1373 1181 ut
1389 1161 1456 1182 now
1477 1154 1596 1184 Articuli
1617 1155 1663 1191 qui
1681 1165 1714 1185 ex
1736 1157 1781 1186 usu
1802 1158 1991 1195 videbuntur,
2014 1159 2106 1189 habita
2125 1160 2314 1198 Temporurn

1257 1190 1291 1220 «Sc
1305 1189 1515 1234 *Status-rerum
1534 1192 1712 1229 praesentium
1731 1197 1853 1232 ratione,
1871 1198 1903 1226 &
1922 1197 1958 1226 de
1977 1199 2077 1234 quibus
2096 1200 2246 1228 conveniri
2262 1210 2315 1236 po·-

1259 1235 1347 1271 terit,
1375 1230 1514 1266 prioribus
1534 1230 1764 1262 Tractationibus
1781 1234 1947 1265 adderentur
1965 1237 1997 1264 ad
2017 1235 2234 1273 Omnipotentis
2254 1239 2314 1269 Dei

1260 1265 1395 1310 Gloriam
1411 1290 1420 1300 ,
1450 1267 1603 1300 firmiorem
1620 1268 1771 1300 Christiani
1789 1272 1876 1302 Orbis
1896 1273 2003 1303 Pacem
2017 1297 2026 1310 ,
2054 1274 2240 1305 Subditorum
2270 1287 2314 1307 re-

1258 1305 1384 1341 speetive
1405 1305 1606 1337 Commodum
1623 1331 1632 1344 ,
1660 1318 1774 1339 necnon
1802 1311 1834 1338 ad
1863 1311 2028 1341 Amicitiam
2049 1314 2189 1350 antiquam
2210 1316 2315 1345 mutuis

1258 1343 1392 1374 hactenus
1406 1354 1588 1388 propagatam
1604 1346 1725 1383 officiis,
1743 1348 1991 1387 honestiffimaque
2003 1351 2063 1387 jam
2078 1352 2148 1381 olim
2172 1351 2312 1384 firmatam

1259 1381 1293 1412 N
1297 1382 1494 1420 eceffitudme,
1513 1385 1626 1415 arfflori
1636 1385 1694 1422 jam
1712 1386 1830 1416 vinculo
1849 1387 2058 1417 stabiliendam:

1293 1421 1360 1450 Nos
1381 1430 1415 1451 ex
1437 1430 1511 1458 parte
1531 1423 1599 1453 dicti
1625 1423 1795 1454 Sereniffimi
1814 1427 1936 1463 Daniae,
1960 1428 2123 1464 Nor-vegia»,
2142 1429 2313 1468 cathmum,

1259 1459 1494 1500 Vandalorumque
1515 1463 1618 1499 Regis,
1644 1462 1703 1492 &c.
1731 1463 1865 1492 Andreas
1889 1464 2031 1493 Sizmcklar
2059 1465 2151 1502 Eques
2176 1468 2314 1506 Auratus,

1259 1497 1355 1534 Regni
1378 1497 1481 1529 Daniae
1504 1499 1639 1536 Senator,
1656 1499 1768 1530 Militiae
1791 1502 1919 1531 Scanicae
1941 1503 2075 1539 Arcisque
2103 1503 2211 1535 Landes
2236 1506 2315 1536 Cro-

1259 1535 1349 1565 nensis
1365 1536 1513 1571 praefeetus
1529 1538 1733 1568 Hiereditarius
1749 1540 1777 1568 in
1795 1539 2077 1570 Saincklairessiolm:

1293 1573 1426 1604 Similiter
1445 1575 1514 1605 Nos
1535 1578 1620 1607 etiam
1640 1586 1674 1606 ex
1694 1585 1769 1613 parte
1784 1577 1854 1608 did-sti
1871 1578 2041 1609 Serenissimi
2058 1583 2159 1616 Magni
2176 1583 2311 1612 Brittan-

1257 1615 1311 1641 niae
1323 1614 1444 1642 Franciae
1462 1613 1499 1647 ὠ·
1517 1615 1660 1645 Hiberniae
1674 1618 1767 1653 Regis,
1787 1613 1847 1649 &aa

1294 1651 1450 1680 Ludovicus
1464 1654 1531 1680 Dux
1549 1656 1698 1691 Le7zoxiae,
1715 1653 1838 1691 Hospitii
1857 1653 1941 1692 Regii
1954 1654 2142 1694 senescallus,

1294 1692 1420 1725 Georgius
1432 1689 1561 1720 Marchio
1572 1691 1789 1727 Buckinghamiae
1800 1715 1809 1730 ,
1829 1692 1957 1730 Magnus
1970 1693 2140 1724 Admirallus
2156 1694 2268 1734 Angli-„e
2276 1720 2285 1734 ‚

1294 1726 1415 1765 Jacobus
1429 1728 1557 1758 Marshio
1568 1729 1747 1759 Hamjlsomae
1756 1754 1764 1767 ,

1296 1764 1446 1795 Gulielmus
1459 1770 1548 1796 Comes
1564 1768 1738 1797 Pembrochlae
1756 1768 1935 1800 Camerarius
1948 1769 2072 1807 Hospitii
2088 1770 2191 1810 Regii,

1294 1803 1411 1833 Thomas
1426 1808 1516 1834 Cernes
1531 1806 1711 1843 Arundeliae,

1294 1842 1415 1881 Jacobus
1430 1845 1572 1873 Vicecomes
1588 1844 1774 1882 Doncastriae,

1293 1884 1426 1911 Henricus
1443 1885 1583 1912 Vicecomes
1598 1883 1777 1913 falcolundiae
1787 1907 1797 1919 ,

1294 1919 1409 1950 Thomas
1419 1920 1558 1950 Edmonds
1574 1922 1772 1952 Thesaurarius
1789 1921 1912 1960 Hospitii
1931 1922 2035 1962 Regii,

1294 1960 1421 1995 Georgius
1439 1958 1557 1989 Calvert
1573 1959 1660 1991 Unus
1673 1961 1690 1989 ὲ
1705 1960 1861 1990 Secretariis
1877 1961 1973 1998 Regiis
1992 1962 2145 2000 primariis,

1294 1996 1381 2026 Fulko
1395 1997 1509 2026 Grevill
1520 1998 1658 2030 Scaccarii
1674 1997 1761 2037 Regii
1775 1997 1964 2029 Cancellarius
1973 2024 1982 2035 ,

1289 2034 1388 2103 {nlius
1402 2034 1493 2075 Caesur
1507 2035 1613 2067 Custos
1632 2037 1830 2068 Archivorum
1848 2037 1945 2068 Curiae
1959 2038 2143 2069 Cancellariae
2153 2061 2163 2077 ,

1318 2082 1346 2111 t,

1278 2127 1279 2130 =
1296 2111 1438 2142 Leonellus
1454 2111 1601 2152 Cranfiild
1611 2112 1708 2144 Curiae
1722 2114 1865 2153 Pupillaris
1877 2114 1996 2150 Praeses,
2015 2114 2131 2153 Equites
2149 2116 2263 2152 Aurati,
2279 2118 2313 2148 &

1258 2146 1418 2181 Consiliarii
1430 2161 1532 2181 omnes
1545 2153 1562 2180 e
1577 2152 1790 2183 Secretionibus
1806 2152 1938 2183 Consiliis
1960 2154 2028 2183 dieti
2054 2154 2224 2184 Serenisfimi
2245 2155 2315 2185 Do·-

1259 2189 1329 2219 mini
1346 2189 1456 2227 Regis,
1476 2189 1675 2220 Procuratores
1693 2201 1725 2221 ac
1740 2191 1875 2229 Deputati
1892 2192 1925 2222 ad
1941 2192 2002 2222 haec
2021 2192 2192 2229 perficienda
2214 2194 2314 2223 substi-

1258 2229 1332 2265 tuti,
1363 2229 1395 2258 &
1424 2227 1626 2258 sufficientibus
1651 2229 1814 2268 idoneisque
1844 2229 1986 2259 Mandatis
2005 2231 2136 2267 Utrinque
2159 2230 2287 2262 instruCti
2303 2255 2313 2269 ,

1260 2266 1356 2303 (prout
1369 2276 1445 2304 patet
1459 2275 1492 2296 ex
1508 2265 1767 2298 Commiffionibus
1783 2267 1884 2298 nostris
1900 2268 2013 2298 inferius
2034 2269 2220 2306 registrandis)
2245 2270 2310 2307 post

1257 2305 1417 2341 frequentes
1431 2304 1602 2335 Conventus
1613 2307 1646 2336 ὃς
1660 2307 1745 2336 varias
1763 2306 1989 2343 Disceptationes
2002 2306 2147 2337 dierorum
2173 2307 2313 2339 Potentis-

1258 2343 1395 2372 fimorum
1412 2342 1577 2382 Principum
1593 2343 1753 2375 nostrorum
1769 2346 1887 2374 nomine
1898 2367 1906 2381 ,
1923 2346 2072 2375 communi
2087 2345 2217 2375 Consilio
2239 2356 2314 2376 con-

1258 2382 1405 2417 venimus,
1421 2383 1608 2412 contraximus
1628 2382 1661 2412 δε
1682 2383 1921 2413 concordavimus
1937 2382 2174 2423 Conventiones,
2194 2383 2314 2422 Capitu—

1259 2419 1374 2451 lationes
1388 2421 1421 2451 &
1436 2420 1579 2452 Articulos
1596 2430 1659 2459 quae
1674 2421 1835 2459 sequuntur.

1774 2496 1788 2528 I

1292 2535 1331 2566 IN
1352 2536 1475 2567 PRtMts
1494 2542 1672 2567 conventum
1690 2536 1892 2567 concordatum
1912 2537 1944 2567 ἃς
1963 2533 2128 2566 conclusum
2148 2537 2207 2575 est,
2232 2538 2313 2575 quod

1256 2575 1328 2604 inter
1347 2575 1478 2612 utrosque
1499 2574 1590 2613 Reges
1608 2574 1755 2612 praefatos,
1781 2585 1938 2613 eorumque
1959 2575 2093 2605 Haeredes
2113 2577 2146 2606 ὃς
2163 2576 2313 2606 Successo-

1258 2623 1299 2643 res
1312 2636 1321 2650 ,
1346 2612 1448 2652 Regna
1463 2635 1472 2651 ,
1498 2612 1661 2643 Provincias
1677 2636 1687 2652 ,
1711 2613 1846 2644 Subditos
1865 2615 1897 2644 &
1919 2613 2070 2651 Vassallos,
2095 2621 2152 2642 tam
2171 2616 2219 2651 qui
2236 2624 2314 2645 nunc

1257 2651 1320 2681 sunt
1334 2674 1344 2689 ,
1369 2653 1456 2689 quam
1476 2652 1523 2688 qui
1541 2652 1569 2680 in
1588 2651 1733 2688 posterum
1753 2660 1851 2688 erunt,
1878 2652 1908 2681 sit
1927 2652 2139 2688 imperpetuum
2158 2674 2167 2689 ,
2188 2661 2244 2682 tam
2266 2663 2314 2690 pei·

1258 2689 1378 2719 Terram
1395 2712 1404 2727 ,
1432 2690 1520 2727 quam
1540 2700 1587 2726 per
1607 2689 1690 2720 Mare
1709 2691 1742 2721 ὅτ.
1763 2690 1858 2727 Aquas
1873 2689 1970 2719 dulces
1988 2700 2020 2719 ac
2040 2690 2130 2719 ubivis
2149 2690 2282 2720 locorum
2303 2713 2313 2730 ,

1261 2728 1382 2766 fincera,
1410 2738 1491 2767 vera,
1516 2729 1707 2759 irrevocabilis
1726 2729 1758 2759 δε
1777 2728 1900 2765 perfecta
1920 2728 2073 2763 Amicitia,
2103 2728 2158 2757 Pax
2176 2730 2208 2758 ὃς
2229 2730 2312 2759 Con-

1258 2767 1425 2805 foederatio‚
1441 2768 1477 2796 ita
1496 2776 1526 2796 ut
1545 2776 1636 2804 neque
1653 2767 1702 2804 ipli
1723 2767 1771 2795 sibi
1792 2767 1937 2803 invicem,
1957 2767 2000 2795 vel
2016 2766 2167 2797 alterutrius
2189 2767 2312 2806 Rzgnrs,

1258 2804 1416 2835 Provinciis
1431 2827 1441 2842 ,
1465 2805 1587 2834 Subditis
1611 2813 1656 2834 aut
1684 2804 1807 2834 Vallallis
1835 2803 2060 2834 Incommodum
2080 2805 2166 2834 ullum
2186 2806 2229 2835 vel
2250 2807 2312 2836 De-

1256 2845 1426 2873 trimentum
1451 2843 1589 2881 Corporis
1611 2852 1656 2872 aut
1679 2842 1826 2872 Bonorum
1855 2843 1995 2880 inserant,
2020 2852 2113 2880 neque
2138 2844 2312 2875 consentiant

1256 2891 1302 2912 aut
1321 2884 1486 2920 permittant
1502 2904 1511 2918 ,
1536 2890 1674 2918 quantum
1691 2882 1718 2910 in
1738 2881 1799 2918 ipris
1818 2883 1869 2911 erit
1882 2903 1890 2918 ‚
1917 2891 1946 2911 ut
1964 2883 1999 2910 ab
2018 2881 2075 2910 aliis
2095 2882 2151 2910 hoc
2167 2881 2238 2918 fiat,
2264 2882 2310 2912 sed

1256 2920 1283 2950 se
1299 2921 1424 2951 invicem
1443 2920 1550 2959 sincero
1570 2920 1680 2950 Amore
1695 2929 1727 2949 ac
1748 2919 1815 2948 Fide
1832 2919 2050 2956 ample&antur,
2080 2920 2147 2949 alter
2162 2920 2181 2939 ²*
2203 2920 2309 2951 alterius
2320 2930 2338 2947 it<
2355 2933 2456 2962 XVI(-

1259 2958 1421 2989 Utilitatem
1439 2960 1472 2989 &
1485 2957 1688 2988 Commodum
1702 2959 1743 2988 uti
1757 2958 1789 2987 δε
1804 2957 1987 2988 Subditorum
2001 2957 2156 2994 respetftive
2175 2966 2306 2996 tanquam
2320 2979 2383 3004 307·

1256 2998 1404 3035 proprium
1421 3005 1558 3034 quantum
1573 2998 1675 3033 poterit
1689 3005 1857 3035 promoveat
1873 2998 1906 3027 δε
1923 2996 2074 3034 provehat,
2088 2995 2199 3025 Damna
2214 3006 2307 3028 autem

1258 3036 1290 3066 &
1306 3035 1456 3065 interitum
1472 3035 1603 3064 omnibus
1617 3036 1739 3072 viribus,
1757 3042 1815 3064 tam
1830 3034 1918 3065 Facio
1936 3036 2023 3073 quam
2043 3032 2191 3072 Consiliis,
2210 3035 2308 3066 iridem

1256 3083 1290 3105 ac
1307 3075 1453 3113 proprium
1469 3073 1603 3111 impediat
1617 3083 1649 3103 ac
1666 3080 1799 3140 averti?I

1294 3151 1385 3182 ITEM
1400 3158 1595 3186 conventum,
1610 3149 1818 3180 concordatum
1833 3150 1866 3180 δε
1879 3148 2046 3179 conclusum
2062 3149 2120 3186 est,
2136 3149 2215 3187 quod
2231 3149 2311 3181 simul

1259 3198 1343 3227 atque
1358 3190 1485 3219 alteruter
1500 3189 1617 3228 Regum
1639 3188 1859 3225 praedidhnrum,
1878 3197 1925 3218 aut
1947 3197 2047 3217 eorum
2066 3188 2219 3224 respective
2239 3188 2311 3218 Suc-

1212 3240 1216 3242 *
1259 3229 1397 3265 cessoreS,
1416 3227 1574 3258 resciverint
1591 3227 1693 3263 aliquid
1709 3228 1769 3263 agi,
1785 3227 1841 3263 peti
1856 3235 1901 3255 aut
1924 3227 2034 3256 tractari
2057 3226 2132 3262 quod
2154 3227 2182 3254 in
2202 3226 2310 3256 alterius

1259 3267 1459 3305 Praejudicium
1476 3274 1522 3296 aut
1534 3265 1685 3295 Damnum
1700 3274 1815 3303 vergere
1829 3264 1928 3300 possit,
1945 3263 2080 3306 obstric‘ii
2095 3272 2176 3306 erunt
2199 3274 2229 3306 ut
2255 3265 2310 3295 hoc

1259 3305 1353 3336 statim
1366 3305 1444 3335 alteri
1458 3313 1561 3336 notum
1578 3303 1679 3334 faciant
1701 3304 1734 3334 δε
1756 3310 1894 3340 quantum
1917 3304 1946 3332 in
1968 3305 2029 3339 iplis
2044 3310 2095 3332 erit
2109 3302 2309 3340 impediant&

1258 3352 1390 3375 avertant.

1298 3420 1387 3451 ITEM
1402 3427 1598 3456 conventum,
1619 3417 1828 3448 concordatum
1843 3418 1875 3449 ἅτ
1889 3416 2056 3447 conclusum
2079 3415 2136 3453 est,
2155 3417 2187 3446 &
2209 3417 2310 3454 praedi-

1261 3460 1302 3491 &i
1312 3460 1398 3490 iidem
1413 3458 1523 3495 Reges,
1542 3467 1595 3494 pro
1616 3457 1660 3493 se,
1681 3456 1849 3486 Haeredibus
1869 3457 1901 3486 ὅτ
1923 3454 2137 3496 Sticceisoribus
2156 3455 2309 3492 respective

1261 3499 1330 3535 suis,
1345 3497 1439 3528 sancte
1453 3497 1622 3533 pollicentur
1640 3494 1708 3523 nihil
1723 3494 1748 3523 sc
1759 3493 1878 3524 Sublidii
1894 3493 1988 3522 Bellici
2002 3493 2114 3529 alicujus
2127 3502 2226 3522 eorum
2243 3494 2309 3523 Ho-

1262 3537 1347 3568 stibus
1367 3544 1491 3572 unquam
1517 3534 1638 3569 laturos,
1656 3533 1688 3562 ὅ(
1710 3532 1789 3569 quod
1811 3540 1911 3561 eorum
1925 3529 2043 3572 *Subditi
2056 3531 2100 3560 vel
2117 3529 2241 3569 Incolae,
2259 3542 2309 3563 cu-

1257 3576 1413 3615 juscunque
1437 3573 1487 3602 sint
1509 3571 1643 3600 Nationis
1665 3579 1710 3599 aut
1733 3569 1894 3607 Quantam,
1914 3572 1969 3610 live
1989 3577 2124 3604 praetextu
2137 3569 2312 3600 intercursus

1261 3623 1307 3644 aut
1323 3610 1520 3645 Commercii,
1539 3608 1595 3638 sive
1617 3608 1671 3638 alio
1692 3617 1863 3645 quocunque
1887 3610 2002 3643 quaelito
2024 3607 2137 3643 colore,
2154 3609 2312 3638 eorundem

1262 3652 1425 3688 Principum
1441 3656 1488 3677 aut
1502 3647 1614 3683 alicujus
1628 3655 1728 3675 eorum
1747 3644 1851 3675 Hostes
1869 3645 1941 3674 nulli
1957 3645 2064 3674 ratione
2083 3645 2236 3683 juvabunt,
2259 3647 2313 3676 Pe—

1262 3690 1359 3720 cunias
1379 3687 1541 3721 conserent,
1567 3683 1793 3720 Commeatum,
1818 3683 1922 3720 Arma,
1946 3681 2110 3719 Machims,
2126 3683 2315 3722 Bonrbirdas,

1262 3728 1449 3759 Instrumenta
1464 3723 1542 3754 Bello
1556 3722 1680 3760 gerendo
1697 3730 1774 3757 apta,
1791 3721 1912 3757 aliosque
1932 3720 2050 3749 Bellicos
2073 3721 2226 3758 Apparatus
2251 3722 2314 3752 sub-

1264 3765 1476 3799 ministrabunt,
1493 3763 1525 3792 ὃ(
1541 3761 1558 3790 si
1577 3761 1625 3797 qui
1641 3769 1740 3790 contra
1755 3760 1874 3788 fecerint
1890 3761 1918 3788 in
1935 3759 1994 3787 illos
2018 3759 2113 3789 Poenis
2133 3761 2314 3790 acerbillimis

1265 3801 1484 3836 animadversum
1503 3800 1552 3836 iri,
1571 3807 1601 3828 ut
1622 3799 1652 3828 in
1674 3797 1853 3836 Fixum-agos
1873 3807 1906 3827 ac
1927 3796 2076 3827 Seditiosos
2098 3798 2166 3828 solet
2190 3800 2315 3830 animad-

1267 3844 1346 3875 verti.
1761 3871 1775 3902 I
1794 3872 1822 3903 V

1305 3918 1392 3949 ITEM
1406 3921 1580 3946 conventum
1596 3912 1805 3942 concordatum
1821 3912 1854 3941 &
1870 3912 2036 3941 conclusum
2052 3911 2108 3949 est,
2120 3913 2199 3950 quod
2213 3914 2231 3943 si
2245 3913 2321 3944 alteri

1271 3956 1471 3995 praedictorum
1487 3952 1620 3989 Regum,
1639 3951 1684 3994 vel
1698 3960 1798 3980 eorum
1823 3949 1930 3993 Regnis
1953 3950 2048 3991 Terris
2068 3960 2113 3980 aut
2137 3951 2320 3995 DitionibuS,

1272 3996 1368 4032 aliquis
1384 4001 1470 4029 quem
1485 3991 1529 4019 ille
1547 4000 1605 4019 nori
1620 3990 1694 4026 prius
1708 3987 1846 4026 aggressus
1860 3988 1944 4017 fuerit
1961 3990 2005 4017 {eu
2027 3999 2242 4026 provocaverit,
2262 3989 2323 4018 Bel-

1791 4074 1841 4095 cz
2299 4066 2328 4093 in
