2557 4279
741 109 1552 160 (τοΝνΕΝΤιοΝΕς,Δ
1608 108 2010 160 LITERAE,

112 210 186 236 faur.
199 204 238 234 D.-
255 203 384 243 Jestatcm
400 204 431 234 ὃς
451 201 561 231 <lislam
581 200 732 230 Eleaorem
759 200 921 231 Palatinum
937 200 1162 239 componenda,
1187 202 1257 230 cur'n
1275 197 1323 237 sti&
1360 191 1446 222 Fasta
1464 190 1569 235 riserint
1584 216 1594 231 9
1619 203 1652 224 0²
1669 194 1766 223 omnia
1783 201 1816 238 Ut,
1832 192 1888 240 fid?
1905 194 2015 234 integffi
2028 218 2038 233 ²
2053 195 2086 228 δῖ
2103 190 2164 235 :int
2183 195 2283 228 melius
2299 191 2421 235 aeqfflus·
2431 195 2508 236 Αῐὶῐὶς
2519 194 2557 243 Q

136 247 220 274 1621.
265 242 413 279 lxlsjmzc
429 264 437 277 ‚
464 241 509 269 vel
535 241 750 276 quibuicunque
773 239 833 276 ejus
857 239 1066 270 Commiffariis
1097 247 1144 270 aut
1172 237 1324 275 Deputatis
1361 240 1419 269 que
1437 238 1503 270 erit,
1521 231 1685 270 praestentur
1703 232 1736 263 ὃς
1753 231 1850 264 debite
1867 233 2045 271 impleantur.
2454 237 2554 272 1621.[¹

116 283 239 321 19J.;c.1.
261 281 445 310 suriicsisritem
473 280 505 307 ad
534 279 590 308 hoc
614 278 802 308 Autoritatem
828 278 1000 308 habentibus
1015 301 1024 316 ‚
1041 287 1099 309 tam
1117 276 1217 307 nostro
1237 284 1324 318 quam
2441 275 2557 313 iffae...

265 319 333 348 djsti
353 317 484 345 {31²stsz
505 318 623 346 nomine
642 316 876 346 communicandi
894 317 1031 347 traCtandi
1049 317 1081 348 &
1092 339 1102 354 ‚
1120 316 1139 345 si
1148 314 1229 345 Deus
1245 314 1327 344 Pacis
2460 343 2465 347 .
2551 334 2554 336 .

266 359 302 386 im
322 357 441 386 velierit
457 377 466 392 ,
492 354 609 385 feliciter
628 353 843 392 concludendi,
870 364 1029 393 caeteraque
1056 354 1154 384 omnia
1172 354 1206 384 &
1222 351 1327 390 singula

265 394 384 425 faciendi
405 403 467 431 que
488 392 514 422 in
536 392 688 423 Praemiffis
707 393 753 423 vel
773 393 849 423 circa
864 403 895 423 ea
910 416 920 431 ,
938 394 985 424 vel
1002 401 1103 424 eorum
1123 390 1259 429 aliquod,
1277 398 1328 419 ne-

265 433 376 463 cessaria
395 432 498 462 fuerint
511 431 557 461 vel
571 431 789 469 quomodolibet
803 441 842 468 op
863 441 972 462 ortuna.
1310 467 1314 472 η

305 472 349 501 Ac
379 471 486 508 insuper
511 471 628 507 praefato
656 470 762 508 Legato
786 471 819 502 &
879 478 993 507 eputato
1018 468 1117 498 nostro
1136 468 1166 497 in
1187 465 1329 497 Mandatis

266 509 366 539 damus
384 509 463 547 quod
482 508 556 545 apud
575 508 726 548 Caefizream
746 507 920 545 majestatem
935 508 1034 543 alleget
1053 508 1086 536 δε
1110 505 1196 536 fidem
1222 505 1306 548 faciat
1319 526 1329 540 ‚

267 548 337 579 Nos
355 549 371 578 {i
387 548 468 578 disto
495 550 598 577 Comite
619 546 748 577 Palatino
773 547 883 583 plenam
904 548 937 576 δι’.
958 544 1144 575 sufficientem
1164 543 1330 574 Auctorita-

265 596 325 618 tem
346 587 379 618 &
397 586 586 624 Sponsionem
604 585 638 615 ad
659 584 765 615 Pacem
785 583 984 614 Concordiam
996 585 1029 615 ὃ(
1046 582 1330 613 Reconciliationem

265 625 338 656 inter
353 625 430 655 suam
450 623 634 663 Majestatem
652 625 685 654 δε
704 623 794 660 ipsum
815 621 967 652 Comitem
986 621 1145 652 Palatinum
1158 620 1330 659 quibuscun-

266 673 324 702 que
350 663 475 702 Legibus
500 664 532 694 &
557 662 784 693 Conditionibus
806 661 839 690 ad
866 661 1025 690 Arbitrium
1057 659 1210 698 nostrum,
1240 659 1273 690 ὃ(
1296 664 1330 688 ut

267 702 370 734 Nobis
389 711 506 740 aequum
517 701 683 740 justumque
703 699 843 731 videbitur
861 698 1014 730 ineundam
1029 697 1197 729 firmandam
1215 698 1249 730 &
1274 696 1330 730 sta-

266 738 424 772 biliendam
444 740 581 778 accepisse
599 740 631 770 &
650 737 813 776 acceptasse..

304 780 506 810 Promittentes
526 778 602 809 bona
620 777 675 807 fide
687 799 697 813 ‚
722 777 756 808 δε
775 776 805 806 in
822 775 924 807 Verbo
941 775 1042 816 Regio,
1053 774 1240 813 spondentes,
1258 772 1329 804 Nos

263 828 295 850 ea
314 819 412 848 omnia
430 819 462 848 ὅ(
480 817 583 856 lingula
600 825 663 854 quae
683 815 806 854 Legatus
821 814 918 845 noster
934 814 1070 845 Nomine
1088 813 1188 845 nostro
1207 815 1236 844 in
1250 810 1331 856 Prae—

264 856 351 887 missis
362 880 371 895 ,
390 857 436 888 vel
452 854 594 887 Praemiffa
613 854 844 892 qualitercunque
863 854 1103 884 concernentibus
1119 853 1163 883 vel
1188 860 1330 890 tangenti-

267 133 345 159 200

1402 316 1437 347 In
1454 319 1533 357 cujus
1545 319 1600 357 rei,
1618 320 1680 351 &c.

1405 402 1474 434 Dat.
1497 403 1613 436 decimo
1635 412 1734 442 quarto
1751 402 1811 435 Die
1827 402 1922 442 Maii,
1940 404 2028 436 Anno
2045 406 2172 439 Domini
2193 406 2344 441 millesimo
2365 407 2425 440 sex·

1368 442 1524 474 centesimo
1536 443 1680 481 vigesimo
1698 443 1800 480 ptimo.

1531 600 1581 632 De
1601 601 1737 632 Licentia
1756 596 1895 645 Eligendi
1906 607 1962 644 pro
1981 599 2116 646 Episc‘opo
2134 601 2260 634 Sarum.

1369 692 1505 750 REX,
1522 695 1630 728 dilectis
1652 696 1736 727 nobis
1754 697 1782 726 in
1803 695 1940 734 Christo,
1958 700 2069 728 Decano
2091 697 2130 735 ό·
2153 698 2278 738 eapitulo
2291 697 2426 734 Ecclefiae
2441 706 2557 741 Ann.D

1442 734 1549 765 nostrae
1563 734 1738 767 Cathedralis
1753 735 1873 773 Sarum,
1890 735 2029 767 Salutem.
2460 745 2544 778 1621.

1406 770 1450 800 Ex
1474 781 1552 810 parte
1566 774 1658 805 vestra
1680 775 1763 804 nobis
1784 774 1825 805 est
1847 773 1987 805 humiliter
2007 774 2194 812 supplicatum
2215 786 2265 817 ut,
2282 777 2354 810 cum
2369 778 2426 810 Ec·
2441 788 2498 814 Par.
2526 795 2556 823 ¹9

1368 807 1449 851 clefia
1473 813 1624 852 praedicta,
1642 822 1691 852 per
1716 812 1849 843 Mortem
1870 814 2024 844 naturalem
2045 814 2135 845 ultimi
2151 814 2286 855 Episcopi
2303 816 2424 855 ejusdem
2439 823 2557 862 7-¹·P·²²=

1363 856 1422 885 Jam
1450 859 1550 889 vacet,
1569 853 1603 883 &
1624 851 1748 882 Pastoris
1773 850 1804 882 sit
1831 851 1929 882 solatio
1947 851 2095 890 destituta,
2111 853 2195 884 alium
2209 856 2291 886 vobis
2305 856 2426 896 eligendi
2442 871 2468 891 n.
2489 864 2517 891 6.

115 1703 190 1735 Anu.
204 1702 234 1733 D

134 1744 224 1772 1621.

128 3979 145 3995 ³
167 3982 260 4009 xvii.

264 895 334 934 bus,
349 896 444 927 fecerit
463 893 594 931 paetusve
612 894 694 924 fuerit
707 915 717 930 ,
737 901 793 923 rata
811 900 886 931 grata
904 893 938 923 &
957 892 1038 923 firma
1056 891 1196 930 perpetuis
1211 899 1327 933 tempo-

261 936 339 965 ribus
359 935 501 965 habitui-os
516 945 525 970 ·‚
551 934 584 964 ὃ(
600 933 686 962 etiam
705 940 851 962 curaturos
869 940 900 962 ut
916 929 1053 969 quicquid
1071 932 1192 960 nomine
1211 931 1245 961 &
1262 938 1328 960 Vlce

262 972 371 1004 Generi
390 971 477 1002 nostri
502 973 538 1001 ab
553 970 657 1001 eodem
676 969 789 1006 Legato
808 968 909 1000 nostro
928 969 1038 1000 factum
1058 969 1176 1007 paetum
1193 977 1324 999 conven-

257 1020 322 1043 tum
348 1011 499 1048 gestumve
524 1009 605 1040 fuerit
629 1008 658 1039 id
681 1018 770 1038 omne
789 1007 868 1039 bona
886 1007 941 1039 fide
959 1018 1008 1045 per
1023 1007 1150 1039 eundem
1168 1005 1322 1037 Generum

257 1050 389 1080 nostrum
407 1050 435 1078 in
454 1057 594 1078 aerernum
613 1046 733 1077 servetur
752 1046 897 1084 praestetut
909 1069 919 1085 ‚
941 1047 976 1078 ὃς
995 1056 1024 1078 ut
1041 1046 1142 1077 melius
1160 1045 1322 1084 aequiusque

259 1090 327 1128 erit,
345 1098 392 1125 per
411 1088 507 1117 omnia
524 1085 697 1116 sufficienter
712 1086 875 1124 impleatur.

296 1164 331 1195 In
350 1165 427 1202 cujus
444 1163 483 1194 rei
501 1162 714 1201 testimonium,
732 1163 792 1194 &e

285 1239 356 1309 'Digt
370 1240 487 1284 decimo
501 1239 611 1272 octavo
623 1238 714 1277 Maii,
724 1238 811 1270 Anno
820 1239 944 1270 Domini
957 1238 1108 1271 millesimo
1123 1238 1326 1271 sexcentefitno

262 1287 328 1319 vige
339 1289 400 1310 imo
415 1289 520 1317 primo.

112 1426 131 1445 *
148 1421 281 1463 XVI'L*
306 1425 365 1456 Pro
394 1419 535 1464 ‘Johanne
559 1421 675 1452 ane
701 1416 812 1467 Digbye
835 1417 870 1450 de
898 1417 1060 1452 Sherborne
1094 1417 1255 1462 Commiffio
1286 1419 1331 1453 ad

114 1475 179 1502 300.

306 1468 512 1503 Trat‘landum
530 1495 540 1510 ‚
572 1471 686 1500 nornine
714 1471 799 1513 Regis
823 1465 937 1512 Jacobi
962 1470 998 1505 (ῤ’
1031 1468 1130 1500 Caroli
1159 1467 1229 1501 Filii
1248 1468 1323 1514 fici,

304 1531 374 1552 curn
403 1516 532 1563 Philippo
557 1518 680 1562 Qarto
705 1516 783 1560 Rege
809 1515 1034 1561 Hypantarum
1064 1519 1101 1554 &⁹
1120 1518 1254 1550 Domina
1274 1518 1330 1549 In-

299 1569 395 1614 santa
419 1569 527 1598 diaria
557 1568 661 1596 Sorore
685 1565 769 1608 ejus,
789 1564 881 1609 fhper
901 1567 1108 1598 Adatrimom'o
1135 1566 1211 1597 inter
1236 1563 1328 1600 almos

311 1615 450 1650 Carolum
468 1626 504 1652 ω·
526 1615 668 1646 Mariam
690 1610 897 1646 contrahendo.

243 1727 251 1733 .
273 1700 390 1759 REX
407 1725 416 1739 ,
443 1702 502 1733 &c.
530 1701 602 1732 cum
630 1698 663 1732 ad
688 1710 751 1732 eam
777 1706 843 1740 quae
858 1723 868 1739 ,
892 1700 965 1732 inter
986 1702 1046 1732 Nos
1062 1702 1095 1734 &
1115 1701 1331 1735 Sereniffimum

347 1740 541 1780 Hispaniarum
555 1742 651 1777 Regem
667 1740 819 1780 Philippum
833 1751 890 1778 ejus
907 1741 1037 1770 Nominis
1048 1743 1161 1770 tertium
1178 1751 1266 1779 nuper
1283 1742 1334 1772 de-

267 1778 398 1810 frinc‘tum
414 1804 423 1817 ,
440 1779 631 1810 intercesserat
652 1779 819 1810 Amicitiam
833 1801 843 1816 ,
862 1777 971 1809 firmius
989 1779 1180 1810 roborandam
1194 1803 1204 1817 ‚
1226 1781 1260 1812 &
1277 1779 1332 1811 Pa-

269 1827 334 1848 cem
350 1841 358 1856 ,
385 1819 454 1848 inter
472 1817 584 1849 Gentes
601 1817 791 1854 Anglicanam
810 1817 843 1848 ὃ(
863 1816 1046 1856 Hispanicarn
1059 1840 1069 1856 ‚
1086 1818 1150 1856 post
1170 1818 1255 1857 longa
1273 1818 1334 1850 Bel-

263 1856 358 1886 lorum
376 1856 453 1887 Odia
469 1857 497 1886 in
514 1863 685 1893 perpetuum
704 1855 899 1887 stabiliendam
914 1879 925 1894 ,
948 1856 1098 1887 Tractatus
1123 1858 1191 1888 varii
1207 1858 1244 1888 de
1261 1867 1334 1895 nup-

263 1896 308 1926 tiis
320 1920 328 1932 ,
346 1897 418 1927 inter
436 1894 692 1933 praechariffimum
712 1894 801 1925 filium
818 1894 967 1932 nostrum,
986 1894 1113 1925 Carolum
1133 1897 1248 1934 Magnae
1266 1899 1334 1926 Bri-

264 1938 372 1964 tannia>
386 1937 534 1979 Principem
551 1935 583 1964 &
596 1933 833 1972 praeclarissimam
849 1932 1189 1972 Dominam‚Dominam
1206 1937 1333 1965 Mariam

264 1973 388 2011 ejusdem
407 1972 501 2009 Regis
516 1971 644 2003 defunc'ti
662 1971 760 2010 filiam,
783 1971 975 2010 celebrandis,
994 1982 1041 2010 per
1058 1972 1170 2004 nostros
1183 1974 1252 2004 hinc
1268 1974 1334 2005 inde

266 2011 389 2051 Legatos
408 2011 510 2042 fuerint
530 2009 648 2040 instituti
663 2022 674 2048 3
702 2021 766 2048 quae
784 2012 885 2041 omnia
902 2010 1036 2042 Concilia
1054 2010 1150 2042 nostra
1163 2034 1173 2050 ‚
1201 2013 1244 2043 ob
1262 2022 1335 2050 prae-

266 2060 407 2081 maturam
426 2050 495 2080 dieti
511 2048 709 2088 Hispaniarum
727 2053 805 2088 Regis
820 2049 952 2081 Mortem
967 2058 1070 2089 optato
1088 2050 1217 2082 successu
1235 2051 1333 2083 haete-

266 2099 317 2119 nUS
338 2099 495 2120 CRYUCYUDI.

302 2127 439 2166 Cumque
458 2129 543 2159 etiam
559 2126 761 2159 sereniffimum
779 2137 856 2158 nunc
875 2129 972 2165 Regem
986 2126 1136 2167 Philippum
1155 2127 1212 2166 ejus
1237 2130 1334 2159 Nomi-

267 2170 310 2197 φής
332 2176 461 2209 quartum
487 2167 686 2204 praedilectum
711 2167 840 2198 Fratrem
861 2167 894 2197 &
913 2165 1155 2206 conlanguineum
1174 2167 1305 2199 nostrum
1323 2191 1333 2206 ,

266 2205 392 2236 Paternis
415 2205 522 2243 Regnis
542 2205 739 2236 succedentem
754 2229 764 2244 ,
789 2205 909 2235 eandem
937 2205 1088 2236 nobiicum
1112 2205 1279 2237 Amicitiam
1299 2207 1332 2237 &

267 2244 368 2275 Fidem
387 2253 522 2281 tanquam
540 2244 760 2281 baeredstariam,
778 2244 811 2274 ὃς
831 2244 880 2274 sibi
899 2254 914 2274 a
939 2243 1023 2274 Patre
1046 2244 1192 2282 relicitam,
1220 2245 1332 2285 colere,

267 2284 301 2314 ἃ
319 2284 510 2314 intermissum
530 2283 711 2320 Nuptiarum
730 2283 897 2320 Negotium
913 2281 946 2313 ad
963 2283 1092 2313 animum
1113 2292 1248 2314 revocare
1263 2307 1272 2322 ‚
1288 2285 1332 2322 ip-

265 2322 384 2359 sumque
409 2323 496 2352 rursus
518 2322 677 2360 amplecti,
701 2332 735 2352 ex
762 2321 850 2360 Regis
876 2322 957 2358 iplius
977 2321 1117 2352 Ministris
1135 2322 1331 2353 intelleximus.

263 2360 378 2390 Idcirco
406 2361 497 2397 Nos,
523 2369 554 2390 ut
580 2370 637 2390 tam
666 2360 809 2397 propensae
838 2360 935 2390 Amici
965 2360 1051 2399 Regis
1076 2361 1110 2391 ὃς
1127 2360 1226 2391 Fratris
1242 2363 1331 2392 nostri

265 2398 413 2429 Voluntati
441 2401 473 2429 δε
499 2398 577 2428 Voto
601 2398 697 2436 Regio
713 2422 722 2436 ,
747 2398 830 2435 plane
849 2398 882 2427 &
901 2398 1026 2428 fraterno
1047 2398 1157 2429 Animo
1179 2409 1331 2431 occurrere

267 2437 481 2473 dignolcamur,
501 2435 630 2466 nostrum
645 2439 730 2466 etiam
742 2446 774 2466 ca
789 2438 817 2466 in
841 2435 887 2466 Re
912 2435 1035 2467 studium
1055 2438 1230 2477 exprimere,
1246 2439 1279 2470 &
1294 2440 1330 2470 ad

267 2475 406 2506 effecium
422 2475 555 2505 reducere
570 2475 650 2503 omni
666 2485 735 2504 cum
755 2474 911 2513 Diligentia
927 2474 1130 2506 festinavimus.

304 2514 403 2544 Sciatis
419 2514 495 2550 quod
515 2513 600 2551 Nos,
619 2523 672 2550 pro
689 2523 718 2544 ea
737 2522 821 2549 quam
840 2512 875 2541 de
891 2511 1044 2543 Prudentia
1058 2512 1194 2543 Industria
1210 2513 1244 2544 &
1261 2523 1328 2551 pro-

266 2553 332 2583 vida
356 2552 624 2589 Circumlpecrione
651 2550 804 2589 praedilecti
826 2551 859 2581 &
888 2550 1023 2588 perfidelis
1053 2551 1214 2582 Consiliarii
1238 2552 1328 2583 nostri

270 2591 407 2629 Johavnis
426 2593 540 2619 Baronis
560 2589 663 2627 Digbye
681 2590 713 2618 de
739 2588 890 2619 Sherborne
913 2588 1126 2621 Vicecamerarii
1149 2590 1253 2627 nostri,
1273 2601 1329 2621 no-

267 2627 374 2668 'strique
392 2629 464 2667 apud
487 2629 596 2666 Regem
613 2627 784 2658 defunctum
799 2628 968 2665 jampridem
993 2627 1112 2666 Legati,
1130 2628 1266 2659 fiduciam
1284 2630 1328 2660 ha-

267 2670 387 2704 bemus,
405 2667 554 2705 parietum
572 2669 642 2696 vero
658 2667 737 2704 quod
752 2676 817 2696 eum
833 2668 861 2696 in
876 2667 935 2696 hoc
949 2666 1051 2697 eodem
1068 2667 1202 2706 Negotio
1225 2677 1330 2705 procu-

268 2708 358 2737 rando
377 2716 445 2737 cum
470 2706 579 2735 summa
597 2715 664 2735 cura
685 2707 718 2737 &
739 2704 794 2735 fide
808 2705 944 2736 haCtenus
958 2706 1097 2736 verfiatum
1112 2705 1169 2736 effe
1184 2708 1328 2743 novimus,

267 2747 358 2783 ipsum
381 2744 510 2776 nostrum
535 2753 636 2774 verum
659 2745 691 2774 &
714 2744 906 2774 indubitatum
926 2743 1067 2783 Legatum
1091 2743 1328 2775 Commissarium

269 2786 425 2815 Oratorem
441 2782 661 2813 Procuratorem
677 2783 709 2812 δε
730 2782 910 2819 Deputatum
931 2782 965 2813 ad
988 2783 1103 2814 inferius
1119 2792 1276 2814 memorata
1290 2783 1329 2815 fe-

268 2826 362 2855 cimus
376 2821 574 2853 constituimus
590 2820 622 2851 &
639 2821 846 2851 ordinavimus:

305 2862 342 2893 Et
358 2872 406 2899 per
425 2861 570 2898 praesentes
585 2859 676 2890 eidem
692 2859 790 2890 damus
807 2860 918 2896 plenam
935 2860 968 2892 &
980 2859 1181 2890 omnimodam
1202 2859 1331 2891 Potesta-

267 2910 326 2932 teni
352 2902 384 2931 ὅ(
411 2900 640 2935 Auctoritatem,
660 2899 692 2929 &
717 2897 892 2929 Mandatum
912 2899 1040 2938 generale
1061 2899 1093 2930 &
1113 2898 1229 2938 speciale
1244 2921 1254 2937 ,
1272 2908 1331 2930 tam

269 2939 405 2970 Nomine
419 2937 535 2974 nostro,
554 2937 639 2974 quam
654 2938 739 2967 etiam
756 2936 893 2968 Nomine
916 2936 1128 2975 praecharissimi
1153 2937 1203 2968 filii
1226 2937 1331 2977 nostri,

269 2977 363 3006 Caroli
383 2980 495 3012 Magna:
520 2978 678 3005 Britanniae
700 2976 844 3013 Principis,
859 2985 928 3005 cum
948 2975 1122 3006 sereniffimo
1137 2975 1332 3015 Hispaniarum

271 3019 339 3053 Rege
365 3015 486 3053 Philppo
507 3014 563 3051 rjus
587 3015 712 3042 Nominis
731 3013 846 3052 Quarto
863 3014 1025 3044 charissimo
1039 3014 1135 3044 Fratre
1151 3015 1183 3045 &
1202 3013 1333 3046 Consan-

271 3056 377 3092 guineo
399 3053 498 3083 nostro
512 3075 520 3089 ,
554 3052 588 3082 ὃς
613 3061 681 3081 curn
703 3051 909 3088 praeclariffima
932 3052 965 3082 &
986 3051 1163 3083 illustrissima
1184 3053 1334 3094 Domina,

269 3096 393 3123 Domina
407 3094 505 3121 Maria
522 3090 627 3120 Sorore
648 3094 723 3127 eju5‚
741 3099 898 3128 eorumque
923 3089 1075 3127 respective
1098 3090 1333 3124 Procuratoribus

271 3131 422 3169 Deputatis
438 3131 470 3161 δε
488 3129 615 3160 Nunciis
626 3127 779 3166 quibuscun
805 3138 837 3159 ue
852 3128 886 3158 ad
901 3127 959 3159 hoc
981 3128 1172 3160 sufficientem
1196 3129 1333 3161 Auitori-

270 3179 358 3201 tatem
376 3169 560 3205 habentibus,
577 3166 614 3197 de
635 3168 667 3199 ὃ(
685 3166 764 3203 super
810 3166 967 3203 ponsalibus
990 3177 1038 3205 per
1055 3166 1153 3198 Verba
1167 3167 1203 3198 de
1219 3168 1333 3208 futuro,

273 3218 308 3239 ac
332 3209 415 3239 etiam
440 3207 476 3236 de
500 3206 690 3236 Matrimonio
712 3215 760 3241 per
781 3204 877 3235 Verba
897 3204 933 3234 de
960 3207 1087 3242 praesenti
1103 3228 1113 3244 ‚
1143 3208 1215 3237 inter
1241 3206 1333 3239 dictos

272 3245 526 3285 praechariffimum
548 3244 638 3274 silium
663 3243 792 3274 nostrum
813 3242 940 3273 carolum
964 3245 997 3275 &
1012 3243 1213 3275 inclitiffimam
1226 3243 1334 3275 Domi..

273 3296 342 3316 nam
364 3284 511 3324 Infantem
537 3286 660 3312 Mariam
685 3281 777 3317 Regis
797 3281 951 3319 Sororem,
970 3283 1185 3321 contrahendo,
1201 3286 1337 3321 tempori—

271 3325 326 3354 bus
346 3324 478 3362 congruis
501 3323 533 3354 &
561 3329 645 3359 prout
667 3320 765 3350 melius
789 3320 822 3351 ὃ(
844 3319 953 3351 firmius
974 3319 1032 3351 fieri
1048 3323 1150 3359 poterit
1167 3324 1336 3353 communi—

270 3363 368 3393 candi:
1020 3363 1024 3366 ”

311 3401 357 3431 Ac
380 3402 463 3431 etiam
484 3399 520 3429 de
543 3399 576 3430 ἃ
599 3397 679 3435 super
701 3396 780 3427 Dote
801 3396 833 3427 &
855 3397 1023 3428 Donatione
1042 3405 1157 3436 propter
1185 3397 1310 3436 Nuptias
1326 3423 1336 3438 ,

274 3449 359 3476 quain
380 3439 447 3469 Nos
467 3439 555 3477 vulgo
574 3435 746 3475 Junauram
767 3435 904 3473 dicimus,
925 3437 958 3468 ὃς
978 3435 1121 3467 Dotalitiis
1140 3445 1174 3466 ex
1188 3438 1266 3467 causa
1281 3438 1335 3467 hu-

273 3478 397 3514 jusu-odi
418 3476 597 3507 Matrimonii
621 3473 833 3505 constituendis.
886 3475 932 3504 Ac
958 3475 1067 3512 insuper
1090 3484 1143 3512 pro
1165 3475 1198 3505 &
1220 3474 1256 3505 de
1277 3476 1336 3505 aliis

277 3517 409 3544 omnibus
432 3517 464 3546 δε
491 3514 602 3552 lingulis
617 3536 625 3548 ‚
645 3511 791 3542 Praemisl'a
814 3511 859 3542 vel
884 3522 984 3543 eorum
1007 3512 1121 3551 aliquod
1141 3513 1335 3551 quovismodo

278 3554 536 3589 concernentibus,
553 3551 691 3583 trae-fraudi
705 3551 737 3581 δε
752 3549 897 3580 statuendi:

317 3591 354 3621 Et
368 3591 443 3629 supr
457 3592 554 3621 iisdem
568 3590 613 3620 vel
626 3599 726 3619 eorum
745 3589 839 3626 aliquo
857 3588 962 3619 Literas
976 3589 1153 3627 quascunque
1167 3588 1212 3620 seu
1227 3588 1336 3621 Instru-

276 3638 377 3659 menta
395 3630 567 3660 conficiendi
580 3628 749 3664 obsignandi
764 3628 796 3658 &
814 3627 955 3664 tradendi,
973 3628 1006 3658 &
1022 3629 1057 3658 ab
1077 3628 1161 3658 altera
1183 3636 1262 3665 parte
1281 3630 1336 3659 ob—

279 3668 383 3706 signata
398 3670 429 3698 ἃ
444 3669 538 3698 tradita
553 3666 706 3703 recipiendi
726 3668 758 3698 St
781 3665 960 3703 acceptandi3
978 3666 1130 3704 omniaque
1151 3665 1202 3696 alia
1225 3676 1288 3705 quae
1302 3669 1336 3698 ad

281 3706 439 3742 Premilla,
458 3708 500 3735 vel
517 3707 590 3736 circa
604 3703 717 3742 aliquod
733 3703 890 3733 eorundem
907 3703 1057 3735 necessaria
1070 3704 1173 3735 fuerint
1183 3704 1237 3735 ‘vel
1262 3715 1335 3743 quo-

280 3745 436 3774 modolibet
449 3753 623 3781 opportuna,
644 3742 798 3781 spondendi
813 3742 933 3772 faciendi
956 3744 990 3774 &
1010 3743 1190 3780 expediendi,
1207 3744 1294 3774 etiam
1317 3745 1337 3775 si

282 3781 454 3811 Mandarum
472 3783 506 3811 de
519 3783 545 3812 se
560 3783 643 3818 [tingis
657 3782 766 3819 exigant
777 3780 902 3816 speciale.

318 3819 517 3850 Promiztentes
538 3821 615 3851 bona
638 3819 706 3848 Fide
728 3820 760 3848 &
783 3819 812 3847 in
833 3817 932 3847 Verbo
952 3817 1038 3858 Regis
1052 3841 1062 3856 ,
1093 3818 1162 3848 Nos
1183 3826 1279 3850 totum
1301 3822 1335 3852 ὃς

278 3859 412 3896 quicquid
432 3868 479 3894 per
499 3859 663 3895 praedietum
687 3857 825 3895 Legatum
845 3855 998 3887 Oratorem
1019 3857 1074 3887 five
1093 3855 1269 3894 Deputatum
1281 3868 1335 3889 no—

279 3897 367 3926 strum
387 3897 415 3925 in
435 3895 580 3925 Praemiilis
599 3896 643 3924 vel
662 3894 872 3924 Praemifforum
889 3895 984 3932 aliquo
999 3918 1008 3933 ,
1033 3895 1143 3925 fastum
1160 3895 1264 3932 fuerit,
1292 3907 1335 3928 ra-

279 3945 340 3967 tum
360 3944 470 3974 gratum
491 3936 522 3964 &
543 3934 656 3962 firmum
677 3934 812 3970 perpetuis
839 3934 1011 3969 temporibus
1027 3933 1187 3970 habituros,
1204 3933 1237 3964 &
1253 3944 1334 3965 cura-

278 3982 356 4003 turos
398 3973 484 4002 etiam
517 3981 694 4008 quaecunque
721 3979 753 4000 ex
782 3979 859 4007 parte
885 3971 1094 4007 praechariisimi
1112 3970 1159 4001 filii
1175 3970 1265 4001 nostri
1284 3983 1332 4005 aut

278 4012 410 4043 Nomine
427 4020 482 4050 ejus
495 4032 504 4048 ,
534 4018 582 4047 per
602 4008 712 4039 dietum
731 4009 748 4027 ¹*
770 4007 912 4046 Legatum
929 4009 1055 4041 nostrum
1074 4009 1158 4042 Pacta
1177 4008 1329 4044 Conventa

1368 886 1398 916 in
1407 886 1584 927 Episcopum
1598 891 1631 921 &
1650 890 1794 921 Pastorem
1804 912 1814 928 ‚
1824 889 1986 922 Licentiam
2002 890 2127 922 nostram
2141 892 2331 925 fundatoriam
2345 895 2429 926 vobis

1368 927 1529 958 concedere
1543 928 1738 967 dignaremur3

1406 964 1493 1009 Nos,
1502 965 1635 1010 Precibus
1647 968 1745 999 vestris
1758 966 1788 996 in
1799 966 1852 997 hac
1868 976 1946 1006 parte
1959 977 2028 999 cum
2044 968 2142 1000 favore
2154 968 2430 1010 inclinantes‚alium

1368 1004 1450 1035 vobis
1464 1005 1595 1036 duximus
1609 1004 1846 1042 concedendum3

1391 1042 1571 1086 ‘Roganteffi
1590 1053 1624 1075 ac
1642 1045 1673 1075 in
1691 1044 1746 1075 fide
1764 1046 1798 1077 ὃς
1816 1043 1978 1088 dileudtione.
1988 1045 2090 1083 quibus
2108 1045 2189 1076 nobis
2203 1049 2342 1080 tenemini
2357 1059 2430 1088 prae-

1369 1090 1522 1119 cxpxenres,
1540 1082 1623 1120 quod
1641 1083 1727 1115 talem
1746 1083 1830 1114 vobis
1848 1084 1952 1122 eligatis
1970 1093 2002 1113 m
2021 1082 2124 1121 Episco
2145 1093 2196 1116 um
2215 1087 2249 1117 ὃς
2267 1086 2427 1127 Pastorem,

1369 1129 1437 1189 {1:1¹st
1439 1120 1517 1193 aIt)·eo
1539 1122 1659 1153 devotus
1673 1144 1684 1161 ‚
1710 1121 1864 1161 Nobisque
1892 1122 1925 1152 &
1948 1120 2055 1162 Regno
2076 1123 2128 1154 nol
2142 1132 2175 1154 ro
2200 1124 2275 1156 utilis
2291 1126 2325 1157 δε
2342 1125 2430 1158 fidelis

1407 1244 1443 1276 In
1461 1246 1541 1285 cujus
1555 1246 1615 1286 rei,
1631 1247 1694 1279 &c.

1409 1334 1499 1369 Teste
1517 1337 1600 1379 Rege
1618 1337 1692 1378 apud
1711 1335 1984 1378 Wellmonasterium,
2003 1336 2140 1370 vicesimo
2157 1347 2238 1369 nono
2256 1336 2316 1369 Die
2332 1337 2414 1371 Maii.

1868 1429 1924 1458 Per
1936 1431 2031 1460 Breve
2045 1429 2077 1460 de
2096 1431 2216 1461 Privato
2228 1430 2328 1468 Sigillo.

1372 1573 1431 1606 Pro
1455 1570 1622 1619 Augustino
1645 1575 1681 1607 V
1680 1575 1774 1606 incent
1801 1573 1959 1617 Generosi»,
1984 1575 2015 1606 in
2028 1572 2249 1617 Puffivandum
2265 1576 2433 1608 Armorum

1503 1621 1674 1669 vulgariter
1693 1624 1791 1669 Rouge
1809 1621 1901 1667 Croffe
1918 1632 2121 1669 nuncupatum
2132 1646 2143 1664 ,
2170 1622 2274 1657 erecto.

1373 1707 1489 1766 REX
1509 1706 1656 1740 Omnibus
1666 1707 1700 1740 ad
1717 1717 1803 1748 quos,
1822 1708 1883 1740 ὅτε.
1901 1706 2037 1741 Salutem.

1467 1746 1568 1778 Sciatis
1590 1747 1669 1785 quod
1693 1746 1778 1785 Nos,
1802 1747 1838 1779 de
1862 1747 1965 1779 Gratia
1984 1746 2081 1779 nostra
2101 1747 2227 1787 speciali,
2243 1757 2277 1779 ac
2301 1756 2336 1778 ex
2358 1746 2435 1779 certa
2453 1735 2557 1768 Anni:

1372 1783 1496 1816 Scientia
1521 1787 1555 1817 &
1580 1795 1664 1817 mero
1687 1785 1776 1816 Motu
1797 1785 1914 1825 nostris,
1932 1796 2047 1817 necnon
2063 1787 2092 1816 in
2105 1787 2331 1818 consideratione
2347 1786 2435 1817 fidelis
2479 1775 2557 1808 1621.

1373 1824 1408 1855 &
1420 1824 1601 1862 acceptabilis
1617 1824 1730 1855 Servitii
1749 1824 1866 1862 Nobis,
1884 1834 1935 1862 per
1951 1824 2087 1855 dilectum
2109 1825 2285 1856 Servientem
2306 1825 2438 1856 nostrum
2458 1819 2515 1843 ΡΜ·
2536 1824 2557 1850 ¹5

1372 1862 1559 1907 Augostinum
1573 1865 1691 1893 Vincent
1708 1862 1911 1907 Generoffim,
1930 1863 2051 1908 impensi
2067 1864 2100 1895 &
2118 1863 2304 1901 imposterum
2323 1865 2439 1902 impen—
2457 1853 2557 1931 ἐξύῒ(

1373 1901 1474 1940 ἀεηάε,
1501 1902 1622 1932 fecimus
1645 1902 1841 1933 ordinavrmus
1860 1911 2021 1933 creavimus
2044 1902 2182 1933 ereximus
2203 1903 2236 1933 &
2257 1902 2439 1941 investimus,

1372 1949 1406 1970 ac
1428 1950 1476 1978 per
1490 1939 1644 1971 Praesentes
1664 1941 1784 1971 facimus
1806 1939 1970 1971 ordinamus
1993 1950 2120 1972 creamus
2146 1942 2281 1979 erigimus
2300 1941 2334 1972 &
2358 1942 2440 1972 inve-

1373 1977 1473 2010 stimus
1487 1979 1613 2010 eundem
1625 1978 1809 2019 Augustinum
1823 1982 1937 2009 thent
1957 1989 2048 2010 unum
2064 1979 2303 2011 Purfivandorum
2323 1978 2439 2010 nostro-1

1374 2027 1438 2048 rum
1458 2017 1618 2048 Haeredum
1631 2019 1663 2049 ὃ(
1680 2018 1880 2049 Succesl'orum
1899 2017 2064 2048 nostrorum
2080 2018 2116 2048 ad
2132 2019 2238 2056 Armaz,
2256 2018 2291 2049 &
2317 2018 2343 2048 ei
2364 2017 2437 2048 No-

1373 2066 1442 2088 men
1457 2056 1523 2087 illud
1539 2056 1689 2095 vulgariter
1703 2064 1896 2093 nuncupatum
1910 2059 1999 2093 Rouge
2012 2056 2098 2096 Croffi’
2114 2057 2309 2094 imponimus,
2324 2066 2357 2087 ac
2379 2056 2439 2088 Sti-

1373 2095 1435 2126 lum
1451 2095 1585 2126 Titulum
1602 2095 1759 2126 Libertates
1774 2095 1808 2126 ὃ(
1825 2095 2073 2126 Praeheminentias
2086 2095 2248 2134 hujusmodi
2258 2096 2438 2126 convenien-

1372 2142 1413 2164 tes
1426 2133 1636 2164 concordantes
1653 2135 1686 2166 &
1702 2134 1739 2164 ab
1754 2135 1874 2172 antiquo
1889 2134 2055 2171 consuetos,
2074 2132 2174 2164 damus
2194 2135 2227 2165 &
2247 2134 2437 2165 concedimus

1372 2183 1423 2210 per
1436 2172 1607 2204 Praesentes:
1624 2171 1802 2203 Habendum
1819 2172 1975 2203 tenendum
1993 2172 2173 2208 gaudendum
2187 2172 2390 2211 occupandum
2401 2173 2437 2204 δε

1372 2211 1565 2242 exercendum
1578 2210 1724 2242 Officium
1739 2211 1907 2250 praedictum
1925 2220 1958 2242 ac
1974 2205 2097 2241 Nomen
2113 2210 2181 2241 illud
2191 2234 2200 2249 ,
2217 2220 2250 2242 ac
2267 2210 2370 2242 stilum
2379 2210 2436 2241 Ti-

1372 2250 1467 2281 tulum
1492 2249 1648 2281 Libertates
1674 2249 1943 2287 Praeheminentias,
1969 2259 2004 2280 ac
2029 2257 2132 2281 caetera
2157 2250 2255 2280 omnia
2278 2250 2311 2280 &
2333 2249 2436 2288 singula

1372 2287 1517 2357 Pjraemiffa
1531 2288 1649 2357 pffifato
1664 2288 1814 2328 Augustino
1830 2291 1946 2320 Vincent
1963 2289 2026 2319 alias
2042 2291 2131 2327 Rouge
2148 2287 2235 2328 Croffi’
2250 2286 2370 2320 durante
2385 2287 2436 2319 Vi-

1372 2336 1400 2358 ta
1427 2338 1461 2358 ua
1472 2335 1539 2358 natu
1582 2337 1600 2357 1.

1407 2365 1552 2397 Dedimus
1577 2366 1663 2397 etiam
1685 2367 1718 2398 δε
1741 2365 1948 2404 conceffimus,
1967 2374 2002 2397 ac
2025 2375 2075 2403 per
2100 2365 2254 2396 Praesentes
2280 2365 2379 2396 damus
2398 2365 2432 2396 &

1371 2405 1559 2435 concedimus
1572 2405 1691 2442 praefato
1707 2405 1861 2443 Augustino
1876 2407 1990 2435 Wncent
2005 2406 2070 2435 alias
2082 2408 2172 2442 Rouge
2185 2402 2272 2443 Cr0ffl>
2286 2414 2340 2441 pro
2355 2403 2433 2433 Offi-

1370 2444 1417 2472 cio
1433 2444 1571 2480 praedisto
1589 2444 1750 2473 exercendo
1765 2444 1906 2481 quandam
1922 2443 2107 2474 Annuitatem
2123 2444 2180 2473 sive
2196 2444 2344 2473 annualem
2352 2441 2433 2472 Red-

1369 2481 1464 2511 ditum
1485 2484 1590 2519 Vrginti
1614 2482 1763 2511 Librarum
1786 2482 1878 2521 legalis
1903 2481 2035 2512 Monetae
2053 2482 2180 2519 Angliae;
2199 2480 2294 2518 Qiod
2313 2479 2430 2517 quidem

1369 2519 1514 2550 Officium
1530 2521 1563 2550 &
1582 2520 1767 2551 Annuitatem
1785 2520 1918 2559 praedieta
1925 2519 2082 2589 dJohannes
2094 2518 2250 2548 Gwilliams
2270 2527 2359 2556 nuper
2379 2518 2430 2548 de-

1368 2558 1482 2588 functus
1495 2559 1592 2589 habuit
1610 2558 1642 2589 &
1657 2560 1801 2596 exercuit·,
1819 2558 1922 2589 Haben
1946 2568 1994 2589 um
2009 2558 2043 2589 &
2055 2559 2198 2588 annuatim
2215 2555 2431 2594 percipssendum

1368 2596 1536 2633 pnedi&am
1551 2597 1737 2627 Annuitatem
1752 2596 1807 2627 sive
1821 2597 1970 2627 annualem
1985 2595 2144 2626 Redditum
2161 2598 2262 2631 Viginti
2279 2594 2429 2625 Librarum

1368 2635 1485 2671 praefato
1510 2635 1663 2703 Auguffi‘no
1686 2638 1803 2664 Vincent
1824 2635 1888 2665 alias
1903 2637 1989 2672 Rouge
2004 2633 2109 2672 Croffe‚
2127 2634 2143 2664 ὲ
2159 2632 2246 2664 Festo
2262 2633 2429 2664 Annuncia-

1369 2675 1456 2704 tionis
1476 2675 1567 2704 beatae
1630 2675 1694 2703 ariae
1718 2672 1845 2706 Vireinis
1864 2673 1968 2704 ultimo
1984 2674 2128 2710 praeterito
2142 2679 2208 2703 ante
2225 2671 2331 2702 Datam
2346 2671 2426 2703 Prae-

1368 2713 1506 2750 sentium,
1524 2721 1577 2749 pro
1599 2712 1744 2743 Termino
1770 2710 1842 2741 Vitae
1856 2712 1938 2749 ipsius
1948 2711 2095 2755 Augustini
2106 2713 2222 2741 Vincent
2233 2733 2242 2748 ,
2260 2709 2426 2741 solvendam

1367 2751 1512 2781 annuatim
1529 2750 1562 2781 ad
1577 2749 1648 2781 duos
1659 2750 1736 2780 Anni
1751 2749 1926 2788 Terminos3
1945 2750 2097 2787 videlicet,
2111 2749 2146 2779 ad
2161 2748 2242 2779 Festa
2253 2750 2350 2779 Sanc‘li
2367 2752 2428 2778 Mi-

1367 2788 1465 2818 chaelis
1478 2788 1649 2826 Archangeli
1664 2789 1697 2820 &
1710 2791 1949 2828 Armonciationis
1962 2789 2050 2818 beatae
2071 2791 2176 2818 Mariae
2192 2790 2308 2824 Virginis
2323 2797 2370 2824 per
2391 2797 2430 2817 ae-

1367 2827 1462 2865 quales
1475 2827 1646 2864 Portiones,
1665 2828 1700 2858 ad
1714 2826 1874 2864 Receptam
1885 2827 2024 2858 Scaccarii
2039 2826 2128 2858 nostri
2143 2826 2301 2856 Haeredum
2316 2825 2435 2857 &Suc-r

1368 2865 1512 2896 celsorum
1548 2866 1604 2896 una
1617 2875 1686 2897 cum
1700 2866 1835 2895 omnibus
1849 2865 1905 2896 aliis
1921 2865 2186 2897 Commoditatibus
2206 2863 2345 2895 Proficuis
2368 2863 2430 2895 Ad-

1369 2906 1505 2943 vantagiis
1520 2890 1766 2935 l³raeheminentiis
1781 2903 1991 2935 Emolumentis
2005 2905 2038 2935 &
2056 2903 2242 2934 Libertatibus
2255 2902 2349 2933 eidem
2371 2902 2430 2933 Of-

1370 2942 1438 2973 ficio
1459 2944 1560 2974 debitis
1584 2944 1618 2974 &
1640 2943 1795 2979 consuetis,
1815 2945 1843 2973 in
1864 2951 1922 2973 tam
1944 2944 2043 2980 amplis
2069 2942 2159 2973 modo
2181 2942 2214 2972 &
2233 2941 2327 2972 forma
2343 2948 2429 2979 prout

1372 2981 1547 3012 Wiellielmus
1569 2981 1692 3021 Wyrlq,
1719 2981 1841 3012 Rouoe
1863 2981 1990 3012 Cnosse
2003 3004 2013 3019 ,
2034 2980 2148 3011 Thomas
2160 2979 2280 3017 ,Knight
2304 2979 2428 3010 Rouoz

1372 3020 1499 3052 CRossa
1511 3044 1520 3057 ‚
1539 3021 1572 3052 &
1588 3020 1734 3060 Johannes
1747 3019 1905 3050 Gwilliams
1918 3019 2069 3058 praedictus
2084 3028 2172 3057 nuper
2185 3018 2309 3049 Rouci:
2323 3017 2429 3049 Cnos-

1374 3068 1408 3090 δε
1421 3067 1470 3089 aut
1485 3058 1581 3097 aliquis
1599 3059 1666 3090 alius
1683 3059 1739 3089 slve
1755 3058 1840 3095 aliqui
1859 3059 1903 3089 alii
1916 3058 2157 3090 Purfivandorum
2170 3057 2269 3089 habuit
2286 3058 2320 3089 ὃ(
2335 3066 2430 3095 peree-

1373 3099 1431 3136 pit‚
1447 3098 1608 3128 habuerunt
1623 3099 1656 3129 &
1671 3106 1873 3135 perceperunt,
1893 3097 1938 3128 vel
1953 3098 2097 3135 percipere
2111 3096 2285 3134 debuerunt²
2303 3095 2339 3128 de
2352 3096 2383 3126 in
2393 3095 2428 3127 &

1373 3145 1425 3174 pro
1439 3136 1576 3166 exercitio
1589 3134 1694 3166 Officii
1708 3135 1846 3172 ejusdem:

1410 3174 1457 3205 Eo
1469 3174 1551 3212 quud
1566 3173 1689 3212 expressa
1703 3175 1814 3204 mentio
1824 3197 1834 3212 ‚
1849 3174 1909 3205 &c.

1411 3258 1445 3290 In
1463 3260 1541 3298 cujus
1558 3260 1614 3298 rei,
1633 3259 1694 3291 &c-

1411 3346 1501 3379 Teste
1514 3347 1599 3388 Rege
1615 3347 1690 3385 apud
1705 3346 1979 3387 westmonasterium,
1994 3348 2131 3380 vicesimo
2143 3358 2223 3381 nono
2239 3347 2298 3379 Die
2311 3344 2393 3377 Maii.

1811 3426 1866 3454 Per
1884 3427 1978 3456 Breve
1991 3426 2024 3455 de
2038 3427 2156 3456 Privato
2170 3422 2270 3463 Sigillo.

1410 3500 1429 3519 ³*
1449 3503 1557 3530 Vacant
1571 3499 1614 3530 hae
1636 3502 1742 3530 Literae
1763 3503 1895 3530 Potentes
1910 3523 1920 3539 ,
1945 3500 2004 3531 und
2022 3513 2080 3532 cum
2100 3499 2309 3531 Irrotulamento
2328 3509 2428 3528 earun-

1373 3538 1433 3568 dem
1443 3547 1493 3578 pro
1507 3549 1535 3567 eo
1549 3539 1626 3580 quod
1635 3537 1865 3578 infranominatus
1872 3539 2046 3577 ‘Augustinus
2054 3538 2194 3574 Vincent,
2205 3540 2303 3576 quinto
2319 3537 2361 3566 die
2368 3537 2428 3576 Ju-

1374 3581 1434 3614 nii,
1451 3580 1539 3606 Anno
1556 3581 1642 3614 Regni
1657 3579 1744 3616 Regis
1758 3577 1861 3615 jacobi
1879 3577 2010 3616 Angliae,
2027 3577 2088 3612 &a
2105 3575 2224 3616 vicesimo
2235 3574 2369 3614 serundo,
2387 3586 2429 3605 co-

1374 3626 1436 3644 ram
1448 3615 1535 3645 eodem
1551 3618 1666 3645 Domino
1680 3620 1708 3645 in
1731 3615 1903 3646 Cancellaria
1919 3617 1969 3655 fica
1984 3614 2162 3656 personaliter
2181 3614 2357 3652 constitutus,
2375 3616 2429 3643 Li-

1374 3661 1449 3683 teras
1464 3656 1594 3684 Patentes
1602 3654 1748 3692 praediHas
1757 3678 1766 3691 ,
1784 3658 1813 3684 in
1831 3665 1926 3683 manus
1941 3654 2008 3684 dich
2023 3655 2134 3683 Domini
2146 3654 2224 3688 Regis
2235 3650 2346 3691 fitrfitm
2366 3653 2428 3682 red-

1374 3692 1446 3722 didit
1460 3691 1649 3721 cancellandas
1658 3715 1668 3730 ,
1683 3691 1721 3726 &
1735 3703 1780 3722 eas
1788 3691 1900 3731 propria*
1910 3692 1968 3730 sud
1981 3702 2063 3721 manu
2075 3688 2240 3720 cancellavit
2250 3713 2261 3729 ‚
2280 3687 2318 3724 ὠ
2338 3690 2428 3721 humi-

1373 3730 1438 3760 liter
1448 3733 1529 3768 peti1t
1543 3729 1617 3770 quod
1627 3729 1868 3760 Irrotulamentum
1882 3729 2032 3760 earumdem
2044 3727 2238 3759 cancellaretur
2253 3725 2292 3763 ὦ·
2307 3739 2428 3760 evacua-

1375 3777 1467 3804 retur‚·
1485 3768 1543 3798 ideo
1568 3770 1609 3798 ad
1626 3769 1787 3807 instantiam
1806 3767 1929 3805 praedic‘li
1950 3766 2099 3804 Augustini
2122 3766 2366 3799 Irrotulamentum
2379 3779 2427 3798 ea.-

1373 3807 1484 3838 rundem
1499 3806 1665 3839 cancellatur
1679 3804 1717 3842 &⁴
1732 3806 1877 3838 omnimodo
1892 3807 2065 3844 dampnatur.

2348 4038 2430 4085 {cuam
