2557 4279
698 187 810 228 ET
894 188 1167 229 ACTA

9 272 83 304 Ann-
95 269 135 300 D·
151 276 221 307 Nos
238 275 330 307 versus
347 274 460 305 eosdem
479 273 615 305 Subditos
639 273 752 303 nostros
774 273 845 304 dieti
865 273 962 311 Regni
986 274 1076 304 nostri
1099 273 1210 305 Hiber-

27 317 110 346 1599-

150 317 205 345 niae
221 338 231 353 ,
260 323 305 344 aut
323 313 392 343 alios
411 313 517 343 ibidem
537 312 684 342 residentes
704 321 751 342 aut
769 322 998 351 commorantes,
1017 313 1136 350 pertinet
1162 314 1207 342 seu

5 356 42 386 41
69 348 135 375 eliz.
148 354 287 392 pertinere
306 353 413 388 poterit
431 352 459 380 in
478 352 629 389 futurum,
655 351 687 381 ὃς
706 350 817 381 firmam
842 352 948 382 Pacem
973 352 1100 382 nostram
1118 352 1156 381 eis
1174 352 1207 382 δε

41 390 99 422 Reg.

9 3133 118 3162 ‚XVL

11 3203 13 3208 .
35 3175 101 3209 369-

148 401 248 422 eorum
268 390 383 420 cuilibet
402 390 469 419 inde
487 389 553 419 dare
570 391 603 420 ὃ(
622 389 783 419 concedere
801 413 810 426 ‚
846 399 912 420 cum
930 389 1065 420 usualibus
1085 399 1131 419 aut
1150 390 1208 419 aliis

148 428 371 468 quibuscumque
392 427 605 458 Provifionibus
621 450 630 465 ,
658 427 890 459 Limitationibus
908 429 941 459 ὃς
962 428 1188 458 Conditionibus
1200 450 1209 464 ,

146 475 194 498 aut
211 467 288 497 aliter
307 466 409 504 absque
428 466 567 504 aliquibus
585 465 796 496 Provisionibus
818 489 828 504 ,
866 466 1101 496 Limitationibus
1117 490 1127 505 ,
1153 467 1208 496 five

146 505 371 535 Conditionibus
392 528 401 542 ,
434 515 481 542 per
500 505 711 535 Discretionem
738 504 861 542 ejusdem
887 508 1106 534 Locumtencntis
1129 504 1211 541 nostri

147 543 290 573 Generalis
306 542 343 577 ὅ)
361 543 559 573 Gubernatoris
579 541 661 581 nostri
676 542 835 579 Generalis,
851 544 880 572 in
897 542 1001 572 eisdem
1023 544 1208 573 Pardonatio-

146 583 228 613 nibus
245 584 279 614 &
297 592 394 612 earum
413 582 537 621 qualibet
552 580 732 611 continendis
752 581 785 611 &
805 581 1014 617 inserendis32c
1029 584 1114 611 etiarn
1134 582 1210 612 Lite-

147 631 190 651 ras
211 621 318 651 nostras
334 620 478 658 Parentes,
493 620 542 650 sub
566 618 680 658 Magno
700 618 801 656 Sigillo
824 618 922 648 nostro
943 617 1090 650 Hiberniae
1116 619 1209 658 super-

146 658 214 689 inde
237 659 434 696 concedendi,
450 660 482 690 &
499 657 533 688 ad
550 657 659 688 easdem
676 656 831 693 sigillandas
850 656 1027 688 Cancellario
1051 657 1148 688 nostro
1166 659 1211 689 vel

146 696 271 728 Custodi
295 698 386 738 Sigilli
405 697 495 727 nostri
513 696 660 727 Hiberniae
677 694 830 725 mandandi
853 719 863 733 ,
901 696 1028 726 tradendi
1047 698 1079 727 &
1102 697 1211 727 delibe-

144 737 242 768 randi·

182 760 297 805 Dainus
316 775 428 812 insuper
448 774 481 804 &
501 770 688 803 concedimus
705 771 824 811 praefato
833 774 1042 802 Locumtenenti
1056 772 1143 811 nostro
1158 775 1212 802 Ge—

153 814 246 843 nerali
257 813 296 849 &
315 813 499 843 Gubernatori
514 809 599 849 nostro
614 810 742 840 Generali
752 833 762 848 ,
772 818 869 842 tenore
884 810 1071 842 Praesentium
1080 812 1209 849 ,plenam

145 851 322 883 Potestatem
341 852 374 883 &
393 849 604 880 Audieritatem
619 872 631 887 Α,
664 859 715 889 per
738 849 849 880 Literas
873 849 979 879 nostras
996 850 1143 886 Patentes,
1160 851 1209 880 sub

145 891 260 921 Manno
285 890 385 929 Sigillo
400 888 498 918 nostro
513 886 664 917 Hiberniae
683 888 785 918 debito
806 888 898 918 modo
913 888 1103 919 conficiendas
1123 889 1156 919 &
1179 889 1213 917 si-

145 916 299 967 gillindas,
312 927 414 964 dandi,
431 926 613 957 concedendi
635 925 669 956 δε
695 926 859 957 restituendi
887 928 1021 957 omnibus
1041 928 1074 957 &
1098 926 1212 964 singulis

145 967 314 999 Rebellibus
327 967 361 997 &
375 965 433 995 aliis
445 964 643 995 Proditoribus
664 964 698 994 δε
714 963 955 1004 Delinquentibus
971 965 1132 1005 supradietis
1147 967 1209 1002 qui-

143 1006 340 1043 buscumque,
374 1013 422 1041 pet
444 1002 614 1040 praedictum
634 1005 876 1034 Locumtenentem
904 1004 1023 1043 nostrum
1047 1003 1208 1033 Generalem

144 1042 184 1079 ὠ·
201 1043 416 1074 Gubernatorem
435 1040 554 1081 nostrum
573 1041 736 1071 Generalem
749 1065 760 1081 ,
786 1051 839 1079 pro
856 1041 955 1072 Nobis
972 1044 1005 1074 &
1024 1044 1054 1073 in
1073 1042 1209 1072 Nomine

141 1082 241 1114 nostro
258 1082 351 1121 sie,ut
370 1080 535 1118 praefertur,
545 1080 704 1118 pardonatis
719 1080 837 1111 remiffis
855 1082 888 1112 ὅ(
904 1081 1047 1119 relaxatis,
1063 1089 1121 1111 tam
1137 1090 1206 1110 orn-

141 1131 192 1151 nes
211 1121 244 1151 &
261 1119 425 1158 hujusmodi
447 1118 626 1157 Dignitates‚
639 1117 791 1156 Honores,
807 1119 942 1158 Titulos,
957 1120 1072 1151 Gradus
1105 1119 1208 1156 Stilus,

140 1158 411 1196 Praeheminentias,
427 1156 517 1188 Arma
536 1158 569 1187 &
588 1156 726 1196 Infignia,
745 1157 851 1188 eisdem
872 1158 1059 1196 Rebellibus,
1073 1142 1209 1201 s'rodito-

140 1198 220 1228 ribus
237 1197 270 1228 &
288 1197 347 1228 aliis
365 1195 608 1235 Delinquentibus
632 1196 795 1233 supradietis
808 1220 818 1234 ,
849 1207 897 1228 aut
919 1207 1019 1227 eorum
1040 1197 1139 1234 alicui,
1155 1206 1206 1225 un-

140 1245 228 1275 quam
246 1236 368 1267 antehac
386 1235 542 1273 seperaliter
561 1236 594 1266 &
615 1234 773 1272 respective
789 1235 944 1273 spectantes
957 1235 1013 1267 five
1026 1236 1208 1274 pertinentes,

141 1277 231 1313 quiam
248 1277 348 1306 omnia
367 1274 401 1305 &
420 1273 525 1312 singula
540 1273 714 1312 Territoria,
730 1273 850 1312 Patrias,
878 1274 1036 1312 Dominis,
1061 1273 1208 1311 Maneria,

143 1313 266 1353 Castra,
288 1313 409 1351 Terras,
422 1312 618 1348 Tenementa,
635 1311 771 1350 Servitia,
791 1311 1054 1351 Haereditamenta,
1074 1313 1153 1343 Bona
1172 1313 1206 1343 &

142 1352 252 1384 Catalla
278 1361 470 1390 quecumque
481 1373 490 1389 ,
522 1351 591 1381 infra
606 1350 716 1381 dietum
740 1351 879 1389 Regnum
896 1352 1028 1382 nostrum
1046 1351 1210 1388 Hiberniae,

139 1402 207 1430 quae
226 1391 322 1422 Nobis
339 1391 448 1421 ratione
466 1389 629 1420 earumdem
647 1389 869 1429 Proditionum‚
888 1391 912 1420 F
913 1391 1087 1428 eloniarom,
1103 1390 1209 1432 Trans-

161 1430 314 1461 reffionum
334 1431 366 1460 ὃς
385 1427 570 1458 Offensorurn
590 1428 745 1464 seperaliter
763 1430 796 1459 ὃς
814 1430 968 1466 respefflve
988 1430 1132 1460 forisfacti
1148 1432 1207 1459 live

164 1468 304 1507 eperdita,
322 1476 369 1497 aut
388 1465 579 1504 imposterum
597 1465 797 1497 forisfacienda
816 1468 871 1498 sive
891 1468 1071 1506 deperdend'a
1087 1466 1209 1497 existunt

143 1509 191 1540 vel
208 1507 328 1537 existent
349 1518 358 1544 3
392 1505 429 1535 Et
448 1505 581 1535 volumus
596 1527 606 1542 ,
622 1513 655 1534 ac
677 1514 725 1541 per
743 1504 894 1536 Praesentes
914 1506 1102 1537 concedimus
1127 1504 1208 1542 quod

145 1556 244 1578 omnes
258 1547 291 1577 &
307 1544 445 1582 quaelibet
460 1543 525 1573 tales
539 1543 778 1582 Pardonationes,
802 1544 1012 1575 Conceffiones
1027 1546 1060 1574 δε
1080 1544 1210 1574 Restitu-

146 1587 237 1616 tiones
258 1585 312 1620 iic,
325 1591 357 1612 ut
372 1581 516 1619 praefertur
525 1604 534 1618 ,
544 1591 593 1618 per
608 1581 758 1618 praefatum
773 1585 1013 1612 Locumtenentem
1026 1582 1143 1621 nostrum
1156 1584 1210 1611 Ge-

145 1621 265 1655 neralem
280 1621 318 1657 &
332 1621 551 1651 Gubernatorem
573 1619 690 1660 nostrum
712 1621 873 1650 Generalem
906 1631 959 1659 pro
975 1620 1074 1651 Nobis
1089 1623 1122 1652 ὃς
1141 1621 1212 1650 No-

149 1663 229 1693 mine
248 1660 351 1691 nostro
368 1657 485 1696 fiendae,
497 1659 531 1689 &
548 1658 766 1698 Tranlcriptum
788 1660 845 1690 five
859 1644 1046 1690 Vllarrantum
1062 1659 1212 1702 cujussibet

147 1699 314 1732 earumdem
331 1698 577 1729 Pardonationum
587 1696 834 1735 ,Conceffionum
850 1698 884 1728 &
900 1697 1212 1735 Restitutionum‚l1g-

147 1748 246 1771 natum
267 1748 316 1776 per
337 1736 459 1767 Manum
473 1736 543 1765 diCti
560 1737 779 1767 Locumtenentis
794 1735 876 1775 nostri
897 1737 1039 1767 Generalis
1053 1733 1091 1771 ἐφ’
1106 1735 1214 1765 Guber-

148 1781 255 1810 natoris
272 1775 352 1816 nostri
366 1773 587 1811 Generalis,erit
600 1773 742 1805 sufficiens
759 1776 792 1806 ὃς
808 1775 1007 1806 immediatum
1022 1775 1212 1805 Warrantum

147 1815 330 1847 Cancellario
345 1813 463 1851 nostro,
480 1814 527 1844 vel
544 1812 668 1843 Custodi
684 1813 791 1851 Magni
805 1813 895 1853 Sigilli
917 1814 1007 1844 nostri
1028 1813 1099 1844 dieti
1116 1813 1212 1851 Regni

147 1853 237 1886 nostri
260 1853 407 1884 Hiberniae
427 1862 480 1889 pro
500 1860 634 1889 tempore
649 1851 778 1883 existenti
801 1875 812 1891 ,
848 1862 881 1883 ac
903 1852 1079 1892 sigillandum
1102 1851 1213 1895 easdem

147 1893 388 1930 Pardonationes‚
404 1889 610 1921 Conceffiones
627 1890 660 1921 &
680 1890 903 1929 RestitutioneS,
922 1894 955 1923 &
972 1901 1070 1922 earum
1092 1889 1216 1929 quamli-

150 1933 219 1971 bet,
234 1932 283 1962 sub
302 1930 414 1969 Magno
432 1929 536 1966 sigillo
549 1927 648 1959 nostro
664 1929 734 1960 diCti
753 1930 850 1969 Regni
872 1929 963 1961 nostri
978 1930 1142 1968 Hiberniae,
1157 1938 1217 1958 eas-

149 1972 272 2009 demque
282 1993 292 2008 ,
308 1969 435 1999 Partibus
448 1968 477 1997 in
489 1966 630 2005 praediffis
653 1967 911 1999 Pardonationibus
925 1992 936 2007 ,
971 1967 1217 2000 Conceffionibus

150 2010 208 2041 sive
234 2007 469 2039 Restitutionibus
491 2007 661 2042 nominatis,
675 2017 831 2045 eorumque
846 2008 949 2046 alicui,
970 2006 1213 2044 deliberandum3

191 2047 308 2078 Damus
334 2047 470 2085 praeterea
494 2045 528 2075 &
554 2044 744 2076 concedimus
767 2047 863 2077 eidem
884 2049 1096 2077 Locumtenenti
1125 2043 1216 2083 nostro

151 2084 282 2117 Generali
295 2083 334 2119 ὠ»
347 2084 531 2114 Gubernatori
543 2083 632 2122 nostro
651 2084 782 2116 Generali
803 2108 814 2123 ‚
851 2085 966 2122 plenam
988 2084 1163 2115 Potestatem
1179 2084 1213 2115 &

151 2125 388 2157 Audihoritatem
413 2121 554 2160 faciendi,
573 2122 767 2154 constituendi
789 2126 823 2156 &
845 2123 1000 2162 deputandi
1016 2122 1216 2154 Penfionarios

154 2165 189 2195 &
207 2162 373 2193 Officiarios
389 2161 502 2192 nostros
515 2161 711 2200 quoscumque
727 2162 800 2194 infra
816 2163 987 2200 praedictum
1003 2161 1145 2199 Regnum
1160 2170 1216 2191 no-

154 2202 244 2234 strum
263 2200 426 2238 Hiberniae,
444 2198 573 2238 (Officiis
594 2199 784 2239 Cancellarii,
801 2201 997 2239 Thesaurarii‚
1015 2200 1217 2232 subthesaura-

152 2242 187 2272 rii
198 2265 207 2279 ‚
226 2239 406 2271 Thesaurarii
417 2239 452 2269 ad
466 2237 627 2277 Guerram,
641 2238 796 2278 justiciarii
813 2240 956 2278 utriusque
973 2240 1078 2277 Banci,
1099 2249 1134 2270 ac
1157 2237 1216 2269 Ca·-

153 2280 246 2319 pitalis
264 2278 377 2309 Baronis
390 2277 532 2308 Scaccarii
547 2277 639 2307 nostri
656 2277 817 2316 Hiberniae,
825 2289 857 2309 ac
874 2278 979 2309 Officii
996 2277 1132 2318 Magistri
1147 2277 1214 2307 Ro-

153 2319 285 2350 'tulorum
305 2316 429 2355 ejusdem
450 2315 547 2353 Regni
565 2315 654 2346 nostri
671 2340 680 2355 ,
709 2327 742 2347 ac
765 2317 882 2348 Officiis
899 2318 1051 2348 Servientis
1066 2316 1156 2347 nostri
1179 2316 1217 2346 ad

154 2357 328 2395 Legem‚ac
350 2355 494 2386 Attornati
508 2355 542 2386 δε
560 2354 759 2386 Sollicitatoris
772 2355 861 2386 nostri
875 2355 1001 2394 ejusdem
1014 2355 1112 2393 Regni
1124 2354 1216 2385 nostri

154 2394 323 2432 Hiberniae,
336 2392 541 2424 tantummodo
564 2394 705 2431 exceptis)
727 2394 857 2425 habenda
870 2394 1005 2434 praedid'ta
1020 2394 1132 2424 Officia
1148 2394 1217 2430 (ex-

155 2436 244 2472 ceptis
266 2432 468 2472 praeexceptis)
484 2431 517 2461 &
535 2430 688 2462 Penfiones
703 2433 851 2470 praediehs
868 2434 907 2463 eis
923 2434 957 2464 ὃς
975 2442 1080 2463 eorum
1098 2432 1218 2463 cuilibet

153 2484 189 2504 ac
208 2472 380 2512 quibussibet
397 2479 500 2501 eorum
517 2469 633 2501 durante
652 2470 838 2508 Beneplacito
857 2471 973 2510 nostro,
986 2472 1040 2501 una
1055 2481 1123 2501 curn
1138 2470 1215 2514 Pen-

155 2513 281 2543 sionibus
300 2509 418 2541 antehac
438 2509 540 2539 usitatis
555 2509 588 2539 &
607 2510 699 2540 modo
717 2511 747 2540 in
767 2509 815 2540 usu
834 2511 868 2541 δε
890 2511 990 2547 vigore
1015 2509 1217 2546 existentibus,

157 2550 392 2588 quotiescumque
413 2546 513 2587 aliquae
531 2547 694 2585 hujusmodi
723 2549 875 2579 Pensiones
904 2549 960 2578 five
984 2548 1094 2578 Officia
1116 2557 1219 2578 vacare

157 2589 351 2628 contigerint,
363 2597 398 2617 ac
421 2588 477 2616 una
497 2595 564 2617 cum
586 2586 681 2616 Vadiis
701 2587 734 2617 &
758 2586 898 2624 Regardis
918 2586 1025 2617 eisdem
1050 2586 1167 2616 Officiis
1184 2586 1218 2616 ὅτ

156 2626 346 2657 Penlionibus
365 2625 485 2656 antehac
504 2624 659 2663 consuetis,
679 2624 781 2655 debitis
795 2627 829 2656 &
851 2625 956 2656 usitatis
973 2626 1007 2656 ἃ
1031 2625 1154 2656 nuncin
1169 2624 1220 2654 usu

154 2665 353 2703 existentibus,

195 2702 398 2734 Conceffimus
412 2703 514 2740 etiam,
527 2712 578 2740 ac,
594 2712 643 2740 per
656 2701 807 2733 Praesentes
823 2725 832 2740 ,
858 2711 912 2739 pro
930 2702 1028 2733 Nobis
1048 2701 1222 2732 Haeredibus

155 2742 190 2774 &
211 2741 423 2773 Successoribus
438 2739 558 2779 nostris,
573 2741 775 2778 concedimus,
798 2743 918 2778 praefato
938 2743 1148 2771 Locumtenenti
1167 2751 1217 2770 no-

150 2781 209 2820 stro
229 2779 356 2811 Generali
377 2776 415 2814 ῤ’
432 2779 618 2809 Gubernatori
641 2778 729 2818 nostro
751 2779 895 2817 Generali,
915 2779 1089 2810 potestatem
1105 2781 1137 2811 &
1154 2779 1215 2809 Au-

153 2820 339 2857 &oritatem,
353 2819 453 2848 omnia
468 2817 607 2848 Beneficia
622 2819 656 2849 δε
678 2818 787 2849 Officia
805 2818 1021 2857 Ecclefiastica,
1043 2827 1104 2848 tam
1122 2826 1216 2848 curata

153 2858 242 2897 quam
257 2868 317 2889 non
332 2855 598 2895 curata3videlicet‚
613 2856 740 2887 Vicarias
754 2856 920 2888 Personatus
935 2856 1120 2894 Praebendas,
1135 2855 1216 2886 Can-

154 2898 234 2928 tarias
243 2919 253 2934 ,
265 2895 409 2933 Capenas,
424 2895 598 2934 Dignitates,
611 2894 792 2934 Decanatus,
814 2895 1070 2927 Archidiaconatus
1084 2918 1094 2934 ‚
1116 2895 1149 2926 &
1163 2895 1216 2926 alia

153 2934 282 2973 Officia,
298 2932 491 2965 Ecclesiastica
512 2935 546 2965 ὃς
563 2933 701 2965 Beneficia
724 2944 914 2973 quaecumque
932 2938 942 2970 (
952 2934 1216 2977 Nominationibus

153 2973 446 3011 Archiepiscoporum
461 2973 495 3003 &
510 2972 720 3010 Episcoporum
734 2975 941 3011 exceptis)tam
958 2975 986 3003 in
1001 2973 1136 3003 Ecclelns
1152 2972 1213 3003 Ca-

153 3012 327 3042 thedralibus
363 3013 428 3041 uam
444 3009 631 3048 collegiatis,
652 3012 686 3042 &
707 3012 765 3042 aliis
780 3013 1008 3050 quibuscumque
1032 3011 1168 3042 Ecclesiis
1183 3012 1214 3041 in

155 3021 422 3088 quocumqueioco
436 3048 507 3078 infra
522 3048 660 3086 Regnum
678 3049 808 3080 nostrum
828 3050 982 3081 Hiberniae
996 3074 1006 3090 ,
1027 3059 1214 3088 quocumque

153 3087 259 3120 Titulo
274 3090 333 3127 jam
350 3086 546 3123 vacanteS,seu
562 3087 748 3124 imposterum
764 3098 797 3118 ex
813 3098 995 3126 quacumque
1016 3089 1096 3120 causa
1115 3098 1216 3119 vacare

156 3128 348 3166 contigerint,
362 3126 395 3156 ὃς
417 3125 452 3155 ad
474 3123 721 3156 Praesentationem
743 3125 941 3157 Collationem
963 3127 982 3146 ²*
998 3128 1056 3158 five
1073 3127 1217 3157 Donatio-

158 3176 226 3197 nem
241 3165 365 3196 nostram
380 3173 562 3203 quocumque
579 3164 667 3194 modo
680 3164 881 3203 speetaverint‚
893 3165 1021 3196 Personis
1032 3165 1140 3195 idoneis
1175 3167 1218 3195 ui-

159 3207 213 3236 bus
228 3204 279 3234 sibi
292 3203 446 3241 placuerit,
459 3202 560 3238 dandi,
576 3203 755 3233 concedendi
770 3205 803 3235 ὃς
825 3204 991 3234 conferendi
1001 3204 1051 3242 ‚&
1065 3203 1100 3234 ad
1118 3214 1148 3234 ea
1169 3214 1216 3234 em

159 3244 259 3274 omnia
278 3244 311 3274 ὅς
328 3241 575 3279 singula‚quorutn
589 3241 622 3272 ad
638 3241 706 3272 Nos
719 3241 950 3273 Praesentationes
965 3243 1091 3281 speetant
1106 3244 1141 3274 &
1155 3253 1217 3281 per-

159 3284 269 3319 tinent,
283 3279 467 3319 praesentandi
483 3302 492 3317 ‚
516 3290 550 3309 ac
564 3279 673 3310 Statum
688 3281 721 3311 &
736 3280 941 3312 Posseffionem
956 3283 1092 3312 omnium
1113 3283 1146 3313 ὃς
1163 3282 1216 3312 sim

180 3321 295 3352 ulorum
312 3320 359 3357 qui
377 3318 413 3348 de
428 3318 563 3355 aliquibus
578 3318 723 3349 Beneficiis
737 3319 956 3358 Ecclefiasticis,
981 3322 1039 3350 tam
1062 3320 1215 3359 Dignitati-

183 3371 211 3390 us
234 3360 322 3397 quam
343 3357 400 3387 aliis
415 3356 561 3387 Beneficiis
576 3356 776 3388 Ecclefiasticis
797 3359 1022 3398 quibuscumque
1037 3382 1046 3397 ,
1071 3359 1216 3397 poffeffio-

159 3401 216 3430 nati
234 3395 731 3435 existunt,ratificandi,approbandi
745 3396 778 3427 &
793 3397 1037 3436 confirmandi3ac
1053 3397 1213 3438 Privilegia‚

160 3437 319 3468 Libertates
329 3459 338 3474 ,
351 3435 549 3465 Immunitates
562 3434 596 3463 &
612 3433 819 3466 Conceffiones
831 3460 841 3476 ,
870 3445 919 3474 per
941 3436 1163 3468 Praedecessores
1180 3438 1214 3468 δε

157 3475 363 3512 ΡιὉςεηίῑοιέε
385 3473 496 3503 nostros
510 3473 706 3510 quoscumque
726 3497 736 3512 ,
772 3483 819 3505 aut
839 3476 947 3515 aliquos
965 3475 1036 3506 alios
1056 3484 1120 3506 ante
1148 3477 1212 3507 haec

159 3524 291 3552 tempora
304 3514 384 3544 raetis
397 3513 454 3543 live
469 3510 712 3549 conceffis,prout
726 3513 820 3544 eidem
836 3517 1043 3544 Locumtenenti
1057 3514 1144 3554 nostro
1159 3518 1215 3545 Ge-

161 3553 250 3584 nerali
266 3550 303 3587 ρξ’-ν
321 3552 506 3582 Gubernatori
519 3549 606 3590 nostro
621 3550 765 3589 Generali,
783 3562 831 3589 per
846 3552 1063 3584 Avisamenmm
1078 3555 1112 3584 &
1131 3552 1214 3584 Con-

160 3592 271 3623 sensum
286 3591 416 3622 Concilii
436 3588 527 3620 nostri
549 3599 577 3618 in
593 3589 674 3619 diCto
695 3589 799 3627 Regno
814 3591 914 3621 nostro
928 3589 1094 3629 Hiberniae,
1114 3593 1214 3624 melius

159 3631 302 3662 videbitur
323 3627 651 3670 expedire‚ratificandi,
665 3629 839 3665 approbandi
858 3631 891 3660 &
910 3629 1120 3668 confirmandi;

198 3668 399 3699 Conceffimus
415 3667 523 3704 insuper
537 3667 630 3696 eidem
649 3669 854 3696 Locumtenenti
868 3667 957 3707 nostro
968 3669 1096 3699 Generali
1110 3667 1148 3703 &
1157 3673 1216 3701 Gu-

161 3707 302 3737 bernatori
317 3706 402 3746 nostro
417 3704 548 3736 Generali
564 3704 756 3743 potestatem,
773 3705 965 3745 Fidelitatem,
988 3706 1168 3739 Provifiones
1183 3711 1216 3740 δε

161 3744 407 3776 Renunciationes
437 3744 728 3781 Archiepiscoporum
757 3745 790 3775 &
818 3743 925 3781 Episco
944 3754 1030 3776 orum
1060 3748 1089 3777 in
1113 3747 1217 3778 eodem

164 3781 289 3822 Regno,
301 3792 429 3820 tempore
441 3784 584 3823 praeterito
598 3783 644 3812 seu
659 3782 754 3812 futuro
769 3781 874 3820 factas,
888 3793 921 3813 or
942 3784 1028 3815 inatas
1039 3784 1083 3815 seu
1098 3786 1219 3817 consue-

166 3828 223 3859 tas,
237 3822 565 3861 acceptandifiaciendi,
577 3821 727 3851 ordinandi
745 3821 778 3851 &
792 3820 1038 3860 constituendi,ac
1052 3826 1151 3854 omnia
1166 3825 1219 3856 alia

167 3859 203 3889 ad
219 3860 287 3890 Nos
304 3861 400 3891 debita
415 3860 554 3890 Nomine
573 3860 671 3890 nostro
690 3859 866 3898 recipiendi,
888 3860 992 3891 eisdem
1015 3861 1219 3900 Archiepisco-

167 3898 224 3934 pis,
239 3897 401 3936 Episcopis,
415 3900 447 3930 ὃς
462 3900 579 3930 cuilibet
594 3908 694 3929 eorurn
711 3898 899 3935 Temporalia
914 3899 957 3929 sua
970 3898 1148 3931 Cancellario
1165 3912 1219 3933 no-

166 3935 226 3965 stro
247 3937 383 3974 praedieto
409 3938 503 3977 Regni
528 3937 617 3968 nostri
631 3937 777 3967 Hiberniae
793 3937 940 3968 deliberari
962 3939 1112 3969 mandandi
1133 3941 1219 3975 (orn-

167 3974 248 4004 nibus
270 3974 302 4003 δε
314 3975 425 4014 singulis
434 3976 568 4014 Juribus,
581 3976 808 4012 Emolumentis,
821 3975 959 4007 Proficuis
975 3977 1009 4007 &
1029 3977 1218 4009 Reventioni-

166 4012 239 4049 bus,
256 4013 362 4043 ratione
377 4012 540 4045 Vacationis
552 4015 696 4046 diffitorum
713 4014 989 4054 Beneficiorum,Di
1009 4017 1148 4048 nitatuum
1161 4018 1220 4048 sive

166 4049 390 4091 Episcopatuum
405 4051 505 4085 Nebis
514 4053 653 4087 reservatis
659 4054 671 4091 )
704 4064 738 4086 ac
759 4054 845 4087 etiam
865 4025 1018 4094 Homagiis
1035 4057 1170 4088 omnium
1185 4056 1219 4090 ὅ(

1252 188 1726 237 PUBLICA.
2238 219 2313 258 213

1251 272 1444 314 fingulorum‚
1458 284 1516 306 tam
1536 278 1728 318 Spiritualium
1746 283 1832 319 quarn
1846 284 2067 324 Temporalium
2091 287 2269 319 Tenentium
2283 290 2317 320 &
2338 286 2467 322 Ann.D.‘

1249 311 1434 343 Subditorum
1449 316 1612 347 nostrorum

1635 328 1884 358 quorumcumque
1899 325 1926 353 in
1942 327 2078 362 praedksto
2094 327 2203 363 Regno
2218 326 2315 357 nostro
2353 334 2435 364 1599.

1249 348 1417 390 Hiberniae,
1435 352 1569 384 Nomine
1584 356 1681 385 nostro
1697 359 1849 394 recipiendi
1865 383 1873 396 ,
1902 363 1934 391 &
1958 363 2062 395 Terras
2080 367 2113 397 ὃς
2127 366 2307 396 Tenementa
2328 371 2376 398 4¹.
2394 367 2462 395 Elia.

1249 390 1292 417 sua
1316 388 1352 419 de
1368 389 1547 422 Haereditate
1575 394 1619 422 sua
1641 394 1820 426 Cancellario
1835 398 1932 429 nostro
1951 401 2095 434 deliberari
2139 405 2292 435 mandandi

1249 425 1412 466 Manusque
1435 429 1540 472 nostras
1556 432 1656 461 exinde
1672 436 1859 473 removendi,
2300 427 2311 443 ²

1287 465 1397 496 Damus
1414 475 1499 497 enam
1510 491 1518 505 ,
1537 469 1570 498 &
1592 479 1640 505 per
1660 470 1812 502 Praesemes
1830 476 2036 516 concedimus,
2053 481 2171 516 praefato
2188 483 2307 511 Locum-

1247 508 1353 533 tenenti
1366 504 1453 544 nostro
1475 508 1605 537 Generali
1620 507 1657 542 &⁵
1673 509 1855 540 Gubernatori
1871 513 1956 551 nostro
1972 518 2097 547 Generali
2117 520 2230 556 plenam
2245 518 2305 549 Po-

1246 541 1374 573 testatem
1389 546 1421 573 ὅε
1436 545 1662 583 Auctoritatem,
1682 547 1822 578 Vitstualia
1840 550 2002 583 sufficientia
2021 556 2054 584 &
2079 558 2229 589 necessaria
2249 567 2301 595 pro

1246 579 1382 624 Expensis
1401 582 1527 626 Hospitii
1541 583 1581 614 sui
1595 586 1628 615 &
1645 585 1839 616 Soldariorum
1854 588 1980 628 suorum,
1997 593 2025 620 in
2042 603 2222 634 quocumque
2240 597 2304 626 Lo-

1247 628 1285 648 co
1301 620 1373 663 infra
1392 622 1562 657 praediolum
1580 622 1717 661 Regnum
1733 624 1862 654 nostrum
1879 626 2024 659 Hiberniae
2038 652 2047 667 ‚
2073 641 2119 667 per
2138 633 2303 665 Provisores

1248 656 1374 700 Hospitii
1402 659 1441 689 sui
1466 660 1611 700 praedicffti,
1629 663 1661 692 &
1677 662 1746 692 alios
1764 662 1915 694 Ministros
1933 665 1995 696 suos
2011 690 2019 704 ,
2036 672 2089 699 una
2110 681 2178 701 cum
2203 673 2306 703 Caria-

1249 704 1329 731 gium
1352 697 1494 740 sufficiens
1510 709 1563 735 pro
1582 700 1704 737 elidem,
1723 710 1781 731 tarn
1798 702 1869 732 infra
1885 703 2037 735 Libertates
2053 708 2135 743 quam
2151 718 2226 741 extra
2250 722 2303 748 pro

1249 733 1382 766 Denarus
1400 738 1453 767 luis
1471 739 1673 769 rationabiliter
1688 739 1843 778 solvendis,
1855 742 2025 778 providendi
2040 745 2072 775 δε
2093 735 2305 787 capiendi‚'jux-

1247 780 1275 802 ta
1292 773 1419 804 formam
1434 775 1613 807 statutorum
1632 778 1668 807 de
1684 778 1845 815 hujusmodi
1862 779 2059 812 provisoribus
2073 792 2137 813 ante
2150 786 2213 816 haec
2229 796 2306 818 tem-

1248 821 1317 856 pora
1340 812 1505 856 fastorum,
1521 816 1570 845 nili
1589 815 1685 854 aliter,
1704 826 1752 853 per
1770 816 2022 854 Compolitionem
2043 821 2148 850 factam
2171 834 2238 854 cum
2257 825 2306 856 In-

1248 850 1441 893 habitantibus
1465 853 1669 884 Comitatuum
1699 855 1772 885 infra
1797 864 1885 892 partes
1915 857 2064 896 vulgariter
2094 869 2210 892 vocatas
2235 870 2304 894 ’rm-1

1247 887 1424 920 ENGLisHE
1453 890 1545 921 PALE
1555 917 1564 929 ‚
1585 893 1708 931 aliosque
1723 893 1886 924 Comitatus
1901 904 1976 926 extra
1988 896 2076 927 dietas
2089 906 2196 937 parteS,
2210 903 2308 939 provi·

1248 927 1309 957 sum
1326 928 1420 969 sitnaut
1436 929 1554 968 posthac
1569 933 1750 968 provideatur
1765 955 1774 969 ,
1798 933 1877 972 quod
1900 934 1994 964 dietus
2007 938 2203 967 Locumtenens
2220 939 2304 978 noster

1247 968 1387 1010 Generalis
1403 967 1440 1002 ώ-
1456 968 1633 998 Gubernator
1649 970 1734 1009 noster
1749 971 1892 1001 Generalis
1905 973 2005 1003 habeat
2026 975 2069 1004 vel
2093 975 2199 1007 habere
2222 978 2307 1014 poffit

1245 1003 1434 1035 sufficientem
1452 1006 1593 1036 summam
1611 1008 1746 1038 Pecuniae
1767 1012 1911 1040 annuatim
1934 1012 1963 1042 in
1984 1012 2060 1043 dieta
2084 1012 2307 1052 Compofitione

1246 1043 1363 1085 antehac
1376 1045 1547 1087 limitatam,
1567 1056 1619 1083 pro
1633 1046 1875 1084 Compensatione
1897 1050 1930 1080 &
1949 1048 2229 1089 Recompensatione
2251 1063 2306 1092 pro

1246 1081 1382 1125 ejusmodi
1409 1082 1586 1126 Victualibus
1617 1087 1801 1122 providendis
1830 1088 1864 1118 &
1894 1089 2038 1126 capiendis
2065 1100 2114 1127 per
2146 1091 2310 1123 Provisores

1247 1117 1373 1157 Hospitii
1396 1121 1453 1158 sui,
1474 1122 1573 1159 Quam
1592 1123 1709 1161 quidem
1728 1124 1982 1163 Compositionem
2000 1128 2145 1159 censemus
2158 1130 2308 1163 observan-

1247 1157 1314 1188 dam
1333 1169 1386 1196 pro
1406 1159 1550 1190 Beneficio
1571 1161 1758 1193 subditorum
1779 1164 1951 1195 nostrorum.

1284 1196 1321 1226 Et
1340 1198 1450 1229 ulterius
1464 1198 1595 1230 dedimus
1613 1201 1646 1231 &
1664 1201 1870 1241 conceffimus,
1885 1214 1917 1235 ac
1933 1214 1982 1241 per
2001 1204 2145 1236 Presentes
2160 1206 2261 1238 damus
2274 1209 2310 1239 δε

1247 1236 1436 1266 concedimus
1450 1238 1568 1276 praefato
1583 1241 1791 1270 Locumtenenti
1805 1241 1891 1280 nostro
1913 1243 2044 1273 Generali
2066 1243 2104 1279 ὠ·
2125 1245 2309 1276 Gubernatori

1248 1273 1337 1317 mistro
1357 1275 1505 1314 Generali,
1521 1277 1632 1314 plenam
1649 1277 1824 1310 Potestatern
1840 1281 1873 1311 &
1890 1281 2097 1313 Audioritatern
2108 1305 2116 1321 ,
2131 1284 2167 1314 ad
2181 1284 2309 1315 summo-

1247 1313 1387 1343 mendum
1402 1315 1434 1344 ὃς
1448 1314 1581 1345 summari
1606 1315 1769 1347 faciendum
1785 1325 1868 1357 atque
1883 1320 2038 1350 tenendum
2048 1343 2058 1358 ,
2075 1321 2234 1354 secundum
2249 1323 2308 1355 Le-

1249 1351 1428 1389 ges‚Statuta
1443 1354 1476 1382 ὃ(
1493 1352 1718 1385 Consuetudines
1732 1355 1828 1395 Regni
1844 1357 1933 1388 nostri
1949 1358 2099 1390 Hiberniae
2109 1371 2215 1398 ,unum
2233 1363 2309 1394 dun-

1249 1397 1321 1420 taxat
1353 1390 1576 1422 Parliamentum
1601 1392 1671 1423 infra
1691 1393 1800 1424 didium
1824 1394 1963 1433 Regnum
1987 1398 2117 1429 nostrum
2139 1399 2312 1441 Hiberniae,

1248 1428 1364 1471 quando
1380 1430 1429 1460 fibi
1454 1431 1556 1461 melius
1579 1431 1709 1469 expedire
1732 1433 1873 1464 videbitur
1890 1458 1900 1473 ,
1927 1435 2073 1467 Consensu
2095 1445 2190 1469 tamen
2213 1439 2312 1470 nostro

1248 1476 1276 1495 1n
1294 1477 1325 1496 ea
1346 1475 1420 1504 parte
1440 1467 1550 1506 semper
1569 1470 1683 1508 habito,
1698 1471 1732 1501 &
1753 1472 1789 1501 ad
1808 1471 1886 1502 idem
1911 1472 2129 1506 Parliamentum
2152 1487 2314 1515 prorogan-

1249 1504 1320 1534 dum
1340 1506 1373 1536 &
1395 1506 1603 1545 adjornandum
1616 1510 1697 1538 toties
1711 1511 1821 1547 quoties
1834 1520 1906 1547 opus
1918 1512 2016 1550 fuerit,
2031 1514 2064 1544 ὃ(
2077 1514 2149 1544 infra
2163 1516 2235 1546 duos
2249 1517 2310 1547 An-

1249 1553 1303 1573 nos
1327 1545 1341 1573 a
1357 1551 1488 1582 ternpore
1506 1545 1679 1583 inceptionis
1693 1548 1815 1586 ejusdem
1837 1550 1920 1587 plene
1943 1551 2154 1581 terminandum
2178 1576 2187 1591 ,
2215 1555 2313 1585 dissol-

1250 1581 1380 1612 vendum
1396 1584 1428 1614 ὅ(
1454 1583 1629 1627 finiendum,
1652 1586 1686 1616 δε
1708 1587 1906 1626 quoscumque
1930 1589 1968 1619 sic
1985 1589 2173 1620 summonitos
2194 1592 2316 1623 absentes

1252 1621 1286 1663 <Se
1305 1630 1362 1688 „cim
1384 1621 1523 1661 legittime
1545 1623 1696 1663 impeditos
1716 1647 1726 1662 ‚
1769 1626 1971 1658 rationabiliter
1987 1627 2186 1659 muletandum
2208 1631 2241 1661 ὃ(
2262 1641 2315 1672 pu-

1253 1668 1317 1687 nien
1341 1669 1397 1689 urn.

1289 1696 1491 1728 Conceffimus
1515 1700 1602 1729 etiam
1622 1699 1702 1730 dieto
1723 1704 1930 1733 Locumtenenti
1952 1704 2038 1745 nostro
2055 1705 2185 1735 Generali
2201 1706 2239 1741 ό·
2256 1711 2316 1738 Gu-

1252 1734 1392 1765 bernatori
1410 1736 1499 1776 nostro
1521 1737 1649 1767 Generali
1676 1739 1790 1776 plenam
1820 1742 1853 1772 &
1876 1741 2063 1774 sufficientem
2086 1743 2258 1776 potestatem
2280 1749 2314 1778 ὃς

1252 1771 1502 1818 Αυὸὶὴοῑίζεῐεω,
1517 1776 1552 1805 ad
1568 1777 1768 1814 inquirendum
1789 1779 1844 1808 sive
1865 1781 1967 1820 inquiri
1993 1782 2158 1813 faciendum
2173 1807 2183 1821 ,
2212 1786 2263 1815 viis
2280 1787 2314 1817 δε

1253 1812 1347 1842 modis
1361 1814 1463 1852 quibus
1478 1815 1580 1845 melius
1592 1814 1733 1845 videbitur
1748 1817 1797 1846 sibi
1812 1817 1973 1849 faciendum
1994 1843 2003 1858 ,
2034 1821 2070 1852 de
2091 1822 2314 1863 quibuscumque

1253 1851 1367 1889 Terris,
1382 1851 1589 1891 Tenementis,
1602 1852 1868 1893 Haereditamentis‚
1885 1857 1970 1887 Bonis
1992 1859 2025 1889 &
2043 1859 2174 1898 CatalliS,
2189 1861 2258 1892 infra
2274 1863 2319 1893 di-

1254 1889 1336 1920 &um
1358 1890 1500 1928 Regnum
1516 1891 1648 1922 nostrum
1663 1891 1813 1924 Hiberniae
1828 1894 2008 1928 existentibus
2021 1921 2030 1935 ,
2055 1907 2120 1939 quae
2145 1899 2258 1931 fuerunt
2280 1901 2315 1930 il-

1252 1928 1347 1959 lorum
1363 1929 1549 1960 Proditorum
1568 1930 1624 1961 five
1643 1930 1809 1963 Rebellium
1829 1934 1875 1970 qui
1895 1943 1963 1972 erga
1985 1936 2054 1967 Nos
2075 1937 2121 1966 seu
2143 1936 2315 1978 Progenito-

1254 1976 1297 1996 res
1311 1967 1424 1998 nostros
1437 1969 1625 2000 forisfecerint
1647 1970 1692 2000 vel
1717 1971 1892 2003 forisfacient
1906 1996 1917 2011 ,
1949 1975 1983 2005 &
2003 1975 2018 2004 a
2042 1975 2143 2006 Nobis
2172 1978 2316 2009 concelata

1256 2005 1379 2037 existunt
1395 2006 1440 2038 vel
1454 2007 1648 2047 imposterum
1661 2008 1790 2040 existent.

1291 2043 1405 2075 Damus
1422 2046 1554 2085 ulterius,
1568 2044 1601 2077 &
1617 2056 1665 2086 per
1678 2047 1830 2078 Praesentes
1851 2050 2038 2080 concedimus
2052 2052 2174 2088 praefato
2197 2056 2314 2084 Locum-

1254 2087 1360 2113 tenenti
1374 2084 1463 2124 nostro
1478 2085 1608 2115 Generali
1620 2083 1659 2120 ᾤ’
1674 2086 1859 2117 Gubernatori
1870 2088 1957 2127 nostro
1973 2090 2116 2129 Generali,
2127 2091 2240 2129 plenam
2257 2094 2315 2124 Po-

1254 2121 1384 2166 testatem
1400 2125 1433 2154 δι
1455 2124 1682 2162 Auctoritatem,
1695 2125 1730 2155 ad
1744 2126 1845 2156 omnia
1864 2127 1897 2158 &
1919 2128 2028 2165 fingula
2042 2128 2109 2167 alia,
2126 2140 2189 2167 quae
2205 2131 2239 2161 ad
2256 2132 2315 2161 Oi-

1253 2159 1353 2192 ficrum
1370 2161 1617 2194 lLocumtenentis
1645 2163 1734 2193 nostri
1759 2163 1907 2195 Generalis
1932 2167 1965 2197 &
1991 2166 2198 2198 Gubernatoris
2226 2171 2315 2200 nostri

1253 2198 1414 2239 Generalis,
1427 2201 1508 2240 Jure,
1525 2200 1590 2233 Usu
1604 2211 1638 2232 ac
1660 2201 1876 2234 Consuetudine
1897 2203 1965 2235 dieti
1982 2204 2079 2243 Regni
2101 2205 2189 2236 nostri
2211 2207 2317 2239 Hiber-

1252 2239 1308 2269 niae
1323 2262 1332 2277 ,
1357 2240 1499 2279 pertinent
1515 2247 1562 2270 aut
1579 2241 1716 2281 pertinere
1734 2242 1749 2258 ³*
1768 2241 1903 2272 deberent
1918 2267 1928 2280 ‚
1962 2253 2015 2281 pro
2042 2245 2122 2275 bono
2142 2245 2317 2287 Regimine,

1252 2277 1416 2309 Salvatione
1433 2288 1466 2309 ae
1486 2277 1628 2310 Custodia
1646 2279 1728 2310 Pacis
1743 2279 1813 2311 dieti
1836 2280 1933 2320 Regni
1952 2282 2041 2312 nostri
2058 2283 2210 2314 Hiberniae
2232 2308 2241 2323 ‚
2280 2287 2314 2317 &

1255 2316 1362 2353 Quiete
1384 2315 1488 2355 Populi
1503 2317 1592 2348 nostri
1615 2317 1739 2355 ibidem,
1763 2328 1797 2348 ac
1818 2319 2178 2390 Recuperationessjurium
2201 2324 2316 2354 nostro-

1253 2365 1319 2386 rum
1338 2356 1367 2385 in
1392 2356 1532 2393 praedieto
1560 2355 1668 2394 Regno
1694 2355 1792 2387 nostro
1809 2357 1957 2389 Hiberniae
1977 2369 2046 2389 nece
2072 2362 2126 2391 aria
2146 2361 2251 2393 fuerint
2272 2362 2316 2394 fa-

1251 2394 1351 2425 cienda
1361 2395 1567 2431 ,exercendum
1586 2396 1619 2426 ὃς
1637 2394 1845 2435 ordinandum,
1861 2406 1894 2426 ac
1905 2397 1989 2427 etiam
2008 2399 2106 2429 omnia
2117 2399 2186 2438 alia,
2202 2400 2316 2432 Nomi-

1253 2442 1290 2462 ne
1305 2432 1402 2462 nostro
1417 2434 1451 2463 &
1463 2443 1518 2472 pro
1532 2432 1632 2463 Nobis
1655 2456 1665 2471 ,
1700 2434 1730 2463 in
1751 2434 1854 2465 eodem
1870 2434 1974 2474 Regno
1995 2436 2093 2467 nostro
2108 2437 2256 2470 Hiberniae
2274 2440 2317 2471 fa-

1254 2471 1391 2502 ciendum
1411 2471 1445 2503 &
1464 2472 1662 2511 exequendum
1698 2473 1766 2502 sicut
1787 2472 1856 2503 Nos
1869 2474 2098 2513 faceremus,aut
2116 2477 2208 2508 facere
2221 2479 2314 2518 posse—

1255 2519 1318 2539 mus
1332 2510 1350 2538 li
1366 2510 1476 2540 ibidem
1490 2511 1519 2539 in
1538 2511 1647 2547 propria
1663 2494 1787 2541 f’ersona
1803 2512 1896 2542 nostra
1911 2513 2040 2543 eflemus.

1292 2548 1404 2577 Damus
1426 2550 1511 2578 etiam
1531 2550 1563 2579 ὃς
1583 2548 1788 2587 concedimus,
1808 2559 1907 2580 tenore
1927 2550 2127 2591 Praesentiurn,
2143 2554 2235 2585 eidem
2259 2558 2317 2586 Lo-

1257 2589 1423 2616 cumtenenti
1437 2586 1527 2626 nostro
1546 2586 1675 2616 Generali
1692 2584 1730 2621 ὠ
1741 2587 1927 2619 Gubernatori
1944 2589 2031 2628 nostro
2043 2592 2174 2622 Generali
2191 2592 2317 2626 Potesta-

1256 2633 1316 2655 tem
1335 2626 1369 2654 &
1392 2624 1723 2666 Au&0ritatem,utendi
1742 2627 1776 2657 &
1797 2627 1946 2657 exercendi
1961 2630 2031 2659 infra
2044 2631 2216 2666 praedictum
2233 2631 2316 2671 Reg-

1257 2671 1328 2694 num
1349 2663 1481 2694 nostrum
1499 2663 1648 2694 Hiberniae
1667 2664 1777 2703 Legem
1805 2665 2013 2698 Mariscalciam
2043 2669 2100 2698 live
2129 2669 2289 2702 Martialem
2307 2697 2318 2713 ‚

1257 2712 1371 2733 necnon
1395 2702 1594 2740 substituendi,
1608 2701 1764 2739 affignandi
1786 2705 1819 2735 δε
1836 2705 2045 2741 appuiietuandi
2060 2707 2109 2737 sub
2123 2707 2164 2746 se,
2186 2709 2258 2739 infra
2271 2710 2316 2740 di-

1255 2741 1337 2771 &um
1360 2740 1497 2780 Regnum
1519 2741 1647 2771 nostrum
1669 2741 1832 2779 Hiberniae,
1852 2752 1901 2779 per
1925 2743 2030 2774 Literas
2052 2745 2159 2778 nostras
2175 2744 2318 2789 Parentes,

1256 2780 1306 2810 sub
1326 2778 1439 2818 Magno
1461 2778 1565 2816 Sigillo
1581 2779 1650 2809 dieti
1666 2779 1760 2819 Regni
1775 2780 1863 2811 nostri
1877 2780 2027 2812 Hiberniae
2038 2782 2142 2816 fiendas
2148 2808 2158 2823 ,
2173 2794 2214 2816 tot
2228 2788 2262 2818 δε
2277 2797 2317 2819 ta-

1256 2819 1294 2849 les
1313 2817 1480 2848 Officiarios
1501 2827 1555 2856 pro
1574 2819 1744 2848 executione
1764 2819 1797 2850 &
1812 2820 1984 2850 exercitione
2003 2821 2125 2859 ejusdem
2150 2824 2193 2854 Le
2215 2826 2235 2854 is
2249 2826 2318 2856 Ma-

1256 2857 1387 2888 riscalciae
1409 2857 1466 2887 fiv'e
1491 2856 1644 2894 Martialis,
1669 2865 1753 2894 prout
1777 2858 1896 2895 praefato
1919 2861 2124 2890 Locumtenenti
2151 2834 2237 2902 nosbro
2263 2868 2318 2894 Ge.

1255 2895 1389 2930 nerali&
1406 2894 1696 2934 Gubernatorirnostro
1704 2896 1846 2935 Generali,
1860 2896 1896 2927 de
1911 2905 2044 2936 tempore
2057 2900 2086 2928 in
2102 2908 2214 2938 tempus
2230 2910 2316 2940 expe·

1255 2936 1315 2965 dire
1330 2934 1491 2971 videbitur,
1513 2935 1548 2964 ad
1568 2935 1773 2972 exercendum,
1788 2935 1927 2965 utendum
1943 2937 1976 2967 ὃ(
1996 2938 2191 2974 exequendum
2211 2940 2314 2977 praedi-

1255 2975 1343 3042 &ar-r:1
1347 2973 1469 3018 ‘Legem
1486 2971 1695 3004 Mariscalciam
1715 2973 1771 3004 sive
1786 2971 1970 3013 Martialem,
1985 2978 2093 3014 quoties
2108 2977 2159 3007 sibi
2170 2978 2314 3010 videbitur

1252 3020 1287 3043 ex
1309 3022 1324 3041 e
1346 3022 1396 3042 ire.

1289 3023 1435 3080 11³)edimus
1451 3050 1537 3080 etiarn
1555 3050 1588 3081 &
1608 3049 1799 3080 concessimus
1817 3074 1826 3088 ,
1863 3060 1896 3081 ac
1916 3060 1967 3089 per
1990 3051 2141 3084 Praesentes
2163 3054 2261 3086 damus
2278 3057 2314 3088 &

1253 3089 1442 3120 concedimus
1463 3088 1582 3128 praefato
1601 3091 1811 3119 Locumtenenti
1824 3088 1912 3128 nostro
1930 3091 2060 3120 Generali
2073 3091 2111 3126 &¹
2127 3093 2314 3124 Gubernatori

1252 3127 1342 3168 nostro
1354 3128 1498 3165 Generali‚
1508 3129 1620 3165 plenam
1637 3126 1807 3158 potestatem
1826 3127 1859 3158 &
1876 3128 2164 3169 Au&horitatem,de
2180 3140 2311 3172 tempore

1251 3169 1281 3197 in
1299 3176 1412 3205 tempus
1427 3166 1626 3204 concedendi,
1645 3166 1765 3197 faciendi
1785 3167 1817 3197 &
1835 3166 1986 3198 ordinandi
2001 3192 2011 3207 ,
2031 3168 2191 3207 hujusmodi
2207 3171 2313 3210 Leges,

1255 3205 1460 3236 Ordinationes
1479 3206 1512 3237 &
1533 3204 1639 3235 Statura
1652 3228 1661 3243 ,
1686 3215 1750 3242 quae
1772 3205 1822 3235 fibi
1837 3205 1950 3236 salubria
1966 3229 1976 3244 ,
2008 3207 2083 3238 utilia
2105 3209 2138 3239 &
2160 3209 2311 3241 neceffaria

1251 3245 1443 3282 videbuntur,
1464 3254 1518 3281 pro
1533 3244 1643 3273 meliori
1660 3243 1894 3282 Gubernatione,
1904 3244 2080 3284 Regimine,
2094 3246 2260 3277 Direetione
2273 3249 2310 3280 ὃς

1251 3283 1361 3321 Policia
1382 3281 1528 3313 Exercitus
1547 3281 1634 3312 nostri
1657 3280 1887 3313 &Exercituum
1909 3283 2093 3321 nostrorum,
2114 3285 2185 3315 infra
2198 3285 2311 3317 dietum

1251 3323 1394 3360 Regnum
1416 3320 1544 3351 nostrum
1558 3320 1705 3351 Hiberniae
1728 3321 1763 3350 de
1779 3330 1908 3360 tempore
1929 3323 1957 3351 in
1979 3330 2091 3359 tempus
2111 3322 2311 3364 existentium,

1249 3371 1283 3392 ac
1306 3361 1549 3399 Capitaneorum,
1563 3359 1807 3390 Pensionariorum
1822 3361 1855 3392 &
1877 3360 1997 3391 aliorum
2022 3360 2237 3393 Officiariorum
2253 3372 2309 3393 no-

1248 3400 1374 3431 strorum
1395 3399 1568 3430 Bellicorum
1581 3421 1592 3437 ,
1623 3397 1695 3428 infra
1715 3398 1828 3429 dietum
1845 3398 1981 3437 Regnum
2002 3398 2131 3429 nostrum
2152 3399 2306 3432 Hiberniae

1250 3439 1288 3469 de
1307 3447 1436 3476 ternpore
1454 3439 1484 3467 in
1507 3445 1618 3477 tempus
1639 3438 1902 3473 commorantium,
1924 3446 1957 3467 ac
1976 3447 2029 3474 pro
2050 3437 2306 3470 Administratione

1250 3479 1284 3509 &
1308 3477 1497 3516 Dispositione
1513 3477 1648 3516 omniurn
1670 3475 1781 3505 Rerum
1797 3476 1831 3506 &
1845 3474 2000 3506 Causarum
2018 3475 2174 3507 nostrarum
2190 3478 2306 3509 bellica-

1249 3526 1313 3546 rum
1327 3517 1398 3546 infra
1416 3515 1461 3545 ide
1512 3513 1649 3551 Regnum
1667 3512 1829 3551 Hiberniae,
1848 3523 1882 3544 ac
1900 3514 1984 3544 etiam
2002 3513 2132 3556 infligere
2144 3515 2307 3553 adjudicare

1247 3555 1281 3586 &
1301 3555 1415 3585 affidere
1433 3525 1593 3591 hilfusmodi
1613 3550 1717 3582 Poenas
1734 3552 1893 3589 corporales
1930 3551 2307 3593 Imprisonamenta‚FineS‚

1251 3593 1512 3629 Forisfaeturasstc
1530 3597 1632 3620 omnes
1649 3591 1712 3620 alias
1733 3589 1836 3620 Poenas
1854 3591 1887 3621 &
1906 3574 2087 3621 l'oenalitates
2099 3592 2303 3632 quascumque,

1248 3634 1276 3662 in
1295 3631 1328 3663 &
1347 3632 1426 3669 super
1442 3638 1545 3660 omnes
1562 3628 1596 3659 &
1613 3628 1733 3667 fingulos
1745 3627 1947 3665 Delinquentes
1960 3628 2015 3659 five
2028 3629 2219 3663 offendentes
2232 3643 2306 3663 con-

1248 3679 1290 3701 tra
1312 3669 1474 3709 hujusmodi
1498 3668 1604 3706 Leges,
1619 3666 1820 3697 Ordinationes
1834 3667 1867 3696 &
1884 3665 2009 3705 Statura,
2029 3669 2123 3706 quales
2137 3671 2171 3702 &
2184 3681 2248 3709 quae
2263 3672 2304 3701 ei-

1251 3709 1318 3740 dem
1341 3710 1548 3738 Locumtenenti
1558 3703 1645 3745 nostro
1657 3704 1785 3734 Generali
1804 3701 1842 3738 ὀ·
1857 3702 2041 3735 Gubernatori
2057 3706 2146 3747 nostro
2160 3708 2306 3748 Gemrali,

1252 3747 1381 3786 requisita
1396 3747 1429 3778 &
1444 3744 1594 3776 necessaria
1608 3743 1671 3774 fore
1685 3743 1875 3780 videbuntur,-
1901 3743 1979 3781 Quae
1995 3746 2096 3776 omnia
2112 3747 2222 3786 Leges,
2241 3747 2304 3778 Sta-

1250 3795 1310 3817 tuta
1326 3786 1358 3816 &
1380 3784 1599 3820 Ordinationes,
1624 3781 1662 3811 fic
1675 3789 1709 3825 ¹ut
1734 3782 1877 3825 praefertur
1890 3780 2000 3821 fienda,
2014 3783 2155 3816 observari
2171 3786 2307 3817 volumus

1251 3826 1302 3856 sub
1323 3824 1425 3854 Poenis
1440 3824 1470 3852 in
1485 3821 1588 3852 eisdem
1602 3819 1788 3850 continendis.

1291 3862 1403 3893 Damus
1420 3861 1527 3900 insuper
1552 3860 1584 3891 ὅτ
1599 3858 1784 3889 concedimus
1797 3858 1914 3895 praefato
1928 3861 2137 3891 Locumtenenti
2148 3861 2237 3900 nostro
2251 3865 2307 3893 Ge-

1253 3901 1342 3933 ner-ali
1356 3898 1394 3935 ῤ’
1414 3900 1596 3929 Gubernatori
1610 3896 1697 3935 nostro
1714 3895 1855 3934 Generali,
1875 3897 1989 3935 plenam
2003 3898 2175 3931 potestatem
2191 3901 2225 3932 &
2243 3901 2306 3931 Au-

1253 3940 1416 3971 ‹Storitatem
1432 3949 1480 3976 per
1495 3937 1661 3973 praesentes,
1675 3935 1754 3973 quod
1769 3935 1824 3973 ipse
1840 3937 1936 3966 omnia
1957 3936 1991 3968 &
2011 3937 2116 3975 singula
2135 3938 2308 3976 Territoria‚

1255 3978 1361 4009 Patrias
1376 4001 1385 4016 ‚
1414 3976 1555 4007 Dominia
1568 3998 1579 4014 ,
1615 3973 1746 4005 Maneria
1760 3997 1770 4012 ,
1793 3972 1892 4016 Castra
1905 3997 1914 4013 ,
1936 3974 2038 4006 Terras
2067 3977 2248 4008 Tenementa
2274 3978 2307 4007 δε

1256 4017 1494 4049 Haereditamenta
1510 4019 1512 4021 '
1536 4021 1708 4050 uaecumque
1722 4035 1732 4050 ,
1764 4012 1878 4043 scituata
1892 4035 1903 4050 ,
1935 4013 2057 4050 jacentia
2088 4015 2133 4046 seu
2168 4016 2310 4046 existentia

1255 4056 1330 4088 infra
1344 4054 1498 4087 Territoria
1532 4062 1568 4085 ve
1591 4050 1762 4120 Patriarrbtge
1782 4052 1881 4090 Tjrone
1895 4074 1906 4089 ,
1935 4060 1969 4083 ac
1994 4052 2067 4085 infra
2081 4053 2238 4086 Territoria
2253 4053 2314 4121 {yg-

1775 4098 1790 4128 3

2363 406 2409 439 Reg
2414 425 2421 431 .

2355 2268 2465 2300 »xva

2366 2315 2430 2345 370·
