2557 4279
668 205 777 245 ET
861 203 1129 245 ACTA

252 381 269 401 ⁸
425 382 540 426 Regina
556 378 601 412 ad
620 363 728 426 Regern
746 380 862 412 Daniae.

262 462 424 504 Sereniffime
438 467 499 496 Rex
513 468 612 495 Frater
626 463 664 501 ὠ·
677 463 877 504 consanguinee
899 463 1066 503 Chariffime,

0 552 105 580 fbl.c‹n-
126 543 302 603 Postrema.
317 542 409 574 vestri
424 542 458 573 ad
474 542 542 573 Nos
557 542 714 581 Legatione
731 541 808 571 reste
822 540 967 579 expedita,
984 539 1110 570 Subditis
1124 549 1176 570 no⁴

0 603 28 619 m.
44 596 108 619 Nero

0 628 108 698 ὀΐω·
126 620 196 691 iiii

8 1352 88 1387 xvi3

0 1407 41 1434 39·

21 3546 146 3577 Bibien-

22 3595 75 3615 um.
85 3591 148 3615 Nero

184 583 243 614 stris
257 582 402 613 humiliter
418 581 648 620 efflagitantibus,
667 580 701 609 de
718 580 830 609 illorum
852 588 978 621 quoque·
992 578 1177 622 Gravamini-

214 621 318 660 quibus
331 620 437 658 jamdiu
452 622 482 650 in
497 620 591 651 Dania
607 626 769 656 premuntur
783 639 792 653 ‚
817 616 992 647 sublevandis
1012 617 1178 647 deliberatio

191 660 256 691 obis
267 659 438 697 suscipienda
452 666 524 695 erat,
544 660 583 688 uti
601 656 700 686 Literis
715 655 820 685 nostris
834 655 945 691 aliisque
969 664 1001 684 ea
1016 655 1052 684 de
1067 665 1096 686 re
1111 656 1175 685 scri-

123 700 176 738 ptis
210 708 259 737 per
273 698 424 728 Famulum
439 696 567 727 nostrum
580 694 709 725 Thomam
731 696 853 730 Ferreis‚
882 693 971 723 Anno
992 694 1177 731 nonagesimo

124 722 206 768 non’o
222 736 325 775 mistis,
343 739 522 766 Serenitatem
542 732 658 775 vestram
679 733 828 762 certiorem
849 731 985 766 fecimus,
1013 732 1173 768 rescriptum

122 778 196 807 vero
212 784 275 807 tum
288 775 377 805 fuerat
390 775 496 812 plenius
513 771 689 809 Relponsurn
706 770 854 807 aliquantae
869 770 924 808 spei
947 770 1155 813 expectandum
1166 793 1176 808 ,

124 813 219 845 donec
238 815 266 845 in
278 815 415 853 proximis
425 811 560 843 Comitiis
575 809 641 848 quid
655 811 671 840 e
684 807 803 839 Senatus
820 808 915 846 Regni
934 808 1078 851 Sententia
1100 809 1176 840 foret

127 853 246 891 intelligi
260 852 371 890 posset:
396 850 438 881 At
459 849 562 879 interea
579 870 588 886 ,
612 848 682 877 dum
706 847 775 878 Nos
796 846 832 876 de
874 848 1000 889 raeteritis
1017 855 1075 883 Jam
1102 849 1177 884 pene

124 892 295 923 transactum
310 891 492 930 speraremus,
510 896 542 917 ac
557 885 694 916 Rationes
708 886 783 916 haud
800 885 842 915 fru
872 894 899 914 ra
912 885 1178 928 innuisse-mugqui-

126 930 180 961 bus
192 939 277 960 novae
293 929 424 965 deinceps
440 925 621 956 Offensiones
634 932 870 963 praecaverentur,
886 933 977 961 neque
990 932 1066 954 enim
1080 924 1178 954 damni

125 969 273 1008 quippiam
287 968 303 997 a
317 965 462 996 Claffiariis
477 963 579 993 nostris
594 963 716 993 Subditis
732 962 829 993 vestris
845 963 945 992 exinde
966 961 1075 992 illatum
1095 972 1177 992 acce-

126 1008 235 1045 pimus,
257 1003 402 1043 Hullenfis
420 1001 507 1032 nostri
531 1000 658 1040 plurimis
679 1001 805 1031 lamentis
826 1002 899 1040 apud
930 1000 998 1031 Nos
1026 1001 1178 1039 conquesti

124 1045 190 1076 sunt
201 1067 211 1083 ,
230 1043 326 1074 Naves
339 1044 372 1074 &
385 1041 464 1072 Bona
480 1041 510 1070 in
523 1039 606 1070 Mare
621 1039 726 1075 Boreali
743 1041 778 1070 ab
792 1040 843 1070 illis
857 1041 970 1078 abrepta
991 1039 1090 1077 fuisse,
1107 1040 1177 1070 dum

126 1082 294 1119 Piscationi,
313 1079 369 1118 qua
383 1080 416 1110 ὃς
432 1079 499 1117 ipsi,
517 1078 690 1116 &ipsorum
706 1078 848 1117 Majores,
867 1088 903 1108 eo
917 1079 975 1116 ipso
992 1080 1022 1109 in
1045 1078 1113 1120 loco
1135 1078 1178 1121 ul-

124 1125 166 1152 tra
185 1128 306 1151 omnem
318 1118 480 1149 Hominum
495 1118 664 1148 memoriam
676 1140 686 1155 ‚
702 1118 854 1148 nemineve
868 1117 1045 1156 prohibente,
1064 1118 1102 1147 uli
1116 1116 1180 1146 fuis-

125 1160 199 1196 sent,
218 1156 367 1188 honestam
381 1165 500 1194 operam
516 1155 629 1194 darent,
645 1156 708 1193 ipsis
724 1158 836 1186 interim
851 1155 936 1194 longe
949 1156 1043 1186 durius
1058 1156 1180 1192 exceptis

124 1199 209 1235 quam
223 1198 238 1226 a
253 1196 380 1227 Subditis
394 1195 563 1232 Principum
582 1194 750 1225 Amicitiam
768 1195 962 1232 profitentium
978 1195 1041 1232 jure
1062 1195 1178 1231 optimo

126 1236 267 1274 expediari
280 1235 382 1272 soleat,
400 1233 552 1271 Nobisque
569 1233 649 1263 simul
665 1233 810 1264 humiliter
831 1233 1016 1271 exposuerunt
1034 1233 1076 1271 se,
1097 1234 1179 1262 rebus

123 1276 191 1305 vere
205 1274 317 1304 narratis
330 1296 340 1311 ,
364 1281 398 1302 ex
419 1271 676 1311 jurisprudentium
699 1271 839 1302 Sententia
864 1272 1024 1303 intellexiste
1040 1294 1049 1308 ,
1074 1271 1179 1301 illatam

124 1314 184 1342 vim
197 1313 234 1342 ab
247 1312 328 1342 omni
340 1310 452 1350 Justitia
469 1311 586 1341 alienam
602 1310 703 1347 fuisse,
721 1309 910 1341 Damnorum
924 1311 1041 1349 proinde
1052 1311 1131 1348 juxta
1145 1312 1178 1341 ὃς

122 1348 294 1390 Injuriarum
305 1349 523 1380 satisfactionem
538 1348 598 1386 jure
611 1346 629 1362 '⁹
649 1350 769 1388 requiri,
786 1359 819 1379 ac
837 1350 930 1380 modis
943 1349 1078 1379 omnibus
1093 1358 1177 1386 urge-⁷

123 1392 148 1420 ri
162 1389 251 1428 posse.
289 1389 318 1419 A
331 1388 416 1418 nobis
430 1389 510 1427 igitur
523 1387 655 1417 submisse
669 1389 824 1426 petierunt,
843 1397 873 1418 ut
895 1388 929 1419 ad
955 1388 1178 1418 Restitutionem

122 1428 309 1460 obtinendam
326 1427 446 1464 Regiam
469 1426 595 1457 nostram
616 1426 828 1457 Authoriratem
853 1427 1112 1465 interponeremus,
1129 1435 1177 1456 aut

123 1466 294 1506 siJustitiam
310 1465 424 1496 tandem
440 1473 570 1504 negatam
585 1464 784 1504 intelligerent,
802 1465 864 1502 ipsis
878 1465 928 1495 sibi
943 1465 979 1495 de
992 1465 1051 1495 Sub
1074 1465 1117 1495 'tis
1133 1464 1178 1494 O-

123 1506 214 1544 risque
226 1504 337 1540 vestris,
355 1504 405 1534 ubi
420 1504 521 1533 rediius
538 1502 666 1540 possent,
683 1502 866 1541 perspiciendi
880 1504 1042 1534 facultatem
1070 1504 1178 1533 iberam

123 1545 359 1583 permitteremus.
394 1541 460 1572 Hac
472 1540 508 1571 de
524 1540 618 1578 causa,
638 1541 666 1570 in
687 1540 743 1571 fine
768 1540 884 1572 AEstatis
905 1542 983 1572 Anni
1003 1542 1179 1581 nonagesimi

122 1583 212 1620 noni,
230 1581 338 1612 Literas
351 1579 385 1611 ad
399 1583 579 1610 Serenitatem
596 1578 716 1619 vestram
737 1579 882 1618 dedimus,
906 1590 940 1610 ex
966 1580 1069 1610 Literis
1092 1581 1178 1617 paulo

143 1619 187 1651 ost
205 1619 313 1658 scriptis
329 1628 393 1649 eam
405 1619 433 1648 in
448 1618 623 1649 Sententiam
646 1626 709 1647 tum
731 1619 838 1648 venisse
858 1619 1045 1648 intelleximus
1057 1641 1066 1655 ,
1092 1627 1122 1649 ut
1144 1619 1178 1649 &

142 1668 211 1696 anc,
229 1658 263 1689 &
276 1658 350 1695 prius
370 1664 610 1687 commemoratas
633 1654 847 1687 Controveriias
862 1677 872 1694 ,-
899 1656 1178 1687 Commissariorum

120 1697 283 1735 Colloquio
298 1695 401 1726 rectius
414 1696 502 1733 quam
516 1695 673 1725 Literarum
690 1694 843 1733 scriptione
859 1696 999 1734 componi
1018 1695 1098 1733 poffe
1119 1697 1177 1727 exi·

122 1736 255 1768 stimaret.
296 1733 354 1764 Cui
368 1735 487 1772 quidem
500 1733 671 1771 Sententiae,
689 1733 770 1771 qu'od
790 1734 956 1764 inviolatam
978 1734 1114 1764 haetenus
1134 1734 1176 1764 A-

120 1775 263 1806 micitiam
277 1771 403 1803 nostram
423 1772 576 1802 stabilitam
597 1781 766 1811 cuperemus
779 1794 789 1811 ,
812 1771 951 1803 assensum
973 1771 1046 1802 haud
1064 1781 1176 1811 gravate

117 1813 310 1851 praebuimus:
328 1812 396 1841 loco
412 1811 494 1850 igitur
511 1810 625 1840 Embdae
642 1810 815 1848 constituto,
832 1812 930 1849 primo
945 1810 1062 1848 quidem
1078 1811 1112 1841 ad
1129 1815 1178 1841 vi-

118 1851 241 1920 geffmum
254 1852 363 1880 tertium
383 1851 488 1879 Martii
515 1848 697 1889 congressum
718 1849 847 1881 futurum
868 1859 1108 1887 conveneramus,
1131 1849 1177 1880 sed

120 1900 140 1919 o
180 1889 320 1920 insolitam
336 1888 407 1918 illius
422 1887 500 1919 Anni
513 1887 713 1919 succedentem
727 1886 932 1927 Intemperiem
947 1888 981 1917 ad
1003 1887 1112 1926 Aprilis
1131 1889 1177 1918 de-

121 1931 214 1958 cimum
228 1931 352 1970 quintum
366 1925 442 1957 diem
454 1935 516 1956 rem
538 1925 652 1957 defferri
665 1926 934 1964 praestolaveramus:
962 1926 994 1956 ad
1012 1937 1100 1963 quem
1116 1929 1180 1965 qui—

121 1967 207 2006 dem,
226 1974 364 2004 quantum
379 1974 427 2002 per
441 1963 603 1995 Ventorum
619 1964 642 1994 F
645 1964 712 1995 latus
725 1966 821 2002 licuit,
838 1964 1056 1995 Comniilsaiios
1069 1965 1180 1996 nostros

122 2004 327 2041 instruximus,
337 2003 372 2034 de
387 2007 489 2033 eventu
504 2003 617 2041 optime
632 2003 782 2042 persuasae,
808 2003 1039 2042 quandoquidem
1063 2005 1116 2041 ipsa
1135 2008 1180 2034 Se-

125 2047 228 2073 renitas
241 2041 332 2082 vestra
347 2042 466 2079 propriis
477 2041 529 2072 suis
545 2041 645 2072 Literis
660 2041 818 2081 Deputatos
844 2044 881 2072 ita
902 2044 1033 2080 utrinque
1057 2053 1181 2079 praemo-

124 2082 234 2112 nendos
248 2081 310 2112 fore
324 2080 439 2117 urserit,
456 2089 486 2110 ut
500 2081 548 2118 qui
563 2081 647 2117 primi
670 2080 705 2110 ad
732 2081 847 2111 Locum
868 2080 1037 2111 destinatum
1063 2082 1182 2111 accede-

125 2128 188 2151 rent
200 2120 318 2149 aliorurn
335 2118 490 2150 adventum
505 2120 641 2155 patienter
656 2117 838 2157 sustinerent,
865 2121 902 2149 ne
923 2128 958 2150 ex
981 2129 1061 2150 mora
1082 2120 1158 2150 forte
1172 2142 1182 2158 ,

125 2166 159 2189 ut
172 2157 202 2187 fit
217 2159 245 2188 in
260 2157 363 2187 Itinere
378 2155 544 2195 necessaria,
561 2156 680 2187 instituti
694 2158 777 2195 hujus
795 2157 933 2188 success'us
946 2158 1038 2189 irritus
1057 2159 1185 2190 reddere-

125 2204 190 2234 tur,
207 2195 252 2225 sed
267 2195 334 2225 cuni
353 2195 452 2234 Legati
468 2194 574 2233 nostri,
591 2206 620 2225 re
635 2195 756 2234 inserita,
773 2196 808 2226 ad
823 2196 891 2226 Nos
915 2196 1067 2234 rediissent,
1086 2197 1188 2228 Nobis

127 2234 270 2265 humiliter
285 2233 488 2271 exposuerunt,
508 2233 535 2264 se
548 2234 682 2272 quidem,
712 2240 784 2265 cum
805 2234 838 2264 ad
861 2235 982 2266 Portum
1005 2234 1186 2274 Embdenfi’m

126 2273 222 2302 decimo
237 2274 310 2301 Maii
323 2272 411 2301 Anno
427 2271 577 2302 millesimo
591 2271 793 2303 sexcentesimo
807 2273 993 2312 appulissent,
1014 2273 1120 2304 vestros
1135 2276 1189 2304 ibi-

127 2312 198 2341 dem
212 2310 358 2340 Anchoris
373 2310 510 2340 haerentes
525 2310 672 2349 reperisse,
695 2320 823 2348 cumque
843 2312 905 2350 ipsis
927 2322 996 2342 mox
1022 2312 1057 2342 de
1081 2314 1188 2343 ratione

126 2348 246 2380 intrandi
262 2348 407 2387 Colloquii
421 2348 621 2379 humanissime
637 2347 739 2388 egisse,
758 2350 820 2380 illos
832 2353 902 2380 vero
919 2350 1000 2388 plane
1022 2351 1192 2388 respondisse

127 2398 176 2426 per
192 2386 344 2418 tardiorem
361 2386 523 2417 nostrorum
538 2386 705 2418 Adventum
721 2387 945 2418 Commiffionis
961 2388 1018 2418 suae
1036 2398 1147 2428 tempus
1162 2401 1191 2420 e-

127 2426 234 2466 lapsum
248 2425 321 2463 effe,
337 2425 415 2462 quod
433 2425 548 2462 quidem
564 2435 624 2456 uno
640 2427 716 2464 prius
732 2434 776 2456 aut
792 2425 879 2458 altero
889 2426 947 2456 Die
954 2427 1013 2464 jam
1029 2428 1194 2466 expiraffet,

126 2465 230 2496 nostris
247 2466 316 2494 vero
331 2463 461 2493 idoneam
477 2464 601 2502 aliquam
616 2465 754 2495 rationem
764 2487 773 2503 ,
791 2474 843 2504 pro
858 2474 954 2495 mutua
971 2465 1122 2505 Dignitate
1138 2477 1191 2497 no-

129 2503 186 2535 stra
197 2513 231 2534 ac
249 2501 305 2532 Rei
319 2503 472 2540 gravitate,
486 2501 639 2533 ineundam
653 2503 808 2540 plunmum
826 2503 1018 2542 suadentibus,
1037 2504 1120 2535 vestri
1134 2505 1191 2536 sine

130 2541 292 2578 Colloquio
324 2539 526 2571 discedendum
553 2541 737 2579 judicarunt,
761 2541 851 2572 nostri
872 2551 988 2579 autem,
1014 2543 1063 2573 etsi
1085 2543 1192 2574 diutius

132 2579 247 2611 Embdae
262 2580 363 2609 morati
377 2578 490 2609 fuissent
506 2580 592 2618 quam
607 2580 679 2617 prius
694 2581 710 2609 a
725 2579 823 2610 vestris
838 2580 1069 2618 expectabantur,
1079 2583 1116 2611 ne
1133 2590 1196 2612 tan-

132 2619 155 2649 ti
174 2619 320 2649 momenti
337 2617 503 2655 Negotium
518 2618 598 2651 facile
612 2618 776 2657 neglectum
793 2618 1000 2656 relinquerent,
1028 2619 1062 2649 &
1086 2620 1100 2649 a
1119 2623 1196 2649 Sere-

135 2659 224 2687 nitate
240 2655 331 2696 vestra
348 2656 504 2685 resumendi
516 2655 664 2695 Colloquii
679 2656 821 2687 rationem
840 2656 972 2688 decenter
992 2657 1197 2696 quaesivissent,

134 2705 177 2726 res
194 2702 287 2725 tamen
302 2693 440 2724 effeetum
455 2694 548 2724 sortita
566 2704 626 2724 non
647 2694 707 2732 est,
731 2695 810 2733 quod
829 2695 946 2733 quidem
966 2695 1067 2726 Nobis
1091 2697 1199 2727 mirum

135 2734 298 2771 videbatur,
314 2733 383 2762 cum
400 2733 428 2762 in
442 2733 569 2763 animum
583 2733 646 2770 jure
666 2735 782 2771 optimo
805 2733 1008 2764 induxiffemus
1029 2735 1197 2772 Principum

135 2772 279 2809 Instituta,
300 2771 451 2801 communi
466 2771 598 2801 consensu
612 2772 753 2811 suscepta,
771 2774 800 2802 in
816 2781 846 2802 re
862 2772 1016 2810 praesertim
1031 2773 1119 2813 tanta,
1138 2783 1198 2804 ma-

134 2811 204 2848 joris
221 2809 278 2840 fieri
294 2816 428 2846 oportere
437 2811 522 2847 quam
541 2818 572 2840 ut
587 2811 687 2841 tantilli
701 2811 837 2848 temporis
851 2811 1005 2842 accedendi
1022 2812 1200 2850 mora,Ven-

140 2858 237 2878 torum
255 2847 405 2878 mobilitati
419 2847 561 2887 subjeeia,
578 2848 652 2879 irrita
668 2849 782 2886 penitus
802 2849 882 2879 reddi
902 2850 948 2880 illa
968 2849 1100 2889 possent,
1118 2860 1202 2881 cum-

140 2896 197 2924 que
212 2887 288 2917 enim
302 2892 363 2916 non
375 2886 485 2916 aliunde
501 2896 585 2924 quam
602 2896 635 2917 ex
655 2888 774 2918 adverfis
787 2888 886 2919 Ventis
911 2887 1063 2918 tardiorem
1086 2889 1200 2920 nostro-

139 2934 206 2956 rum
220 2924 385 2955 Adventum
399 2924 586 2955 iriverveniffe
600 2925 683 2956 vestri
697 2926 828 2957 certiores
845 2927 860 2956 a
875 2926 979 2957 nostris
991 2926 1059 2958 faeti
1075 2927 1200 2958 fuerunt.

176 2962 245 2993 Nos
259 2971 354 2994 tamen
371 2964 467 2993 veteris
484 2963 629 2994 Amicitiae
644 2966 717 2995 inter
732 2964 864 2994 Coronas
879 2965 987 2996 nostras
1005 2967 1115 3004 jamdiu
1132 2967 1196 2997 cul·

141 3008 180 3033 ta:
196 3002 297 3032 intuitu
315 3001 351 3031 ab
366 3002 447 3032 omni
463 3001 567 3032 sinistra
579 3003 808 3040 interpretatione
816 3002 1035 3042 Cogitationem
1052 3004 1200 3043 suspende-

145 3049 174 3071 re
189 3039 382 3078 decrevimus,
400 3039 530 3078 persuasae
544 3041 654 3071 interim
671 3043 852 3071 Serenitatem
868 3041 1008 3082 vestram,
1027 3046 1099 3073 crim
1123 3043 1201 3073 insti-

145 3078 199 3108 tuti
220 3076 370 3115 Colloquii
381 3077 538 3107 successum
554 3079 663 3109 irritum
679 3079 810 3116 vidisset,
828 3081 959 3117 primurn
980 3081 1051 3111 illud
1069 3083 1150 3113 (uum
1168 3082 1202 3113 ad

147 3117 246 3146 omnia
263 3115 451 3146 Subditorum
467 3114 630 3146 nostrorum
645 3115 820 3147 Gravamina
832 3118 878 3147 res
892 3119 1019 3149 ondendi
1041 3118 1204 3150 Consilium

148 3153 285 3185 resumere
299 3153 438 3191 voluisse,
455 3153 500 3184 sed
509 3153 570 3191 jam
584 3155 619 3184 ab
636 3153 808 3194 Hullensihus
823 3165 862 3184 no
890 3157 925 3185 ris
950 3157 1138 3189 intelleximus
1174 3159 1202 3188 se

148 3193 281 3233 superiori
296 3192 447 3223 Autumno
462 3191 680 3224 Procuratorem
694 3193 723 3223 in
739 3193 865 3224 Daniam
878 3192 1031 3226 destinasse
1044 3218 1054 3233 ,
1077 3199 1126 3235 qui
1147 3181 1205 3227 l30-

222 3320 316 3364 Super
349 3313 582 3363 Litigationibus
608 3319 686 3351 inter
712 3320 804 3365 Reges
837 3321 946 3355 Daniae
967 3325 1004 3360 ὠ·
1029 3323 1137 3356 Sneciae

616 3376 755 3412 agitans.

556 3453 599 3500 By
620 3450 670 3486 the
692 3453 813 3501 Qeen,

215 3537 304 3579 Rustic
319 3537 380 3569 and
394 3532 580 3569 Wll‘beloved
592 3549 636 3568 we
647 3546 721 3576 greet
736 3550 783 3576 rou
795 3540 871 3572 well.

250 3579 335 3609 Since
353 3586 425 3616 your
442 3576 602 3616 Departure
617 3577 694 3607 from
711 3577 805 3610 hence
816 3580 876 3610 We
890 3581 961 3613 have
985 3581 1119 3614 receaved
1144 3581 1215 3613 Let-

24 3628 53 3653 3,
67 3623 150 3662 5‚f01‚
164 3622 219 3647 tres
231 3617 310 3648 from
322 3625 374 3646 our
388 3616 505 3669 lovinge
518 3614 626 3646 Cousin
640 3615 721 3645 Duke
738 3616 851 3648 charles
862 3616 898 3658 qf
905 3621 1038 3660 Sweden,
1054 3621 1153 3660 giving
1167 3620 1216 3652 Us

29 3671 72 3692 10.

166 3663 198 3684 to
212 3653 398 3686 understande
413 3653 474 3685 that
496 3655 620 3685 certaine
641 3653 858 3686 Controversies
879 3658 950 3688 have
968 3658 1049 3699 lately
1071 3659 1143 3691 falne
1165 3660 1216 3689 be-

166 3698 277 3724 tweene
288 3693 351 3724 him
366 3693 423 3724 and
439 3701 493 3723 our
509 3692 589 3730 good
603 3692 722 3724 Brother
736 3692 784 3723 the
800 3696 876 3730 King
890 3695 926 3735 of
941 3699 1102 3736 Denmark,
1119 3698 1216 3729 which

168 3741 216 3762 are
228 3732 284 3762 like
298 3740 330 3762 to
344 3740 443 3770 growe
455 3741 487 3762 to
509 3741 525 3761 a
545 3731 641 3761 furder
663 3741 770 3762 cource
793 3732 830 3762 of
848 3732 988 3766 Dil'corde
1005 3759 1015 3774 ,
1038 3736 1144 3768 unlesse
1167 3737 1217 3767 the

168 3768 331 3800 Mediation
345 3770 381 3800 of
393 3770 473 3801 some
486 3770 547 3801 that
561 3779 606 3800 are
623 3769 688 3801 well
700 3769 823 3801 affected
836 3779 868 3802 to
884 3772 963 3803 thern
978 3775 1067 3806 bothe
1075 3775 1144 3806 shall
1153 3783 1216 3814 pre-

168 3816 237 3838 vent
251 3808 299 3838 the
312 3808 405 3848 same,

206 3845 396 3884 Wherefore,
418 3846 540 3885 havinge
560 3846 652 3878 found
673 3847 734 3878 that
760 3846 807 3877 the
831 3848 912 3877 Duke
935 3859 992 3880 was
1016 3861 1082 3891 very
1101 3852 1220 3884 defirose

173 3882 234 3913 that
246 3883 305 3913 We
322 3883 421 3915 should
436 3885 574 3923 interpose
589 3896 643 3917 our
660 3885 712 3917 self
724 3885 769 3916 for
786 3886 832 3916 the
849 3884 1065 3920 Concervation
1087 3891 1124 3921 of
1138 3891 1222 3922 Ami—

172 3921 213 3952 tie
226 3921 369 3952 betweene
383 3922 460 3953 those
474 3933 535 3954 two
550 3923 762 3963 Kingdommes
776 3928 785 3960 (
802 3925 850 3954 the
873 3924 979 3957 Breacla
1004 3928 1119 3960 wherof
1130 3930 1150 3959 is
1169 3930 1224 3960 like

176 3966 210 3988 to
228 3959 265 4025 the
278 3968 344 4025 vfery
357 3959 463 3992 hurtful
477 3971 509 3993 to
525 3963 606 3993 those
626 3962 735 4000 People
754 3988 764 4002 ,
788 3962 842 3993 and
867 3972 921 3994 not
949 3965 1023 3996 alitle
1051 3968 1227 4006 prejudiciall

177 4004 247 4071 {332
258 3997 728 4078 {oiegrli'ssffiffffiss’fyffissffssssiicss
741 4004 760 4056 ζ
775 4001 1089 4074 llieirssdssnfflrla
1099 4007 1229 4075 {aar}

180 4071 290 4104 Matter
306 4081 390 4104 nowe
406 4072 547 4117 standith,
562 4077 635 4117 and,
653 4087 682 4110 as
697 4087 755 4118 you
772 4077 838 4110 {hall
855 4078 914 4112 find
931 4079 980 4112 the
999 4080 1068 4114 state
1081 4084 1118 4116 of
1137 4084 1231 4121 things

1185 4123 1236 4161 bef

233 4113 307 4141 Tom-
326 4113 396 4144 VH.
412 4113 447 4143 P.
462 4113 506 4147 11.

1215 203 1698 250 Pontica,
2223 218 2271 264 33·

1228 298 1333 320 norum
1347 290 1527 331 Wardhewfii
1541 292 1699 322 ablatorum
1713 291 1934 327 Restitutionem
1944 297 2011 335 juris
2025 295 2125 328 ordine
2147 303 2270 334 peteret,
2290 294 2365 325 Arm.
2380 295 2419 326 D.

1226 329 1300 359 aliud
1318 332 1387 358 vero
1405 327 1586 366 Responsum
1603 332 1618 360 a
1633 329 1774 360 Ministris
1794 333 1888 363 vestris
1910 336 2031 365 obtineri
2053 345 2111 365 non
2134 334 2270 372 potuisse,
2308 334 2393 364 1602.

1224 368 1311 403 quarn
1325 366 1404 404 quod
1422 376 1522 396 omnes
1539 367 1703 398 nostrorum
1717 368 1924 402 Controversiae
1939 383 1985 410 per
2003 372 2223 404 Commiffarios
2239 383 2269 401 u-
2288 383 2324 407 44
2334 373 2400 399 eliz.

1225 404 1252 433 bi
1268 404 1331 434 alias
1346 406 1532 435 convenirent
1550 406 1718 436 dirimendae
1733 407 1840 445 ffirenr,
1860 410 1956 440 Nobis
1973 413 2055 450 igitur
2078 411 2178 442 Multis
2200 410 2270 440 Pre-
2286 416 2343 446 iog-

1223 443 1305 473 cibus
1323 443 1466 473 humiliter
1480 443 1671 480 supplicarunt
1686 453 1715 474 ut
1730 446 1804 482 prius
1823 457 1988 479 memoratae
2003 451 2116 480 illorum
2131 448 2268 480 Petitioni

1221 481 1362 511 affensum
1377 482 1582 524 praeberemus,
1602 481 1670 512 Nos
1684 485 1770 520 vero,
1785 493 1946 523 quanquam
1961 489 2087 518 oblivisci
2102 498 2161 518 non
2182 487 2267 526 poffi-

1223 528 1288 549 mus
1302 520 1388 557 quam
1404 521 1519 558 optimis
1535 528 1600 557 erga
1614 519 1683 549 Nos
1697 520 1812 551 Officiis
1825 522 1858 552 &
1875 523 2005 561 singulari
2019 527 2048 556 in
2063 526 2197 557 Subditos
2213 536 2268 556 no-

1220 557 1291 588 stros
1307 557 1468 588 Clementia
1483 557 1607 594 Majores
1622 557 1705 588 vestri
1724 560 1801 589 suam
1822 561 1851 589 in
1874 571 1914 591 res
1937 563 2043 592 nostris
2067 564 2265 594 amicissimam

1218 596 1437 635 propensionem
1451 596 1548 634 saepius
1560 595 1650 627 testati
1673 597 1740 634 lint,
1767 598 1855 634 ipsam
1879 609 1994 637 quoque
2015 605 2193 632 Serenitatem
2216 614 2267 632 ve-

1215 633 1306 674 stram
1319 635 1402 664 nobis
1415 634 1486 672 saepe
1501 645 1550 674 per
1567 634 1686 673 Literas,
1707 636 1877 674 quandoque
1893 639 1977 667 etiam
1996 648 2043 676 per
2057 640 2192 679 Legatos,
2213 642 2267 671 fra-

1219 675 1297 702 terne
1313 672 1468 710 profeffam
1483 673 1509 704 se
1526 696 1536 711 ,
1560 682 1658 703 mutua
1679 673 1815 704 Amicitia
1836 675 1929 705 nostra
1952 677 2162 715 amplectenda,
2179 689 2265 716 quam

1219 712 1330 749 utrique
1344 711 1450 750 Regno
1466 713 1593 751 apprime
1606 712 1703 742 utilem
1717 720 1800 750 atque
1812 712 2001 744 honorificam
2020 715 2073 744 effe
2096 717 2268 756 intelligeret,

1219 750 1339 786 paternis
1355 749 1484 789 Vestigiis
1498 757 1634 789 perpetuo
1650 750 1771 780 inlistere
1785 751 1955 789 decreviile3
1975 751 2032 783 Cui
2045 754 2077 783 ὃς
2089 753 2155 784 Nos
2171 765 2267 785 aman-

1218 787 1330 818 tiss‘imae
1345 787 1458 818 Sororis
1469 788 1576 819 affeetu
1590 788 1756 826 respondere
1771 788 1933 827 statuimus,
1960 798 1991 820 ut
2013 791 2131 828 proinde
2153 794 2268 830 pass'urae

1218 826 1300 856 facile
1313 836 1371 856 non
1389 826 1472 857 fimus
1486 827 1609 858 Subditis
1623 826 1724 857 nostris
1743 827 1885 866 aliquanto
1899 829 2042 866 permitti,
2063 830 2140 867 quod
2156 830 2269 862 sincerae

1218 864 1365 895 Amicitiae
1377 864 1481 895 nostrae
1496 865 1641 903 Dignitati
1656 866 1756 895 vestrae
1772 874 1819 897 aut
1842 866 2000 897 vestrorum
2026 866 2200 897 Commodis
2226 880 2268 899 κε

1219 912 1345 942 pugnet,
1369 903 1482 933 illorum
1502 912 1601 934 tamen
1621 906 1758 942 rationes,
1782 913 1853 943 quos
1873 908 1949 935 Deus
1971 908 2094 943 Optimus
2124 908 2267 937 Maximus

1220 940 1309 971 Curae
1324 941 1429 972 nostrae
1445 943 1605 979 commisit,
1623 942 1766 980 negligere
1781 942 1882 974 Nobis
1895 944 2038 982 integrum
2053 954 2114 974 non
2131 944 2182 980 est,
2198 946 2268 983 quiri

1223 979 1325 1010 Officii
1340 979 1429 1009 nostri
1444 979 1501 1010 effe
1515 980 1696 1019 intelligimus
1711 981 1746 1011 ad
1762 991 1810 1018 ea,
1828 991 1893 1020 quae
1910 980 1985 1020 Ju'ris
2006 984 2139 1020 aequitate
2157 983 2208 1013 illis
2221 984 2270 1013 de*

1221 1019 1339 1055 bentur,
1359 1018 1530 1055 acquirenda
1544 1017 1638 1056 Regia
1652 1018 1748 1050 nostra
1763 1019 1945 1051 Protetstione
1959 1020 2067 1051 adesse:

1258 1057 1460 1094 Quamobrem
1492 1056 1678 1087 Praesentium
1701 1059 1888 1089 exhibitorem
1904 1081 1913 1096 ‚
1937 1059 2074 1090 dilectum
2099 1060 2132 1090 &
2157 1058 2272 1089 fidelem

1220 1093 1369 1126 Famulum
1385 1094 1517 1124 nostrum
1533 1096 1701 1133 generosum
1716 1096 1881 1134 Stephanum
1904 1097 2038 1136 Leafhyer
2064 1097 2164 1128 Nobis
2178 1099 2193 1128 a
2212 1098 2273 1128 Cu-

1222 1133 1335 1171 biculis,
1355 1135 1402 1164 cui
1417 1132 1503 1163 fidem
1519 1133 1613 1164 haberi
1629 1136 1776 1172 cupimus,
1795 1135 1856 1166 hoc
1880 1143 2012 1174 tempore
2034 1136 2067 1167 ad
2090 1140 2273 1166 Serenitatem

1222 1170 1342 1211 vestram
1363 1171 1576 1209 mandavimus,
1597 1181 1628 1203 ut
1639 1173 1703 1203 inde
1726 1173 1860 1213 intelligat
1881 1175 2035 1213 persuasum
2058 1176 2183 1205 omnino
2203 1175 2274 1205 Nos

1223 1210 1343 1247 habere,
1360 1211 1401 1239 uti
1416 1211 1449 1240 ὃς
1465 1209 1534 1240 Nos
1550 1211 1613 1247 ipsae
1628 1210 1663 1240 ab
1679 1212 1711 1240 iis
1724 1221 1788 1250 quat:
1802 1214 1896 1243 minus
1910 1214 1999 1244 amica
2013 1213 2181 1244 videbuntur
2202 1224 2272 1252 prae-

1222 1248 1305 1278 dietis
1322 1249 1358 1278 de
1374 1247 1472 1278 Causis
1490 1251 1507 1266 ‘
1527 1249 1724 1280 abstinendum
1741 1251 1906 1287 cupiamus,
1922 1252 1958 1281 ira
1975 1253 2008 1283 ὃς
2027 1255 2208 1282 serenitatem
2222 1263 2273 1282 ve-
2292 1251 2310 1268 *ᾗ
2325 1247 2408 1278 ΧΠ·

1219 1285 1305 1324 stram
1318 1287 1351 1316 ad
1369 1296 1418 1323 ea,
1436 1296 1499 1325 quae
1513 1286 1624 1324 justitia
1642 1287 1841 1326 postulaverit,
1858 1289 1970 1320 afflictis
1984 1291 2057 1321 hisce
2079 1289 2179 1321 nostris
2198 1290 2273 1322 Hul-
2291 1293 2358 1320 440-

1224 1324 1336 1365 lenfibus
1353 1325 1468 1362 aliisque
1483 1325 1608 1356 Subditis
1631 1326 1786 1357 clementer
1806 1327 1961 1365 praestanda
1986 1329 2016 1358 iis
2036 1328 2100 1366 ipsis
2118 1329 2275 1360 rationibus

1218 1364 1382 1393 inclinatam
1396 1363 1473 1399 fore,
1492 1372 1540 1394 aut
1556 1364 1575 1394 fi
1590 1373 1677 1403 quam
1691 1365 1772 1395 aliam
1790 1367 1868 1396 viam
1896 1367 1930 1397 ad
1955 1367 2028 1397 lianc
2050 1367 2165 1406 aliasque
2185 1367 2272 1398 Con-

1220 1402 1361 1432 troversias
1374 1401 1505 1433 finiendas
1523 1404 1609 1442 magis
1624 1403 1757 1433 idoneam
1775 1404 1906 1442 censerit,
1923 1407 2030 1443 nosque
2046 1406 2080 1435 de
2100 1406 2145 1436 sua
2164 1406 2215 1438 hac
2242 1408 2273 1438 in

1219 1450 1248 1471 re
1265 1440 1409 1470 Sententia
1427 1449 1476 1479 per
1494 1441 1598 1472 Literas
1611 1443 1744 1472 certiores
1756 1442 1871 1480 fecerit,
1891 1442 1960 1473 Nos
1980 1444 2085 1474 sororia
2107 1444 2272 1482 propensio-

1221 1488 1258 1508 ne
1271 1478 1353 1509 facile
1369 1478 1523 1509 statuemus
1539 1479 1617 1518 quod
1641 1488 1751 1511 mutuae
1776 1482 1809 1512 &
1832 1481 1976 1511 Amicitiae
1998 1483 2031 1512 &
2052 1481 2092 1511 D·
2115 1484 2193 1513 nitati
2218 1494 2275 1513 no-

1222 1517 1286 1547 strae
1302 1517 1521 1548 consentaneum
1538 1519 1635 1549 fuerit:
1653 1521 1807 1549 Serenitati
1827 1521 1940 1549 interim
1959 1519 2056 1559 vestrae

2102 1520 2276 1554 orentiffirna

1221 1556 1321 1586 omnia
1337 1556 1352 1585 a
1370 1558 1431 1585 Deo
1450 1559 1558 1595 Optimo
1575 1560 1704 1587 Maximo
1718 1567 1875 1597 precamur.

1423 1697 1482 1730 Pro
1507 1696 1664 1730 Portcullis
1687 1697 1872 1743 Purstvando
1895 1701 2081 1733 Armorum„

1222 1780 1452 1835 ELizabetha,
1469 1781 1528 1813 Dei
1551 1780 1663 1820 Grati-3,
1681 1783 1805 1822 Angliae,
1822 1787 1943 1814 Franciae
1965 1783 2005 1820 ὠ·
2023 1784 2163 1816 Hiberniae
2180 1787 2282 1824 Regina
2300 1791 2377 1823 Αῃῃ,
2392 1790 2434 1827 Ι),

1291 1820 1371 1850 Fidei
1388 1820 1549 1858 Defensor,
1568 1823 1627 1853 &c.
1648 1824 1781 1854 omnibus
1795 1823 1830 1853 ad
1848 1834 1918 1861 quos
1933 1823 2079 1862 praesentes
2101 1824 2206 1856 Literae
2221 1835 2284 1864 per-
2322 1831 2408 1862 1602*

1220 1860 1364 1897 venerint,
1382 1859 1516 1890 Salutem.
2301 1875 2358 1898 pm,
2368 1880 2418 1909 44,

1257 1897 1359 1928 Sciatis
1373 1897 1454 1935 quod
1469 1898 1556 1935 Nos,
1575 1897 1610 1928 de
1625 1897 1723 1930 Gratia
1743 1898 1838 1931 nostra
1854 1900 1973 1939 speciali,
1992 1910 2025 1931 ac
2043 1910 2077 1932 ex
2091 1909 2165 1933 certa
2180 1901 2278 1933 Scien-
2300 1911 2369 1938 eliz.

1223 1936 1260 1965 tia
1276 1937 1308 1966 &
1327 1946 1408 1966 mero
1423 1935 1511 1966 Motu
1527 1936 1648 1974 nostris,
1667 1938 1695 1967 in
1708 1939 1931 1969 consideratione
1955 1940 2023 1968 boni
2049 1940 2082 1969 &
2104 1940 2191 1970 fidelis
2214 1942 2279 1971 Ser·
2296 1950 2321 1986 p,
2340 1959 2381 1975 η,

1223 1975 1303 2012 vitii,
1317 1974 1395 2012 quod
1409 1974 1529 2007 dilectus
1553 1975 1690 2006 Subditus
1712 1977 1808 2006 noster
1829 1975 1950 2007 Samuell
1966 1976 2111 2017 Thompfim
2134 1988 2198 2010 ante
2215 1980 2277 2009 haec
2297 1999 2334 2017 m·
2355 1996 2398 2015 10„

1224 2021 1354 2050 tempora
1374 2015 1532 2051 impendit,
1552 2014 1585 2045 &
1602 2015 1720 2045 durante
1738 2015 1802 2046 Vita
1813 2016 1860 2046 sua
1876 2016 2040 2053 impendere
2057 2017 2277 2054 intendit,erexi-

1227 2061 1291 2081 mus
1309 2051 1429 2082 fecimus
1455 2052 1655 2082 constituimus
1679 2053 1875 2085 ordinavimus
1899 2056 1931 2084 ὃς
1963 2055 2140 2093 creavimus,
2171 2066 2203 2086 ac
2231 2065 2280 2094 per

1228 2089 1397 2128 Praesentes,
1417 2099 1470 2127 pro
1487 2090 1586 2120 Nobis
1599 2090 1771 2122 Haeiedibus
1788 2093 1820 2123 ὃ(
1837 2092 2051 2124 Successoribus
2065 2093 2185 2131 nostris,
2201 2095 2285 2134 erigi-

1229 2138 1294 2160 mus
1312 2128 1434 2159 facimus
1449 2128 1646 2159 constituimus
1664 2131 1829 2161 ordinamus
1843 2132 1876 2161 &
1894 2141 2023 2161 creamus
2038 2132 2160 2162 eundem
2177 2135 2290 2162 Samue-

1229 2166 1282 2197 lem
1305 2165 1452 2206 Thompfim
1474 2168 1502 2197 in
1522 2167 1667 2198 Officium
1694 2170 1774 2200 unius
1797 2169 2036 2200 Pursivandorum
2060 2170 2226 2200 nostrorum
2254 2171 2290 2203 ad

1233 2206 1338 2243 Arma,
1357 2215 1389 2236 ac
1405 2207 1431 2235 ei
1447 2205 1590 2236 Officium
1606 2206 1693 2245 illud,
1712 2217 1825 2238 necnon
1841 2207 1964 2238 Nomen
1982 2209 2127 2247 vulgariter
2137 2208 2294 2247 Portcullis,

1233 2254 1265 2274 ac
1281 2244 1384 2274 Stilum
1400 2245 1532 2275 Titulum
1549 2244 1703 2275 Libertates
1716 2247 1749 2276 ὅ(
1766 2246 2033 2285 Piaeheminentias,
2059 2247 2219 2285 hujusmodi
2237 2249 2296 2278 Of-

1236 2283 1305 2313 ficio
1321 2284 1522 2313 convenientia
1543 2283 1576 2313 &
1599 2285 1804 2315 concordantia
1825 2287 1860 2316 ab
1882 2287 2001 2322 antiquo
2021 2289 2171 2324 consueta,
2195 2287 2296 2317 danius

1236 2331 1285 2391 ῑέξῐ
1299 2321 1461 2365 praesentes,
1479 2322 1555 2359 quod
1574 2322 1692 2360 quidem
1708 2322 1850 2354 Officium
1866 2323 1982 2353 Thomas
1990 2325 2074 2354 Lant
2087 2334 2176 2362 nuper
2195 2325 2296 2357 habuit

1284 2368 1359 2390 occu
1382 2369 1452 2390 avit:

1275 2369 1450 2429 Habeildum
1465 2398 1497 2427 &
1513 2397 1705 2431 exercendum
1720 2398 1865 2430 Officium
1879 2399 1945 2429 illud
1955 2422 1965 2437 ,
1981 2409 2014 2429 ac
2041 2398 2165 2430 Nomen
2189 2400 2295 2433 Stilum

1237 2436 1372 2467 Titulum
1390 2437 1543 2466 Libertates
1559 2438 1591 2467 δε
1608 2437 1835 2470 Praeeminentias
1848 2438 1986 2476 praedidto
2008 2438 2125 2468 Samueli
2149 2438 2297 2480 Thompfhm

1239 2476 1302 2507 alias
1321 2473 1466 2504 Portcullis
1480 2474 1596 2505 durante
1611 2475 1678 2505 Vita
1693 2475 1756 2514 sua,

1282 2513 1318 2544 Et
1333 2514 1446 2543 ulterius
1468 2513 1598 2543 dedimus
1621 2514 1655 2544 ὃς
1677 2512 1868 2544 concessimus
1882 2538 1892 2551 ,
1917 2523 1951 2545 ac
1973 2523 2022 2553 per
2042 2512 2195 2546 Praesentes
2241 2526 2297 2556 pro

1239 2551 1339 2581 Nobis
1355 2550 1525 2580 l-laeredibus
1542 2553 1575 2581 δε
1590 2551 1804 2582 Successoribus
1818 2553 1919 2582 nostris
1933 2553 2033 2583 damus
2049 2553 2082 2582 &
2096 2538 2297 2595 concedimus,

1238 2589 1330 2619 eidem
1343 2588 1459 2618 Samueli
1473 2588 1619 2627 Thompsbn
1628 2590 1691 2620 alias
1706 2588 1849 2620 Portcullis
1864 2590 1984 2621 durante
1990 2589 2059 2621 Vita⁴
2072 2591 2130 2629 sui,
2139 2601 2192 2629 pro
2205 2593 2296 2625 Vadio

1241 2630 1275 2659 δε
1292 2627 1391 2657 Feodo
1409 2626 1514 2658 Officii
1529 2627 1569 2657 sui
1586 2628 1734 2666 praedioti,
1751 2629 1893 2668 quandam
1913 2629 2102 2660 Annuitarem
2117 2630 2175 2661 sive
2191 2641 2299 2664 annua-

1241 2666 1300 2696 lem
1314 2665 1475 2695 Redditum
1489 2669 1588 2696 Decem
1603 2666 1754 2696 Librarum
1778 2666 1990 2705 sterlingorum,
2034 2669 2228 2705 ercipiendurn
2248 2672 2300 2703 sibi

1242 2705 1387 2735 annuatim
1403 2704 1520 2741 praefato
1533 2704 1652 2735 Samueli
1665 2704 1813 2745 Thompsbn
1828 2706 1890 2736 alias
1905 2708 2005 2736 Portcu
2018 2706 2068 2744 lit,
2087 2707 2101 2736 a
2122 2707 2209 2738 Festo
2228 2710 2300 2741 San.

1243 2744 1283 2773 &i
1297 2741 1447 2773 Michaelis
1460 2743 1631 2781 Archangeli
1654 2744 1759 2775 ultimo
1781 2745 1922 2781 praeterito
1944 2744 2061 2776 durante
2086 2745 2152 2777 Vita
2174 2747 2235 2784 sua,
2263 2750 2300 2780 de

1242 2780 1393 2812 Thesauro
1407 2780 1507 2810 nostro
1523 2780 1683 2812 Haeredum
1696 2783 1729 2814 &
1746 2781 1951 2813 Successorum
1968 2783 2144 2822 nostrorum,
2161 2794 2214 2822 pro
2223 2786 2299 2819 Ter-

1244 2821 1326 2850 mino
1342 2819 1418 2850 Vitae
1432 2819 1488 2849 suae
1499 2841 1508 2856 ,
1527 2819 1559 2850 ad
1575 2819 1735 2858 Receptam
1752 2819 1893 2851 Scaccarii
1908 2819 1996 2851 nostri
2012 2821 2169 2853 Haeredum
2186 2825 2301 2857 &Suc-

1244 2858 1391 2889 cesi'orum
1405 2856 1587 2897 nostrorum,
1605 2868 1654 2897 per
1675 2858 1778 2889 Manus
1801 2858 1980 2890 Thesaurarii
2004 2860 2037 2891 &
2062 2859 2298 2895 Camerariorum

1245 2895 1410 2928 nostrorum
1419 2895 1576 2927 Haeredum
1589 2897 1836 2929 &Successorum
1854 2897 2019 2928 nostrorum
2038 2898 2142 2929 ibidem
2157 2909 2211 2938 pro
2228 2910 2301 2931 tem-⁵

1245 2945 1316 2974 pore
1331 2934 1529 2972 existentium,
1547 2935 1581 2965 ad
1597 2935 1678 2967 Festa
1691 2936 1780 2966 beatae
1802 2938 1906 2966 Mariae
1930 2938 2047 2974 Virginis
2071 2936 2105 2967 &
2125 2939 2222 2970 Sentii
2239 2942 2301 2976 Ma}

1245 2972 1348 3005 chaelix
1363 2972 1550 3010 Archangeli,
1570 2983 1618 3011 per
1631 2975 1752 3012 aequales
1765 2972 1928 3005 Portiones:

1282 3012 1330 3043 Eo
1342 3012 1421 3049 quod
1437 3012 1560 3049 expressa
1576 3014 1685 3043 mentio
1695 3035 1705 3051 ,
1722 3014 1784 3044 &c.

1302 3050 1335 3080 ln
1352 3051 1430 3088 cujus
1449 3051 1504 3088 rei,
1525 3052 1585 3082 δίε.

1284 3125 1374 3158 Teste
1389 3125 1502 3167 Regina
1519 3127 1594 3166 apud
1615 3126 1882 3169 Westmonasterium
1893 3127 2010 3159 decimo
2024 3129 2126 3168 quinto
2143 3125 2202 3162 Die
2218 3130 2303 3163 Maii.

1556 3198 1559 3201 ¹
1731 3206 1785 3235 Per
1807 3207 1896 3237 Breve
1912 3205 1944 3236 de
1963 3207 2081 3236 Privato
2098 3206 2196 3244 Sigillo.

1253 3331 1362 3365 Lettre
1375 3327 1414 3363 de
1434 3328 1460 3362 la
1471 3328 1575 3362 Reine
1597 3340 1680 3374 pour
1695 3327 1914 3362 accommodet·
1924 3328 1966 3362 les
1978 3327 2145 3364 differends
2162 3340 2246 3366 entre
2263 3330 2305 3366 les

1476 3377 1559 3412 Rois
1580 3376 1619 3412 de
1639 3378 1834 3411 Dannemarc
1851 3380 1883 3412 &
1901 3375 1940 3411 de
1957 3376 2069 3413 Suede.

1617 3465 1671 3499 De
1697 3474 1751 3511 par
1775 3462 1802 3497 la
1825 3463 1940 3498 Reine.⁴

1258 3544 1376 3608 FIdele
1392 3547 1426 3582 &
1437 3549 1614 3586 bien-aime,
1630 3559 1702 3579 nous
1716 3558 1788 3579 vous
1798 3548 1915 3580 saluons.

1356 3592 1458 3627 Depuis
1471 3595 1550 3618 votre
1564 3587 1660 3626 depart
1676 3588 1738 3616 d'ici
1751 3598 1815 3617 nous
1828 3597 1916 3617 avons
1929 3595 1992 3627 refu
2006 3585 2051 3616 des
2070 3587 2185 3620 Lettres
2201 3584 2233 3621 de
2255 3596 2304 3621 no·

1257 3635 1300 3658 tre
1314 3628 1374 3658 cher
1389 3627 1483 3668 Coufin
1499 3627 1524 3656 le
1541 3625 1609 3656 Duc
1625 3624 1743 3655 Charles
1754 3626 1790 3656 de
1806 3625 1914 3661 Suede,
1931 3634 1996 3654 nous
2007 3624 2129 3656 donnant
2139 3626 2158 3658 ἃ
2173 3630 2305 3660 entendre

1258 3666 1326 3707 qu’il
1339 3665 1376 3708 est
1383 3665 1509 3705 fitrvenu
1523 3664 1611 3701 depuis
1620 3671 1673 3702 peu
1684 3667 1800 3693 certainr
1818 3662 1931 3692 donile‘s
1950 3669 2028 3692 entre
2037 3661 2077 3693 Im·
2098 3663 2138 3700 ὀ·
2159 3675 2236 3699 notre
2253 3667 2306 3697 bon

1258 3708 1338 3735 Frere
1355 3707 1379 3736 le
1398 3704 1458 3734 Roi
1478 3703 1514 3733 de
1530 3702 1707 3738 Danemarc,
1727 3705 1773 3742 qui
1786 3711 1819 3730 en
1832 3709 1975 3739 apparente
1982 3706 2137 3739 pourroient
2142 3703 2222 3744 faire
2240 3705 2304 3735 nai-0

1259 3751 1302 3773 tre
1319 3743 1351 3772 de
1364 3742 1426 3780 plus
1438 3741 1553 3779 grandes·
1569 3739 1749 3776 brouilleries,
1769 3738 1787 3768 ἃ
1800 3743 1883 3768 moins
1896 3751 1946 3781 que
1960 3738 1989 3768 la
2010 3740 2153 3772 me‘diation
2174 3743 2206 3773 de
2227 3742 2304 3785 quel-

1260 3791 1389 3823 quer-uns
1399 3781 1431 3811 de
1443 3790 1508 3810 ceux
1521 3782 1566 3819 qui
1577 3778 1640 3817 fiant
1656 3777 1716 3808 bien
1730 3774 1901 3816 affidfionne‘s
1910 3778 1955 3808 des
1970 3777 2041 3808 deux
2056 3779 2135 3811 cbtez
2150 3792 2182 3811 ne
2194 3782 2233 3812 les
2242 3784 2305 3820 pre‘-

1260 3828 1376 3850 vienne·

1301 3841 1507 3897 C’est’pourquoi
1522 3859 1602 3885 aiant
1618 3854 1721 3884 trouva
1731 3865 1780 3895 que
1794 3852 1820 3884 le
1838 3852 1907 3884 Duc
1915 3852 2066 3892 ftuhaitoit
2083 3854 2148 3895 fhrt
2171 3869 2221 3898 que
2243 3869 2309 3888 nous

1265 3907 1330 3928 nous
1341 3893 1549 3934 interposaJJions
1559 3902 1626 3932 pour
1642 3892 1671 3922 la
1685 3893 1871 3932 ronst-'rvation
1885 3892 1917 3921 de
1938 3891 2057 3923 l'amitie'
2073 3903 2151 3924 entre
2173 3907 2212 3925 ces
2235 3897 2308 3927 deux

1267 3939 1412 3975 Royaumes
1428 3937 1435 3969 (
1450 3933 1514 3962 dont
1531 3931 1559 3960 la
1574 3937 1683 3968 rupture
1692 3931 1779 3970 serait
1802 3937 1999 3968 apparemment
2014 3930 2079 3971 fort
2099 3933 2209 3974 nuifible
2231 3935 2248 3963 a
2268 3945 2307 3964 ces

1269 3973 1379 4012 Peuples
1388 3994 1397 4009 ,
1417 3970 1455 4006 ᾤ’
1464 3979 1514 4009 pas
1518 3978 1568 4007 peu
1579 3968 1766 4007 presyudiciable
1780 3979 1816 3998 au
1825 3967 1932 4007 paffitge
1948 3968 2014 3998 libre
2026 3970 2056 3999 de
2078 3980 2116 4000 ces
2129 3972 2307 4008 endroits-ld)

1269 4023 1332 4041 nous
1351 4020 1440 4040 avons
1463 4008 1614 4038 trouve'bon
1627 4007 1660 4036 de
1673 4018 1739 4037 vous
1753 4007 1857 4037 donner
1879 4007 1923 4036 des
1941 4008 2031 4037 ordre-s
2045 4007 2077 4038 de
2081 4008 2162 4049 faire
2182 4019 2240 4040 tous
2257 4020 2308 4040 vot

1272 4050 1365 4089 efflirts
1381 4056 1447 4084 pour
1464 4045 1656 4085 apprendrefitr
1668 4046 1788 4087 quelpil
1804 4044 1922 4083 l‘affbire
1945 4045 1981 4084 ell
2004 4046 2022 4076 ἃ
2038 4050 2163 4086 preyent,
2187 4048 2224 4083 (ᾗ,
2236 4048 2310 4086 filo„

1273 4100 1322 4130 que
1340 4098 1362 4118 v
1372 4096 1416 4118 oux
1432 4095 1532 4116 verrez
1552 4082 1621 4116 l’e‘ta
1635 4084 1680 4115 des
1693 4083 1796 4124 chofis,
1815 4084 1847 4113 de
1861 4083 1982 4115 de‘clarer
2000 4084 2018 4116 ἃ
2032 4094 2108 4116 notre
2123 4086 2214 4125 findit
2232 4089 2311 4115 Frere

1828 4121 1854 4153 E
2294 4122 2321 4155 1·
