2557 4279
88 226 177 256 1620.

72 263 203 301 xssJum.

75 2238 153 2269 Arm.
170 2240 201 2271 D

96 2280 182 2309 1620.

73 2320 133 2344 Pas.
158 2319 196 2346 13.

72 2355 166 2392 J.r.p.
178 2367 202 2394 3.

72 2395 135 2429 Ans,

88 3442 107 3462 ⁴
123 3443 221 3471 xvu.

89 3490 153 3518 225.

212 112 291 152 ³50

219 232 276 253 crae
293 222 446 259 Thelogiae
465 218 639 256 Profess'ori,
658 228 691 247 ac
711 218 833 248 Decano
852 216 988 247 Ecclefiae
1006 215 1115 246 Christi
1130 216 1160 245 in
1179 214 1280 251 praedi-

220 261 266 292 &a
283 260 475 290 Univerlitate
493 257 591 287 Oxon.
610 255 758 286 Willielmo
776 255 886 285 Lawde
902 254 1024 286 Decano
1040 253 1230 285 Gloucestriae
1246 254 1280 283 &

220 299 336 329 Ricardo
355 295 494 335 Harrxfim
516 295 690 332 Armigero,
709 295 870 325 Licentiam
890 293 1038 332 specialem
1055 293 1173 323 liberam
1193 301 1230 322 ue
1247 292 1280 321 &

221 338 326 368 licitam
348 334 519 365 Potestatem
537 333 714 364 Facultatem
731 333 765 363 δε
784 333 993 363 Authoritatem
1008 355 1017 368 ‚
1042 330 1124 368 quod
1143 331 1172 367 ip
1185 341 1211 366 i,
1237 337 1282 358 to-

220 385 284 407 tum
310 373 478 404 Manerium
503 372 629 402 Firmam
654 371 759 402 Terras
783 372 964 401 Tenementa
987 371 1021 401 δι’
1038 368 1282 399 Haereditamenta

220 414 415 445 communiter
432 419 534 442 vocata
551 410 644 440 Little
662 412 749 440 Haier
765 410 795 439 in
812 409 956 440 Parochiis
973 409 1008 437 de
1031 407 1183 436 Rettenden
1204 408 1284 435 Run-

222 451 289 482 ‹well
306 452 339 482 &
359 449 505 480 Woodham
522 452 625 479 Ferries
644 449 672 478 in
692 454 765 478 Com.
791 448 876 487 nostro
896 445 1027 485 Effixiae,
1053 445 1109 475 five
1128 446 1157 474 in
1181 452 1282 474 eorum

221 490 358 528 aliquibus
376 489 420 520 vel
439 489 529 526 aliqua
545 511 555 526 ,
581 498 651 519 cum
670 487 721 517 suis
735 487 847 525 Juribus
867 485 1009 514 Membris
1029 483 1231 522 Regalitatibus
1249 483 1282 512 &

221 528 396 559 Pertinentiis
414 527 561 564 universis;
581 527 626 557 Ac
645 527 744 556 omnia
761 525 806 554 illa
827 523 973 558 Mesuagia
987 522 1090 552 Terras
1102 521 1283 551 Tenementa

221 567 304 598 Prata
323 565 427 597 Pascua
445 565 570 596 Pasturas
592 564 713 594 Marisca
731 562 818 593 ssosca
833 561 977 591 Subbosca
996 561 1029 591 &
1049 560 1286 589 Haereditamenta

222 606 416 636 communiter
439 613 541 634 vocata
565 602 709 633 Norlands
733 601 796 631 alias
814 598 943 628 Norland
958 597 1022 628 alias
1040 597 1214 627 Northlands
1233 596 1284 626 sci-

223 653 299 676 tuata
309 644 430 682 jacentia
444 644 477 673 &
491 642 637 672 existentia
649 644 676 671 in
694 638 832 669 Parochia
843 638 878 667 de
893 637 986 666 Ebene
999 638 1027 666 in
1041 635 1133 667 Insula
1152 636 1187 667 de
1209 638 1286 665 Oxe-

223 694 275 723 πε]
287 684 315 713 in
330 681 421 713 Com.
437 681 537 712 nostro
553 680 647 710 Kane.
661 687 730 709 cum
748 685 851 707 eorum
869 675 1044 705 Pertinentiis
1067 675 1217 711 univerlis3
1236 673 1283 704 Ac

222 730 322 753 totum
333 720 402 751 illud
417 719 600 759 Mesuagium
615 718 670 747 five
681 716 897 746 Tenementum
910 714 1061 744 scituatum
1076 713 1109 744 &
1123 711 1242 744 existens
1255 713 1285 741 in

225 759 342 800 Purston
356 761 386 790 in
406 762 481 789 Com.
493 758 580 797 nostro
594 754 808 792 Northampton.
828 761 897 782 cum
911 752 1105 790 Pertinentiis‚
1124 751 1215 782 modo
1238 750 1285 781 vel

226 808 317 837 nuper
332 800 362 829 in
375 797 474 828 tenura
489 797 544 827 sive
556 794 745 831 occupatione
755 791 862 822 Thomae
876 790 1010 830 Robinfim
1021 791 1143 822 Senioris
1164 789 1210 821 vel
1232 790 1286 820 As-

226 838 398 878 signatorum
414 836 526 866 suorum
535 857 544 871 ,
563 841 595 863 ac
609 833 707 862 omnia
720 830 840 861 Edificia
853 829 964 861 Hortos
979 829 1110 860 Pomaria
1123 830 1156 860 &
1179 827 1286 859 Gardi-

224 886 261 908 na
283 875 375 907 eidem
399 874 547 912 adjacentia
567 870 613 903 vel
635 869 818 908 pertinentia,
836 877 904 898 curn
918 877 1017 899 eorum
1032 867 1209 906 pertinentiis
1223 868 1287 897 uni·

226 915 329 952 verfis,
346 924 378 944 ac
393 922 495 943 omnes
511 911 567 942 illas
582 909 708 940 Pasturas
729 916 842 938 vocatas
863 905 1004 947 Oldfetld,
1020 909 1109 937 Great
1132 903 1289 945 Cornefeild

228 955 264 985 &
278 952 371 983 Little
386 949 538 988 Cornefeild
548 951 577 978 in
593 947 706 986 Purston
720 945 869 984 praedicta,
885 955 918 975 ac
939 954 1033 976 totam
1050 946 1127 976 illam
1153 944 1286 975 Clausam

229 992 331 1024 Terrae
348 991 421 1020 Prati
436 990 491 1019 live
508 987 629 1017 Pasturae
647 995 782 1016 vocatam
794 983 972 1024 Clapperhill,
991 994 1024 1014 ac
1039 985 1137 1014 omnia
1151 984 1196 1014 illa
1209 983 1287 1014 Ter·

231 1040 273 1061 ras
294 1032 329 1062 &
354 1030 433 1060 Prata
454 1035 556 1057 vocata
576 1024 600 1054 le
623 1027 723 1065 Square
745 1023 890 1053 Meadowe
911 1023 943 1052 &
959 1021 1052 1052 Little
1068 1023 1232 1060 Meaa'o-we,
1251 1032 1285 1053 ac

229 1077 321 1100 totam
338 1068 415 1098 illam
431 1064 586 1096 Parcellam
601 1063 703 1092 Terrae
714 1061 891 1100 'adjungentis
905 1060 1031 1091 Venellae
1046 1063 1075 1091 in
1089 1061 1202 1099 Pursbon
1214 1070 1287 1101 prae-

229 1108 320 1144 dicta,
341 1114 470 1136 vocatam
486 1103 509 1133 Ie
524 1101 612 1132 Pickle
627 1103 765 1137 jacentem
782 1101 815 1131 &
831 1100 996 1130 existentem
1013 1101 1043 1130 in
1057 1100 1170 1144 Purston
1183 1099 1288 1137 praedi-

231 1145 276 1176 &a
285 1154 333 1182 ,ac
347 1144 444 1174 omnia
460 1144 492 1173 &-
510 1141 615 1179 singula
630 1140 717 1171 Bosca
730 1139 878 1170 Subboica
892 1139 925 1169 &
934 1138 1058 1169 Arbores
1066 1138 1101 1168 de
1110 1149 1139 1168 in
1155 1140 1200 1169 vel
1209 1137 1288 1177 super

230 1184 333 1214 eisdem
341 1180 485 1220 praemiffis
499 1181 526 1210 in
542 1178 660 1248 Parem
677 1177 829 1209 crescentia
845 1178 878 1207 ἃ
892 1177 1036 1208 existentia
1045 1200 1055 1215 ,
1066 1186 1133 1208 cum
1147 1177 1286 1208 omnibus

231 1224 265 1254 ὃ(
274 1221 384 1260 singulis
398 1219 585 1250 Communiis
621 1217 684 1248 astis
696 1219 729 1248 δε
744 1216 801 1247 aliis
817 1215 869 1247 suis
879 1217 1050 1253 pertinentiis
1060 1239 1069 1254 ,
1079 1225 1113 1246 ac
1126 1217 1222 1246 omnia
1236 1216 1287 1246 alia

229 1260 334 1291 Terras
347 1259 529 1290 Tenemenra
542 1259 575 1287 δε
592 1256 830 1286 Haereditamenta
845 1256 873 1284 in
887 1254 999 1294 Purston
1012 1253 1147 1292 praediea
1158 1264 1221 1292 quae
1235 1263 1287 1283 nu-

231 1309 279 1337 per
291 1298 404 1329 fuerunt
417 1296 524 1326 Thomae
540 1295 673 1334 Robinson
685 1294 808 1325 Senioris
823 1294 856 1325 &
868 1295 963 1322 Annae
978 1294 1074 1322 Uxoris
1090 1293 1163 1330 ejus,
1173 1294 1205 1322 ὃ(
1215 1291 1286 1321 Tho-

228 1349 278 1368 mae
294 1335 430 1375 Robinsbn
439 1335 581 1374 junioris,
599 1334 644 1365 seu
660 1342 760 1363 eorum
773 1333 933 1370 aliquorum
957 1331 1003 1360 vel
1022 1332 1150 1367 alicujus,
1170 1340 1286 1361 necnon

228 1378 328 1407 omnia
347 1377 380 1406 &
403 1375 422 1404 si
463 1375 507 1405 ula
527 1372 672 1411 Mesuagia
694 1372 796 1402 Terras
823 1370 904 1400 Prata
926 1368 1028 1399 Pascua
1050 1368 1176 1399 Pasturas
1201 1368 1286 1399 Bosca

228 1414 378 1446 Subbosca
392 1383 681 1444 &nlg‘laereditamenta
695 1418 873 1448 quaecunque
886 1408 966 1438 dieto
983 1406 1117 1438 Manerio
1135 1407 1241 1438 Firmae
1254 1417 1287 1438 ac

227 1454 338 1484 caeteris
359 1450 512 1482 Praemiffis
528 1459 575 1481 aut
595 1459 696 1480 eorum
714 1449 795 1478 alicui
816 1448 871 1477 five
895 1445 1048 1485 aliquibus,
1073 1447 1288 1484 quoquomodo

225 1492 378 1530 spectantia
401 1491 456 1520 sive
477 1489 666 1528 pertinentia,
690 1486 867 1528 Cancellario
890 1483 1033 1524 Magistris
1052 1485 1084 1516 &
1108 1484 1289 1516 Scholaribus

228 1530 428 1562 Univerlitatis
442 1528 542 1558 Oxon.
556 1526 769 1558 Successoribus
783 1525 834 1555 luis
852 1523 1078 1561 imperpetuum,
1096 1522 1163 1554 dare
1183 1532 1288 1554 conce-

231 1569 299 1600 dere
318 1567 441 1599 vendere
461 1567 549 1605 legare
572 1565 616 1595 vel
642 1565 758 1594 alienare
775 1561 926 1600 possint&
941 1561 1067 1600 valeant,
1083 1560 1117 1592 ad
1134 1561 1288 1593 Manuten-

229 1609 340 1640 tionem
360 1605 598 1636 Sustentationem
619 1603 651 1633 &
670 1602 924 1639 Supportatienem
945 1603 1070 1630 duorum
1095 1599 1289 1631 professorum

229 1647 288 1677 sive
305 1645 461 1676 Lestorum
477 1642 679 1680 przediffikorum
695 1640 820 1682 duarum
833 1639 1020 1669 Lecturarum
1038 1639 1066 1669 in
1082 1638 1211 1670 Scientiis
1223 1638 1286 1669 Ma-

228 1685 401 1719 thematicis,
418 1691 451 1711 ac
466 1682 586 1711 aliorum
601 1679 733 1710 Onerum
747 1679 781 1709 &
799 1677 989 1715 Expensarum
1004 1686 1057 1714 pro
1072 1679 1290 1708 continuatione

229 1723 381 1754 earundem
399 1721 586 1751 Leeturamm
602 1717 834 1754 necessariarum,
849 1726 882 1746 ac
899 1715 933 1745 ad
948 1717 1046 1746 omnia
1059 1716 1107 1746 alia
1126 1717 1154 1746 in
1176 1716 1291 1747 Statutis

227 1764 262 1794 &
285 1760 518 1792 ordinationibus
540 1757 698 1796 praedictis,
715 1755 753 1786 fic
775 1764 805 1786 ut
826 1753 974 1793 praefertur
995 1753 1077 1784 faetis
1089 1763 1136 1785 aut
1152 1754 1290 1792 imposte-

228 1802 295 1831 rum
318 1798 432 1835 fiendis,
450 1796 600 1827 limitandis
623 1804 669 1826 aut
691 1793 914 1833 appunctuandis
935 1791 1132 1830 per-formanda
1153 1794 1187 1824 δε
1210 1803 1291 1831 pera-

225 1838 334 1879 genda,
355 1838 433 1874 jutta
453 1845 551 1866 veram
570 1835 759 1865 intentionem
782 1832 941 1863 eorundem
961 1832 1175 1870 imperpetuum
1190 1854 1200 1870 ,
1225 1832 1291 1863 licet

227 1877 363 1916 praedidta
377 1875 504 1905 Maneria
522 1874 544 1904 F
547 1875 628 1903 irmae
642 1873 824 1903 Tenementa
839 1871 875 1902 &
897 1869 1155 1908 Haereditamenta‚
1171 1878 1218 1901 aut
1239 1880 1290 1902 eo—

227 1925 292 1946 rum
310 1913 426 1952 aliquod
441 1913 487 1943 vel
501 1912 608 1949 aliqua,
628 1920 674 1942 aut
688 1910 777 1948 aliqua
793 1909 859 1940 inde
877 1918 938 1946 pars
956 1908 1001 1939 vel
1021 1909 1156 1946 parcella,
1174 1917 1290 1940 tenean-

228 1964 273 1986 tur
287 1954 332 1986 vel
348 1961 472 1984 teneatur
487 1951 524 1983 de
539 1950 640 1981 Nobis
659 1949 832 1981 Haeredibus
852 1948 884 1978 δι
903 1946 1120 1979 Succefforibus
1139 1947 1241 1979 nostris
1261 1949 1291 1979 in

249 2090 298 2122 De
316 2087 512 2133 Commtffione
521 2088 646 2135 speciali
667 2086 779 2120 direfla
798 2082 980 2118 Cancellario
997 2083 1112 2130 Angliae
1131 2085 1168 2122 ώ·
1186 2083 1267 2117 aliis.

221 2225 368 2298 JAMES,
385 2226 424 2265 by
446 2225 496 2273 the
516 2223 615 2256 Grace
635 2222 672 2254 of
688 2221 776 2261 God,
793 2218 861 2268 &a
881 2220 934 2251 To
958 2229 1012 2251 our
1025 2219 1116 2258 rigbre
1129 2218 1218 2260 trusty
1233 2219 1291 2251 and

271 2265 450 2296 welbelovcd
466 2264 661 2300 Louncellor,
679 2265 810 2292 Fraurms
833 2260 915 2290 Lord
932 2257 1057 2289 Verulam
1077 2258 1159 2288 Lord
1181 2259 1292 2289 chaun-

226 2302 303 2332 cellor
318 2303 353 2342 cf
361 2303 507 2340 Englande
516 2326 524 2339 ,

265 2343 330 2396 ᾼηε
348 2353 378 2372 :o
392 2353 446 2372 our
463 2343 536 2379 right
553 2340 641 2379 trusty
654 2339 709 2370 and
724 2339 797 2377 right
807 2336 985 2368 welbeloved
994 2335 1119 2366 Cousins
1127 2335 1180 2366 and
1190 2335 1293 2367 Coun-

228 2380 385 2448 cclglllam
400 2417 485 2447 Earle
500 2417 535 2457 of
542 2416 704 2453 embreke,
725 2413 803 2444 Lord
821 2413 1052 2451 Chamberleyne
1067 2412 1104 2443 of
1117 2423 1170 2443 our
1191 2411 1291 2445 Hous-

224 2455 373 2524 ὴοὲῇαῐιήας
389 2493 474 2523 Earle
489 2491 523 2532 of
531 2490 673 2521 Arundell
681 2513 690 2528 ,

261 2533 330 2563 And
349 2543 380 2563 to
394 2543 446 2562 our
463 2533 536 2569 right
549 2528 646 2561 trustie
660 2527 715 2558 and
730 2526 909 2557 welbeloved
931 2526 1125 2563 Councellor,

258 2572 341 2613 John
358 2571 437 2601 Lord
450 2569 569 2608 Digbye,
587 2566 878 2611 Vicechamberlayne
893 2564 929 2595 of
939 2575 992 2596 our
1007 2564 1183 2603 Houshold,

256 2612 323 2644 And
340 2619 371 2640 to
386 2619 438 2639 our
453 2610 525 2645 right
540 2605 637 2637 trustie
654 2606 709 2635 and
726 2603 906 2635 welbeloved
923 2601 1130 2640 Councellors,

258 2655 304 2682 Sir
320 2649 420 2678 Robert
434 2649 569 2676 Naunton
579 2668 588 2683 ,
602 2643 714 2683 Knighr
728 2653 787 2673 one
800 2642 835 2673 of
846 2652 901 2672 our
914 2642 1061 2680 principali
1077 2642 1243 2672 Secretaires
1256 2643 1292 2673 of

220 2691 403 2758 Stastngulke
420 2722 548 2760 Grevill,
568 2720 703 2758 Knighte
722 2718 917 2750 Chauncellor
929 2718 984 2749 and
998 2717 1236 2750 Undertreasurer
1258 2718 1296 2750 of

222 2777 275 2799 our
294 2765 476 2802 Exchequer,

260 2808 304 2835 Sir
319 2802 415 2842 Julms
433 2800 534 2840 Cesar,
554 2797 685 2838 Knighte
701 2795 810 2826 Master
825 2794 862 2825 of
873 2795 920 2825 the
938 2794 1056 2833 Rolles,

257 2847 303 2874 Sir
321 2840 450 2871 Edward
464 2839 566 2874 cuoke,
588 2836 735 2874 Knighte,
775 2873 779 2878 1

263 2881 328 2913 And
345 2884 390 2910 Sir
405 2876 522 2918 Lyonell
536 2873 699 2914 Cranfeild,
719 2871 849 2911 might,
869 2871 977 2903 Master
998 2871 1035 2902 of
1050 2882 1103 2902 our
1125 2870 1239 2903 Courte
1257 2871 1294 2903 of

225 2919 330 2952 Wards
344 2918 398 2949 and
417 2918 566 2954 Liveryes,
583 2914 733 2950 Greeting.
875 2950 879 2954 Ι

260 2958 402 2989 W⁷hereas
419 2965 497 2992 upon
515 2955 584 2991 long
602 2949 757 2983 continued
778 2948 954 2987 Experience
969 2973 978 2987 ,
1002 2949 1057 2979 and
1085 2957 1163 2985 upon
1189 2948 1291 2979 serious

226 2996 283 3027 and
303 3004 409 3026 mature
428 2993 623 3022 Deliberation
641 2989 697 3020 and
717 2988 920 3025 Advisement,
944 2989 965 3017 it
982 2988 1050 3018 harh
1067 2988 1140 3016 bene
1160 2988 1292 3017 manifes-

226 3035 274 3066 ted
285 3057 294 3072 ‚
313 3035 372 3064 that
391 3032 439 3063 the
459 3031 480 3060 F
482 3039 564 3069 ynes,
581 3039 608 3058 as
628 3028 695 3058 well
712 3026 748 3056 of
763 3025 974 3064 Coppiholders
992 3035 1020 3055 as
1039 3025 1221 3055 Freeholders
1239 3035 1291 3063 up-

225 3083 286 3112 pon
306 3071 469 3103 Surrenders
490 3067 661 3098 Alienations
679 3074 713 3095 or
734 3063 883 3101 Discents,
909 3063 963 3094 and
983 3064 1033 3093 the
1052 3063 1182 3094 Heriotts
1198 3085 1207 3100 ,
1231 3063 1292 3094 Re-

228 3112 306 3143 liefes
322 3135 332 3148 ,
357 3109 506 3141 Escheates
520 3129 529 3144 ,
554 3103 720 3141 Perquifitee
738 3102 794 3132 and
810 3102 927 3133 Profitts
945 3101 983 3131 of
997 3100 1123 3138 Courts,
1148 3101 1292 3140 Waiefes‚

229 3151 376 3189 Estrayes,
401 3146 523 3178 Goodes
541 3143 596 3174 and
616 3141 753 3172 Chattells
772 3140 809 3171 of
823 3140 944 3177 Felons,
970 3140 1070 3178 arifing
1087 3139 1143 3170 and
1161 3142 1294 3180 growing

227 3189 285 3218 due
305 3198 336 3219 to
355 3186 420 3224 Us,
447 3195 475 3215 as
491 3183 557 3214 well
573 3181 677 3212 within
696 3189 749 3209 our
768 3178 904 3215 Honors,
931 3178 1140 3221 Lordshippes,
1166 3177 1294 3216 Castles,

231 3226 376 3257 Mannors
389 3248 399 3262 ,
423 3221 597 3254 Poffeffions
614 3219 670 3250 and
689 3217 923 3249 Hereditaments
939 3239 948 3254 ‚
978 3226 1005 3247 as
1021 3216 1172 3247 eliewhere
1188 3217 1294 3248 within

229 3267 286 3296 this
303 3275 356 3295 our
376 3263 498 3293 Realme
517 3260 552 3290 of
567 3257 698 3298 England
716 3255 771 3287 and
790 3255 963 3293 Domynion
980 3254 1017 3285 of
1031 3255 1146 3291 Wales,
1172 3255 1226 3286 and
1244 3257 1295 3285 be-

230 3305 280 3343 ing
297 3303 399 3334 within
417 3301 466 3331 the
484 3299 589 3336 Survey
608 3296 644 3327 of
659 3306 713 3326 our
732 3293 828 3324 Lourt
843 3294 880 3324 os
890 3292 1077 3330 Exchequer,
1097 3293 1194 3323 which
1211 3293 1251 3324 do
1266 3304 1297 3324 a-

231 3350 336 3373 mount
363 3339 469 3380 yearely
497 3346 528 3368 to
547 3346 562 3366 a
580 3344 656 3374 great
678 3333 767 3364 Value
779 3356 788 3369 ,
814 3332 888 3363 have
906 3331 1073 3374 heretofore
1091 3331 1204 3369 yielded
1223 3332 1293 3362 little

232 3380 352 3411 Benefitt
371 3388 444 3410 unto
462 3375 526 3413 US,
551 3375 601 3405 the
619 3373 699 3404 cause
718 3371 867 3407 whereof,
890 3380 918 3400 as
936 3379 981 3401 we
998 3379 1044 3399 are
1063 3369 1206 3400 mforrned
1226 3370 1294 3400 hath

233 3419 304 3449 bene
327 3420 377 3449 the
402 3416 586 3453 Negligence
609 3421 642 3442 or
670 3411 690 3430 ²*
719 3408 813 3439 Abuse
839 3407 878 3439 of
888 3418 941 3439 our
962 3408 1079 3438 inferior
1097 3406 1222 3438 Officers
1239 3408 1294 3439 and

235 3456 401 3493 Ministers,
419 3457 450 3485 in
469 3455 586 3484 whome
604 3460 650 3481 we
668 3447 785 3486 reposed
803 3447 893 3477 Trust
911 3447 957 3477 for
975 3447 1026 3477 the
1041 3447 1215 3483 managing,
1233 3447 1296 3477 col-

234 3495 338 3533 le&ing
356 3495 410 3524 and
431 3492 563 3530 bringing
580 3491 607 3519 in
626 3487 754 3524 thereos,
773 3495 834 3522 we,
852 3485 972 3524 holding
989 3486 1010 3515 it
1023 3484 1081 3522 just
1098 3484 1154 3513 and
1173 3485 1295 3515 honora-

235 3533 283 3563 ble
301 3542 332 3562 to
350 3533 412 3563 take
431 3540 509 3567 away
529 3529 574 3559 for
592 3528 640 3557 the
657 3525 768 3564 present
787 3524 840 3554 and
860 3533 891 3553 to
908 3532 1027 3560 prevent
1045 3524 1073 3552 in
1094 3523 1164 3553 time
1185 3531 1218 3553 to
1243 3533 1293 3552 co-

234 3580 282 3601 rne
301 3571 335 3600 all
355 3571 422 3600 such
442 3567 568 3604 Abuses,
593 3566 674 3596 Letts
692 3563 746 3594 and
766 3561 970 3599 [mpediments
988 3572 1015 3591 as
1034 3560 1100 3591 tend
1118 3570 1149 3592 to
1167 3561 1217 3591 the
1230 3561 1293 3591 De-

234 3619 288 3649 cay
314 3610 368 3638 and
397 3607 591 3646 Dyminution
614 3604 652 3634 of
662 3603 711 3633 the
730 3601 831 3632 lawfull
848 3600 902 3629 and
920 3609 982 3630 true
1001 3599 1104 3638 Rights
1121 3599 1176 3628 and
1195 3598 1292 3629 Reve-

233 3657 329 3677 newes
346 3646 383 3676 of
394 3656 447 3675 our
460 3645 590 3680 Crown,
608 3641 662 3673 and
677 3642 764 3680 being
778 3639 902 3669 resolved
919 3639 978 3669 that
994 3638 1044 3668 the
1056 3638 1128 3667 lame
1143 3637 1201 3667 will
1214 3638 1290 3668 most

232 3687 318 3724 redily
338 3684 392 3714 and
411 3683 552 3721 certeynly
569 3682 606 3711 be
625 3679 746 3710 effected
766 3679 803 3716 by
819 3676 972 3715 demiseing
990 3686 1045 3706 our
1063 3675 1117 3706 said
1133 3675 1291 3715 Casualtyes

231 3732 263 3753 to
282 3724 411 3753 Farmors
425 3722 461 3751 of
475 3721 647 3757 Sufficiency
667 3717 756 3747 under
771 3715 848 3754 good
866 3714 1005 3745 Cautions
1024 3714 1079 3745 and
1095 3713 1288 3752 Condirions,

229 3761 367 3798 whereby
385 3761 433 3791 the
448 3760 520 3789 same
538 3758 597 3789 will
616 3759 651 3786 be
669 3756 735 3795 duly
754 3754 894 3785 answered
914 3763 984 3783 unto
1004 3752 1049 3782 Us
1074 3752 1198 3782 without
1222 3752 1290 3782 Pre-

226 3800 326 3837 judice
344 3809 375 3827 or
396 3799 557 3829 Grievance
576 3805 608 3826 to
627 3805 680 3825 our
700 3794 848 3824 ‘l'enaunts
859 3815 869 3829 ,
884 3792 938 3822 and
955 3792 1028 3822 with
1046 3789 1112 3821 least
1126 3790 1240 3829 Charge
1253 3799 1287 3821 to

227 3847 283 3867 our
302 3837 382 3874 selsc3

267 3875 365 3906 Know
384 3884 417 3912 ye
435 3874 493 3904 that
511 3883 572 3909 we,
597 3871 726 3909 reposing
743 3867 851 3900 affured
868 3867 960 3898 Trust
979 3867 1034 3898 and
1054 3865 1234 3897 Confidence
1254 3868 1283 3898 in

222 3914 271 3945 the
296 3913 438 3952 approved
459 3912 619 3941 Wisdomes
633 3932 642 3947 ,
667 3909 806 3939 Fidelities
824 3906 877 3936 and
895 3905 1157 3942 Circumspeetions
1175 3905 1211 3934 es
1225 3915 1282 3943 you

218 3953 267 3983 the
282 3953 335 3983 said
354 3951 434 3980 Lord
446 3948 622 3978 Chauncellor
634 3970 642 3983 ,
669 3947 750 3977 Lord
764 3944 971 3983 chamberleyne
985 3967 994 3982 ,
1024 3943 1110 3974 Earle
1129 3941 1167 3983 of
1178 3946 1281 3973 Arun-

214 3991 285 4030 dell,
310 3991 392 4021 Lord
405 3988 511 4025 Digby‚
536 3990 579 4015 Sir
598 3985 698 4015 Robert
717 3986 854 4015 Naunton
870 4007 880 4022 ,
904 3986 948 4013 Sir
967 3982 1051 4014 Fulke
1072 3980 1188 4013 Grevill
1202 4004 1211 4019 ,
1235 3985 1280 4012 Sir

1220 4019 1279 4058 fi

669 88 1479 140 coNvENTIONEQ

66 187 143 219 Αῃῃ,
160 182 204 214 Ι),
215 194 247 215 ac
262 183 370 215 dsseffis
389 182 487 212 Nobis
504 179 632 218 Johanni
648 178 774 218 Jacksbn
791 178 898 217 Militi,
918 176 1066 207 Willielmo
1075 176 1214 216 Goodwyn
1228 175 1278 206 Sa·
1316 173 1434 218 Capite,
1451 172 1497 204 vel
1511 173 1589 203 aliter
1601 173 1637 204 de
1653 173 1755 217 Nobis
1776 173 1822 204 vel
1835 174 1974 212 aliquibus
1984 172 2043 204 aliis
2065 173 2195 205 Per-sonis
2210 174 2269 206 five
2288 174 2379 212 aliqua
2391 171 2468 205 Ann.
2483 173 2522 209 D.
2551 175 2554 211 Ξ

1320 213 1373 243 alia
1394 211 1519 241 Persona
1540 221 1588 248 per
1607 212 1763 243 Servitium
1786 211 1928 250 Militare,
1945 220 1993 242 aut
2007 212 2064 244 alio
2079 223 2251 251 quocunque
2272 214 2380 245 modo:
2420 213 2506 244 1620.
2552 227 2555 240 ι

1320 251 1432 281 Statuto
1446 249 1481 279 de
1493 250 1590 280 Terris
1603 250 1623 270 ²*
1638 250 1672 280 &
1685 251 1872 281 Tenementis
1885 250 1920 280 ad
1934 250 2058 282 Manum
2082 260 2227 282 mortuam
2247 262 2307 283 non
2327 263 2381 290 po—
2401 251 2522 288 ¹8JacJ·
2553 258 2555 262 '

1322 288 1438 325 nendis,
1455 297 1503 319 aut
1519 288 1614 325 aliquo
1630 288 1685 318 alio
1698 287 1829 326 Statum,
1850 289 1927 319 Aetu
1937 311 1947 328 ,
1965 289 2155 321 Ordinatione
2170 290 2216 321 vel
2240 290 2384 322 Provifio-
2395 287 2415 307 ⁴¹
2428 290 2522 320 Xvu,

1322 337 1359 357 ne
1374 326 1492 357 antehac
1507 327 1609 357 habitis
1620 326 1702 357 faiiis
1721 327 1854 358 ordinatis
1877 328 1933 358 five
1954 329 2089 366 provisis,
2104 337 2153 359 aut
2173 330 2264 367 aliqua
2282 329 2332 360 alia
2354 340 2386 360 re
2399 337 2462 362 224·

1547 87 1936 140 LITERAE‚

1321 364 1403 433 czusa
1419 365 1467 396 vel
1480 367 1594 396 materia
1611 374 1781 403 quacunque
1799 366 1828 395 in
1841 367 2018 396 contrarium
2032 376 2062 396 in
2075 366 2172 406 aliquo
2185 377 2244 399 non
2266 368 2382 399 obstan-

1322 412 1343 434 Π
1367 412 1406 432 us.

1361 441 1505 472 Dedimus
1525 443 1611 473 etiam
1633 442 1668 473 &
1689 440 1897 479 conceffimuS,
1914 450 1947 472 ac
1966 450 2016 479 per
2034 441 2186 474 Praesentes
2207 454 2260 482 pro
2282 445 2382 476 Nobis

1324 479 1494 510 Haeredibus
1508 482 1541 512 &
1553 479 1767 511 Succefforibus
1781 479 1882 509 nostris
1891 504 1901 516 ,
1919 480 2018 510 damus
2030 481 2064 512 &z
2077 481 2263 514 concedimus
2285 484 2385 522 praefa-

1323 519 1358 548 tis
1377 518 1555 549 cancellario
1581 518 1726 558 Magistris
1747 519 1781 549 &
1802 518 1984 549 Scholaribus
2005 518 2203 550 Univerfitatis
2223 521 2320 553 Oxon.
2346 523 2382 554 &

1323 556 1535 588 Successoribus
1547 557 1616 596 suis,
1636 558 1794 588 Licentiam
1807 558 1955 594 specialem
1969 557 2144 596 liberamque
2157 559 2191 590 &
2204 558 2310 592 licitam
2323 561 2384 592 Po-

1324 595 1453 626 testatem
1476 596 1652 627 Facultatern
1672 596 1706 627 δε
1728 594 1952 633 Authoritatem,
1969 595 2092 626 habendi
2112 598 2290 636 perquirendi
2311 602 2384 631 reci-

1324 634 1420 672 piendi
1439 634 1579 665 retinendi
1602 636 1635 666 &
1656 632 1813 672 poffidendi
1835 633 1930 665 fibi&
1947 634 2162 665 Succefforibus
2177 635 2228 666 suis
2243 636 2385 676 imperpe-

1324 673 1407 703 tuum
1426 673 1598 708 praedieturn
1623 672 1785 703 Maneriurn
1809 671 1916 702 Firmas
1935 682 1970 703 ac
1994 682 2096 704 caetera
2119 674 2217 705 omnia
2230 675 2385 713 &singula

1325 711 1460 749 praedicta
1488 711 1588 742 Terras
1617 712 1798 742 Tenementa
1827 710 1914 741 Bosca
1932 711 1966 742 &
1996 711 2242 743 Haereditamenta
2261 713 2383 751 superius

1326 751 1517 788 mentionata,
1534 759 1603 781 curn
1620 759 1722 781 eorum
1736 749 1850 788 Juribus
1866 749 2067 788 Regalitatibus
2081 751 2223 782 Membris
2237 752 2271 783 &
2293 752 2384 784 Perti-

1324 790 1425 820 nentiis
1440 789 1572 820 universis
1582 811 1592 827 ,
1602 788 1667 820 licet
1682 788 1793 819 dictum
1805 787 1971 818 Manerium
1986 788 2091 820 Firmae
2105 789 2207 820 Terrae
2220 790 2386 822 Tenemen-

1324 834 1352 871 ta
1373 829 1406 859 ὃς
1428 825 1685 865 Haereditamenta‚
1702 835 1751 858 aut
1771 836 1873 857 eorum
1891 826 2005 866 aliquod
2029 828 2074 859 vel
2097 828 2207 867 aliqua,
2224 838 2271 860 aut
2289 830 2384 868 aliqua

1323 865 1391 896 inde
1407 875 1466 903 pars
1482 866 1525 897 vel
1540 867 1676 904 parcella,
1691 866 1728 896 de
1740 864 1837 895 Nobis
1854 864 2024 897 Haeredibus
2042 867 2076 898 ὃς
2093 867 2309 899 Succefforibus
2330 879 2385 900 no-

1326 903 1387 935 stris
1402 906 1432 934 in
1448 904 1566 944 Capite,
1580 905 1626 936 vel
1641 905 1718 936 aliter
1732 904 1767 934 de
1783 902 1881 934 Nobis
1897 912 1944 934 aut
1957 904 2048 942 aliqua
2061 905 2111 936 alia
2126 906 2247 937 Persona
2262 907 2320 938 five
2334 907 2385 939 ali-

1325 944 1428 981 quibus
1445 944 1502 974 aliis
1523 942 1652 974 Personis
1673 953 1722 982 per
1742 941 1896 972 Servitium
1917 941 2059 981 Militare,
2078 953 2126 975 aut
2138 945 2194 975 alio
2207 955 2384 986 quocunque

1328 982 1419 1012 modo
1434 990 1581 1013 teneantur
1595 981 1641 1012 vel
1653 989 1796 1017 teneatur,
1814 980 1927 1012 Statuto
1937 981 1978 1012 de
1988 980 2086 1013 Terris
2099 983 2134 1013 δε
2143 984 2331 1016 Tenementis
2347 986 2384 1017 ad

1328 1019 1454 1051 Manum
1468 1030 1612 1051 mortuam
1627 1030 1687 1050 non
1702 1018 1857 1058 ponendis,
1875 1028 1922 1050 aut
1936 1020 2030 1059 aliquo
2043 1020 2098 1051 alio
2111 1021 2224 1053 statuto
2237 1023 2312 1055 Αᾶυ
2322 1024 2383 1055 Or-

1326 1058 1468 1089 dinatione
1484 1059 1528 1089 vel
1544 1059 1711 1090 Provisrone
1724 1058 1842 1089 antehac
1853 1058 1954 1088 habitis
1969 1058 2049 1089 saetis
2062 1059 2196 1092 ordinatis
2209 1061 2266 1092 five
2286 1065 2383 1102 provi-

1327 1097 1545 1166 fiss’famssnqua
1559 1097 1609 1128 alia
1622 1107 1651 1128 re
1662 1096 1746 1128 causa
1760 1097 1804 1127 vel
1826 1097 1944 1127 materia
1964 1106 2132 1136 quacunque
2153 1100 2183 1130 in
2205 1100 2302 1138 aliquo
2322 1112 2382 1134 non

1325 1146 1346 1167 o
1370 1142 1449 1167 [anti
1475 1147 1512 1167 us.

1328 1215 1333 1220 ⁸
1365 1174 1402 1206 Et
1426 1174 1485 1206 hoc
1508 1175 1609 1214 absque
1628 1175 1718 1214 aliqua
1734 1174 1918 1213 Inquifitione
1935 1174 1991 1207 five
2003 1175 2141 1214 aliquibus
2155 1175 2386 1215 Inquifitionibus

1327 1214 1393 1244 inde
1416 1223 1552 1251 praetextu
1574 1214 1688 1252 alicujus
1708 1214 1803 1245 Brevis
1823 1213 1869 1244 seu
1888 1213 2020 1245 Mandati
2038 1213 2127 1245 nostri
2147 1225 2194 1246 aut
2221 1216 2384 1254 aliquorum

1325 1252 1458 1283 Breviurn
1477 1253 1520 1284 seu
1538 1251 1743 1284 Mandatorum
1756 1252 1920 1283 nostrorum
1936 1251 2094 1284 Haeredum
2118 1253 2164 1284 seu
2184 1253 2385 1286 Successorum

1326 1290 1496 1322 nostrorum
1511 1291 1547 1322 de
1560 1291 1594 1322 ad
1609 1292 1681 1332 quod
1694 1294 1864 1330 Dampnum,
1881 1291 1927 1322 seu
1942 1291 2056 1330 alicujus
2068 1292 2179 1323 alterius
2198 1292 2294 1324 Brevis
2313 1303 2388 1325 con-

1326 1329 1456 1360 ceffionis
1475 1329 1606 1372 Mandati
1620 1330 1665 1361 seu
1681 1329 1822 1368 Praecepti
1840 1329 1931 1360 nostri
1944 1329 2102 1361 Haeredum
2115 1331 2161 1361 vel
2179 1330 2387 1364 Succefforum

1327 1367 1493 1399 nostrorum
1507 1379 1537 1399 ιη
1552 1369 1603 1399 hac
1618 1377 1695 1407 parte
1716 1368 1908 1399 faciendorum
1926 1369 2184 1408 prosequendorum
2203 1370 2250 1401 seu
2271 1371 2388 1408 capien-

1326 1408 1449 1444 dorum,
1468 1407 1501 1437 &
1524 1409 1553 1437 in
1573 1407 1778 1438 Cancellariam
1799 1406 1926 1437 nostram
1946 1406 2105 1438 Haeredum
2127 1409 2160 1439 &
2184 1407 2387 1440 Successorum

1328 1445 1493 1489 nostrorum
1507 1446 1551 1477 seu
1565 1447 1631 1476 alibi
1646 1446 1903 1483 retornandorum;
1921 1446 1954 1476 &
1967 1446 2071 1484 absque
2085 1446 2222 1484 aliquibus
2235 1447 2294 1478 aliis
2308 1447 2389 1479 Lite*

1328 1494 1363 1513 ris
1385 1483 1546 1515 Patentibus
1571 1485 1627 1515 live
1646 1485 1804 1515 Warrantis
1823 1483 1913 1514 nostri
1938 1485 2093 1516 Haeredum
2115 1485 2160 1516 vel
2183 1485 2387 1516 Successorum

1328 1522 1493 1566 nostrorum
1505 1523 1540 1554 de
1556 1524 1583 1552 in
1601 1524 1657 1554 five
1671 1533 1723 1562 pro
1737 1522 1903 1561 Praemiffis‚
1916 1532 1962 1554 aut
1976 1523 2072 1562 aliquo
2086 1523 2301 1555 Praemiflorum
2314 1534 2390 1563 quo-

1328 1561 1460 1592 vrsmodo
1474 1563 1653 1599 impetrandis
1667 1562 1801 1593 habendis
1813 1562 1859 1593 seu
1872 1561 2018 1592 faciendis:

1367 1599 1472 1638 Aliquo
1485 1599 1598 1630 Statuto
1611 1601 1689 1632 Aeta
1705 1600 1762 1631 five
1778 1600 1967 1632 Ordinatione
1979 1601 2008 1630 in
2029 1600 2202 1631 contrarium
2223 1600 2290 1632 inde
2309 1601 2390 1632 faffis

1328 1638 1408 1668 editis
1422 1639 1477 1668 live
1491 1639 1626 1670 ordinatis
1639 1649 1698 1670 non
1709 1638 1895 1670 obstantibus-

1367 1675 1510 1707 Volumus
1524 1678 1626 1715 etiam,
1645 1679 1706 1710 ὅτε.
1725 1676 1898 1714 absque-fine
1910 1677 1939 1707 in
1952 1675 2132 1715 Hanaperio,
2150 1677 2211 1708 &c.

1366 1714 1413 1745 Eo
1429 1715 1510 1754 quod
1527 1716 1652 1754 expressa
1668 1716 1797 1756 mentio,
1813 1716 1875 1747 &c.

1364 1789 1398 1822 In
1413 1793 1493 1831 cujus
1509 1793 1567 1831 rei,
1585 1791 1645 1823 δίς.

1365 1868 1455 1900 Teste
1468 1867 1551 1909 Rege
1565 1869 1641 1909 apud
1655 1868 1916 1910 Westmonasterium
1925 1892 1935 1907 ,
1955 1868 2092 1901 vicesimo
2106 1869 2208 1908 quinto
2228 1867 2288 1901 Die
2308 1869 2391 1903 Maii.

1803 1949 1858 1977 Per
1872 1949 1965 1977 Breve
1979 1946 2012 1977 de
2025 1947 2146 1976 Privato
2159 1944 2261 1985 Sigillo.

1329 2078 1543 2115 Commiffion
1562 2078 1689 2127 speciale
1709 2078 1829 2163 donnej‘ie
1847 2091 1884 2113 au
1906 2078 2090 2114 Chancelier
2116 2078 2334 2127 d'Angleterre
2358 2081 2394 2115 &

1765 2129 1782 2162 a
1823 2129 1944 2163 ’autres-

1359 2217 1490 2256 Aquas,
1503 2223 1558 2255 par
1576 2214 1605 2245 la
1619 2225 1699 2254 grace
1715 2215 1748 2246 de
1759 2217 1848 2254 Dieu,
1867 2215 1929 2247 δίε.
1949 2216 1986 2245 A
2001 2221 2079 2246 notre
2098 2214 2156 2245 tre‘s
2165 2214 2250 2256 fidele
2268 2214 2394 2252 &biert-

1328 2253 1619 2326 όἌιῖιίΖῖἔῐεξὲἔβὶΗεν
1636 2277 1646 2293 ,
1674 2253 1811 2293 Franqois
1834 2253 1915 2285 Lord
1941 2253 2094 2292 Verulam,
2118 2253 2199 2286 Lord
2221 2253 2395 2288 Chanceliet

1365 2320 1446 2363 afa
1463 2344 1510 2363 ,ιω
1527 2317 1584 2361 ires
1593 2330 1690 2371 fideles
1705 2330 1744 2367 φ
1758 2330 1817 2361 tres
1835 2330 1990 2361 bien-asma
2007 2330 2115 2371 coufins
2132 2328 2172 2366 &
2188 2331 2365 2371 confina-rs,

1330 2409 1530 2487 MGlelaume
1550 2408 1660 2440 Comte
1680 2408 1717 2440 de
1739 2407 1904 2440 Pembroke
1918 2431 1930 2447 ,
1952 2409 2033 2439 Lord
2052 2406 2231 2438 chambellan
2253 2408 2287 2439 de
2314 2415 2394 2440 notre

1367 2461 1396 2478 az
1409 2460 1458 2486 on,

1367 2487 1501 2517 Thomas
1515 2485 1627 2516 Comte
1638 2484 1822 2523 d’ArundeIl,

1367 2527 1410 2554 Et
1423 2524 1442 2553 a*
1460 2531 1539 2554 notre
1555 2523 1612 2553 tres
1622 2522 1707 2563 fidele
1725 2521 1763 2558 ὁ·
1781 2524 1931 2553 bien-aime
1939 2522 2102 2561 Confiiller,

1359 2562 1430 2601 jean
1450 2562 1529 2593 Lord
1546 2562 1681 2601 Digbye,
1700 2561 1954 2592 Viae-chambellan
1965 2562 1998 2591 de
2011 2568 2088 2590 notre
2104 2558 2233 2599 Masfim,

1365 2603 1407 2631 Et
1422 2600 1440 2630 ἃ
1457 2612 1504 2630 nos
1522 2600 1579 2630 tres
1587 2599 1686 2640 fideles
1700 2600 1739 2635 ὠ
1757 2600 1912 2630 bien-aime?
1929 2598 2105 2637 conseillers,

1327 2678 1349 2707 d
1364 2643 1408 2669 Le
1422 2638 1571 2669 chevalier
1584 2639 1700 2670 Robert
1709 2638 1870 2676 Naunton,
1886 2649 1924 2667 un
1937 2637 1969 2667 de
1985 2647 2032 2667 nos
2049 2638 2216 2675 Principaux
2229 2639 2393 2668 Secretaires

1352 2678 1434 2708 ’Etat

1364 2719 1407 2746 Le
1420 2700 1568 2784 (ἕοῖυαῖίεν
1585 2714 1714 2754 Foulque
1738 2713 1870 2752 Grevill,
1888 2712 2049 2744 cham-elder
2068 2710 2107 2748 ὦ·
2127 2711 2341 2753 sous-Destrier
2359 2712 2393 2744 de

1329 2763 1408 2786 notre
1453 2766 1464 2784 c
1485 2766 1495 2784 ι
1514 2763 1570 2783 um·

1367 2797 1410 2824 Le
1423 2766 1570 2823 chevalier
1578 2776 1658 2830 Jules
1675 2789 1780 2829 Cesar,
1797 2791 1890 2820 Garde
1903 2789 1948 2820 des
1961 2788 2060 2830 Rales,

1369 2835 1413 2862 Le
1425 2830 1571 2862 chevalier
1583 2830 1718 2861 Edouard
1732 2829 1840 2861 Cooke
1849 2851 1858 2866 ,

1367 2873 1410 2901 Et
1419 2870 1444 2900 le
1458 2869 1605 2900 chevalier
1623 2868 1744 2908 Lyonell
1756 2866 1921 2906 Cranfeild,
1938 2871 2049 2898 Maitre
2063 2867 2095 2898 de
2116 2875 2194 2898 notre
2218 2869 2289 2898 Com·
2310 2867 2343 2898 de
2363 2866 2396 2898 Ia

1331 2908 1528 2939 Garde-Noble
1543 2906 1582 2942 ό
1595 2908 1642 2938 des
1659 2907 1800 2946 Penfionr,
1823 2905 1912 2937 Salat.

1367 2948 1508 2978 D’autant
1520 2957 1571 2987 que
1583 2954 1635 2984 par
1649 2957 1699 2977 une
1711 2946 1861 2984 experience
1873 2944 1966 2981 longae
1981 2941 2020 2978 ὠ
2035 2945 2189 2982 continue‘e,
2201 2942 2240 2979 ῤ’
2262 2942 2342 2983 apres
2361 2943 2396 2975 de

1331 2987 1418 3017 mares
1432 2985 1623 3016 deliberations
1635 2984 1673 3019 ἔγ
1685 2983 1891 3022 confiaeltatiams,
1905 2982 1930 3013 il
1941 2995 1959 3012 a
1970 2992 2043 3023 paru
2058 2982 2212 3013 clairement
2227 2992 2278 3024 que
2289 2982 2328 3012 les
2341 2985 2396 3014 Re-

1331 3024 1410 3064 liefir,
1427 3032 1495 3055 tant
1509 3024 1542 3053 de
1556 3034 1621 3054 ceux
1632 3027 1679 3062 qui
1692 3031 1741 3053 ont
1753 3022 1799 3053 des
1812 3031 1898 3052 terres
1928 3025 1956 3051 ui
1978 3021 2121 3057 relevent,
2134 3032 2187 3070 que
2206 3021 2240 3051 de
2261 3032 2327 3052 ceux
2348 3024 2398 3064 qui

1331 3075 1364 3093 en
1387 3071 1436 3094 ont
1458 3063 1490 3093 de
1509 3061 1589 3100 franc
1609 3060 1711 3098 Alica,
1723 3061 1775 3106 fier
1794 3061 1839 3090 des
1854 3033 2056 3102 Refizgrrations,
2069 3060 2249 3090 Alienations
2263 3070 2297 3090 ou
2315 3062 2398 3090 titres

1331 3102 1494 3139 d'hfritages
1512 3123 1522 3138 ,
1548 3099 1586 3136 &
1613 3101 1658 3129 des
1683 3099 1803 3130 Heriots
1818 3123 1828 3137 ‚
1850 3097 1955 3138 Reliefs
1972 3122 1981 3136 ‚
2005 3101 2089 3128 Biens
2125 3097 2203 3128 {chus
2226 3105 2281 3135 par
2311 3101 2396 3128 Droit

1332 3140 1505 3175 d'Aubeine,
1528 3138 1566 3168 ler
1584 3137 1743 3168 hnolumens
1762 3137 1800 3172 ὁ·
1819 3136 1918 3176 profits
1940 3137 1985 3167 des
1998 3141 2098 3175 Cours,
2115 3135 2152 3167 les
2164 3135 2293 3176 efflaves,
2311 3135 2398 3176 chofis

1333 3182 1456 3216 (garder,
1472 3181 1556 3207 Biem
1573 3174 1612 3211 &⁹
1634 3175 1748 3206 meubles
1770 3176 1815 3205 des
1842 3174 2001 3214 Criminels,
2039 3179 2066 3205 ui
2087 3185 2152 3206 nous
2175 3178 2338 3206 reviennent
2355 3173 2394 3210 ό·

1333 3216 1474 3255 nous-sont
1491 3216 1558 3252 dds,
1577 3221 1642 3245 tant
1656 3214 1726 3244 dam
1741 3224 1788 3244 nos
1803 3217 1984 3252 Seigneuries,
2002 3217 2025 3243 C
2045 3213 2169 3252 Amase,
2188 3212 2279 3253 Fiefir,
2295 3215 2334 3243 Po
2354 3211 2395 3251 gl:

1326 3255 1401 3295 fions
1414 3254 1452 3290 (θ’
1465 3256 1630 3301 Heritages,
1647 3251 1805 3292 qu’ailleurs
1817 3252 1887 3282 dans
1902 3263 1928 3282 ce
1940 3255 2074 3291 Royaume
2095 3251 2293 3289 d’Angleter-re
2366 3249 2394 3280 le

1334 3296 1377 3322 Pa
1375 3304 1407 3332 ys
1420 3293 1452 3322 de
1466 3291 1578 3329 Galles,
1597 3301 1635 3326 &-
1650 3302 1682 3321 en
1700 3302 1727 3321 ce
1740 3295 1788 3332 qui
1803 3291 1839 3338 2st
1853 3292 1890 3321 du
1901 3291 2088 3331 departement
2103 3290 2135 3320 de
2149 3297 2227 3320 notre
2239 3288 2393 3329 Echiquier‚

1334 3335 1381 3372 qui
1395 3331 1428 3371 [ἑ
1446 3336 1566 3360 montent
1588 3337 1646 3359 tous
1666 3328 1703 3359 les
1724 3340 1775 3360 ans
1796 3341 1815 3359 a
1832 3341 1869 3359 un
1882 3330 1975 3366 grand
2019 3334 2066 3366 ix,
2084 3341 2117 3359 ne
2132 3339 2197 3359 nous
2218 3335 2267 3358 ont
2280 3325 2393 3365 produit

1333 3368 1465 3409 autrefois
1481 3380 1530 3410 que
1535 3377 1588 3407 peu
1603 3368 1635 3397 de
1649 3366 1776 3406 be‘naesfice,
1793 3367 1811 3397 a*
1828 3367 1903 3407 caus}
1919 3368 1952 3397 de
1973 3339 2189 3405 lgrndgligence,
2206 3377 2240 3396 ou
2258 3365 2294 3396 du
2313 3375 2394 3394 mau-

1336 3413 1401 3438 vais
1413 3407 1493 3445 usbge
1510 3407 1589 3448 qu'en
1605 3413 1654 3436 ont
1661 3404 1726 3444 fait
1737 3429 1746 3444 ,
1758 3405 1829 3446 ainsi
1843 3417 1893 3446 que
1905 3417 1970 3437 nous
1982 3418 2015 3436 en
2030 3417 2120 3436 avons
2133 3402 2326 3443 e‘te'informe‘s‚
2343 3413 2393 3433 nos

1335 3445 1455 3484 Officiers
1479 3442 1517 3480 ὠ·
1539 3444 1681 3484 Ministres
1701 3444 1889 3482 Subalternes,
1906 3455 1940 3475 en
1959 3448 2005 3485 qui
2023 3455 2089 3475 nous
2112 3446 2210 3473 avions
2217 3440 2298 3481 place'
2313 3448 2394 3471 notre

1333 3496 1379 3515 con
1401 3495 1465 3514 ance
1477 3492 1543 3521 pour
1557 3483 1595 3512 les
1615 3487 1736 3521 manzer,
1755 3482 1886 3513 recueillir
1908 3483 1947 3517 ὠ·
1966 3486 2104 3519 recevoir3
2125 3489 2262 3511 treuvam
2273 3479 2343 3519 qu’il
2353 3479 2390 3520 est

1326 3524 1363 3560 ju
1388 3534 1402 3551 e
1417 3522 1455 3556 όν
1472 3521 1590 3552 Ιοοηηὲιε
1603 3521 1693 3551 d⁷1iter
1703 3529 1769 3559 pour
1781 3521 1806 3550 le
1815 3521 1925 3560 prefint
1939 3520 1977 3556 ὀ·
1991 3519 2153 3560 ἅέηφὲεἰνεν
2169 3518 2188 3548 ἃ
2209 3516 2330 3547 l'avenir
2357 3518 2391 3548 de

1335 3561 1387 3591 tels
1400 3561 1467 3590 abus
1482 3560 1519 3595 &
1536 3559 1659 3600 obstacles
1674 3563 1720 3599 qui
1736 3560 1850 3590 tendent
1863 3560 1881 3590 ἃ
1896 3557 1926 3588 la
1949 3559 2113 3590 diminution
2133 3555 2170 3592 όν
2191 3557 2266 3585 ruine
2287 3555 2320 3584 de
2338 3566 2388 3586 nor

1333 3603 1430 3629 Droit5
1443 3599 1572 3635 le‘gitimes
1587 3598 1625 3632 &-
1642 3599 1687 3628 des
1699 3601 1824 3628 Revenus
1837 3598 1871 3627 de
1881 3605 1959 3627 notre
1972 3590 2177 3635 CouronneQ&
2191 3594 2270 3623 [tans
2278 3593 2389 3633 perfica-

1331 3639 1377 3668 de‘s
1389 3649 1439 3676 que
1453 3637 1481 3666 la
1496 3635 1569 3676 chose
1582 3638 1607 3673 [ἐ
1613 3636 1680 3676 fera
1692 3636 1754 3674 plus
1764 3643 1960 3674 promptement
1981 3635 2019 3670 &
2035 3634 2097 3672 plus
2104 3633 2244 3670 Jurement
2264 3643 2297 3662 en
2318 3632 2391 3663 hail-

1331 3676 1394 3706 lant
1407 3675 1425 3706 ax
1431 3673 1522 3714 ferme
1536 3685 1582 3704 nos
1591 3674 1688 3723 prqfits
1702 3674 1802 3713 cafieels
1816 3673 1834 3704 ἃ
1851 3674 1896 3703 des
1908 3677 2037 3703 Fermiers
2053 3669 2190 3715 capables,
2200 3669 2261 3707 [bur
2272 3671 2304 3700 de
2325 3671 2391 3702 bon-

1331 3727 1377 3745 nes
1392 3717 1521 3744 Cautions
1535 3712 1574 3747 όν
1590 3726 1608 3743 a
1622 3716 1667 3743 des
1682 3713 1830 3744 conditions
1845 3710 2007 3751 e¹quitables,
2020 3718 2075 3748 par
2090 3710 2123 3738 σὰ
2145 3707 2169 3737 tl
2188 3719 2253 3738 nous
2275 3720 2308 3739 en
2322 3708 2390 3748 sera

1330 3753 1415 3783 rendu
1432 3764 1468 3782 un
1480 3759 1578 3788 compte
1587 3752 1674 3791 juste,
1684 3752 1755 3791 fims
1766 3751 1899 3790 prifjudice
1910 3760 1943 3779 ou
1958 3748 2045 3779 le‘zion
2059 3746 2092 3776 de
2107 3757 2154 3777 nos
2166 3747 2389 3786 Tenanciers,&

1331 3791 1350 3821 ax
1366 3794 1449 3821 moins
1464 3790 1589 3830 defraix
1603 3799 1669 3830 pour
1685 3801 1770 3828 nous,-

1366 3866 1486 3903 Sachez,
1504 3877 1553 3906 que
1572 3877 1636 3896 nous
1654 3865 1780 3906 repostus
1792 3867 1965 3895 entierement
1973 3860 2026 3900 [ἣν
2039 3868 2120 3890 votre
2131 3861 2275 3901 prudente,
2278 3862 2398 3904 fidelitt

1329 3903 1368 3940 (ἐν
1387 3904 1605 3944 circonspec‘lion‚
1626 3915 1691 3934 nous
1717 3914 1784 3934 vous
1805 3911 1894 3933 avons
1916 3901 2031 3930 nomme‘s
2054 3899 2092 3934 ὠ·
2107 3899 2207 3930 έίαὸίίς
2217 3924 2227 3940 ,
2241 3912 2311 3933 vous
2325 3900 2392 3932 ledit

1327 3944 1408 3974 Lord
1432 3942 1618 3977 Chaucelier‚
1636 3942 1718 3972 Lord
1738 3939 1951 3977 chambellan,
1976 3936 2084 3968 Comte
2105 3937 2288 3979 d'Arundell,
2311 3940 2392 3971 Lord

1326 3981 1446 4022 Digby‚
1464 3979 1489 4011 lc
1503 3979 1651 4012 chevalier
1668 3979 1784 4011 Robert
1799 3978 1960 4015 Naunton,
1979 3976 2002 4007 Ie
2016 3975 2163 4007 chevalier
2176 3976 2305 4018 Foulque
2313 3978 2392 4046 Girfif-

2324 4026 2343 4047 V
2377 4039 2387 4060 ι
