2557 4279
28 1670 46 1686 o
72 1669 155 1695 XVI·
180 1649 361 1685 emittantur,
380 1647 417 1677 ita
436 1655 488 1676 nec
509 1643 591 1674 facile
609 1642 680 1671 irrita
701 1639 869 1675 reddantur3

143 141 221 182 208

0 232 73 264 Arm.
86 227 128 258 D.
150 226 186 257 M
194 223 309 263 ajestate
329 230 376 252 tua
396 219 492 261 unice,
502 215 671 253 contendit,
693 214 755 254 jam
777 212 915 252 tandem,
940 209 1137 243 Aue'thoritate
1155 200 1226 233 Ma-

23 268 109 308 1598.
152 264 255 305 jestatis
281 271 338 292 ture
362 260 538 296 interposita,

6 320 51 345 4¹-
69 308 136 334 Elia.

39 352 99 383 Reg.

567 264 645 286 extra
659 253 792 284 ordinem
808 252 861 283 suis
871 251 921 289 jus
945 249 1023 288 dici,
1040 256 1077 293 'ut
1101 242 1225 291 derpiim

160 313 211 342 pro
225 301 364 332 violenter
379 297 482 334 ereptis
497 293 622 331 satisfiat,
641 292 734 330 Quod
748 302 785 321 eo
799 290 892 328 tnagis
914 291 967 320 hac
990 285 1160 319 amiciffima
1175 282 1227 311 be-

160 340 296 373 renissimi
320 337 410 372 Regis
429 333 628 365 intercessione
652 332 668 362 ὲ
690 331 717 361 se
740 329 884 367 impetrari
913 326 1049 366 Majestas
1072 333 1118 354 tua
1141 321 1228 363 sinat,

162 380 242 420 quod
268 386 331 407 tum
356 374 451 404 virtuti
473 373 533 404 hoc
555 371 695 402 decorum
719 371 752 400 &
777 378 827 406 per
848 366 874 397 se
890 366 1046 409 laudabile,
1063 372 1126 393 tuni
1141 368 1228 403 etiam

165 419 230 457 quia
254 416 282 445 id
302 414 474 451 aliquatenus
497 413 526 441 in
552 420 614 440 rem
642 409 790 445 utrinque,
807 408 840 439 ὅ(
857 405 936 443 quod
950 412 1068 447 rationes
1084 399 1230 444 conditio-

165 456 267 493 nesque
282 453 332 483 fint
348 451 474 489 aequitati
489 451 622 481 maxiniae
637 446 851 483 consentaneae,
861 444 931 474 sicut
944 442 981 473 de
992 439 1108 478 singulis
1123 439 1230 468 horum

166 495 202 525 dc
216 492 318 523 ordine
332 490 493 520 differendo
508 487 604 526 paucis
619 485 777 516 ostendam.
1019 517 1027 522 ῃ
1073 518 1077 521 1

204 532 388 567 IMPR1M1s,
412 537 507 559 autem
531 525 660 557 constare
676 533 746 562 puto
761 523 862 553 Darios
876 520 988 551 nostros
1010 517 1153 557 ipoliatos,
1171 523 1232 545 non

170 571 286 608 alicujus
310 568 418 599 sceleris
440 574 620 604 compertos,
646 573 700 594 nec
723 563 754 592 in
777 560 833 591 ulla
849 558 943 602 Culpa
958 554 1161 598 deprehensos,
1185 552 1233 583 sed

170 617 283 647 pacatos
298 606 485 643 innoxiosque
499 603 608 642 prorsus
621 601 719 638 fuisse,
740 609 806 629 nam
823 598 949 635 legitima
976 594 1167 639 Cornmercia
1186 591 1232 622 sua

169 649 304 678 duntaxat
323 645 491 676 exercebant
509 641 597 673 securi
614 641 749 671 omnium
769 635 1042 679 Pei‘iculorum,nisi
1059 641 1107 669 qui
1124 641 1139 660 a
1157 628 1234 660 Coe-

168 687 188 716 li
206 683 456 722 Tempestatibus,
478 682 511 712 &
533 680 623 711 Maris
638 676 843 712 inconstantia,
869 681 1001 709 ingruere
1021 670 1158 714 possent,
1177 677 1235 713 ‚at-

165 734 223 763 que
240 725 346 754 horum
365 720 447 752 causa
465 721 534 750 dum
551 720 580 749 in
598 719 644 748 has
665 717 737 746 Oras
750 722 815 744 eunt
833 713 865 743 &
884 718 1026 748 remeant,
1044 709 1132 753 aliqui
1146 717 1234 739 etiam

172 764 244 793 dum
262 762 339 792 Mari
362 760 439 799 quod
464 758 594 789 Ditionis
613 755 716 795 Regiae
736 753 801 783 navi
822 760 886 794 ant,
911 756 1068 793 oppugnati
1086 747 1234 791 Tormen-

173 803 225 840 tis,
250 800 368 838 pulsati,
388 797 558 835 intercepti,
585 805 638 833 qua
659 795 774 824 libitum
797 830 802 834 ῃ
831 799 852 820 it
880 789 977 824 tradit,
998 787 1031 819 δί
1050 793 1184 831 atrociter
1199 782 1236 828 ad

172 840 291 871 Vestem
320 839 353 869 &
385 837 594 867 Commeatum
620 833 703 863 bonis
727 838 822 871 exuti,
849 827 925 864 quod
953 836 989 857 eo
1010 824 1152 868 indignius
1170 833 1234 862 quia

172 889 233 910 non
252 880 288 908 ab
308 876 448 907 Hostibus
465 875 521 904 hoc
541 871 626 911 passi,
654 880 709 901 nec
735 869 771 899 ab
787 868 819 896 iis
846 867 946 909 quibus
972 864 1060 902 Angli
1073 872 1181 908 pariter
1200 863 1234 893 &

171 917 253 948 Dani
273 916 424 954 Religione
441 913 522 943 invisi
543 935 553 949 ,
589 910 633 940 sed
651 910 689 939 ibi
707 914 851 943 utcunque
869 905 992 943 benigne
1012 903 1102 946 habiti
1116 926 1124 939 ‚
1157 900 1236 945 post-

173 965 261 995 quam
280 956 308 983 in
326 951 500 984 domesticos
519 949 617 987 Fidei,
643 949 657 977 a
673 948 774 987 quibus
792 944 891 987 omnia
908 942 1100 973 Humanitatis
1118 939 1237 985 ‘Officia

173 994 412 1032 expectabantur,
430 989 606 1024 inciderunt,
632 988 669 1016 ita
689 985 869 1025 miierumin
890 981 1012 1012 modum
1032 989 1124 1010 vexati
1148 978 1211 1023 sunt
1227 1001 1237 1017 ‚

175 1043 235 1064 non
255 1031 394 1063 Amicitia
421 1039 470 1059 eos
484 1028 577 1066 juvit,
603 1034 663 1055 non
682 1022 850 1053 innocentia
865 1021 986 1058 profuit,
1014 1028 1077 1056 quae
1095 1017 1190 1061 nescio
1207 1028 1236 1048 a·

514 1065 661 1096 Homines
679 1060 809 1100 praestat,
828 1061 889 1096 quis
906 1060 987 1089 enim
1003 1059 1110 1095 ulpiam
1132 1065 1238 1086 immu—

177 1120 222 1142 015
689 1100 706 1129 fi
725 1099 836 1129 nullum
856 1098 886 1127 in
900 1095 977 1126 Vitae
997 1096 1150 1140 integritate
1159 1093 1238 1125 Prae-

178 1147 300 1179 sidium?
326 1148 385 1183 quis
411 1152 564 1180 temperare
594 1142 608 1170 a
635 1139 735 1170 scelere
755 1137 840 1173 velit,
869 1135 888 1165 si
917 1135 988 1165 boni
1007 1143 1109 1172 pariter
1125 1142 1153 1177 ut
1171 1132 1241 1164 mali

179 1187 306 1217 cladibus
325 1180 524 1214 involvantur?
551 1181 645 1218 itaque
663 1177 779 1208 evidens
798 1173 966 1205 nostrorum
984 1173 1147 1216 innocentia
1171 1170 1238 1216 isto-

174 1235 239 1256 rum
257 1224 347 1260 arguit
367 1221 535 1259 proterviam
555 1220 587 1250 δί
608 1215 793 1252 violentiam,
812 1213 899 1250 digna
918 1220 1048 1249 utraque,
1075 1214 1094 1242 ii
1116 1221 1169 1250 qua
1187 1210 1239 1241 alia

173 1274 231 1300 res,
250 1262 344 1293 severa
364 1258 616 1290 animadversione.
922 1291 928 1296 ·
1139 1290 1143 1294 .

215 1301 305 1338 Quod
327 1310 355 1330 ut
375 1297 422 1329 fiat
443 1296 648 1327 Proniifforum
667 1293 734 1323 sides
752 1292 838 1323 etiam
857 1291 962 1359 exigit,
1000 1300 1065 1322 uam
1082 1290 1237 1327 fialiquan-

177 1349 239 1371 tum
261 1347 391 1377 urgeam,
415 1336 493 1366 dabit
520 1335 591 1364 milii
619 1331 798 1364 Serenissima
824 1338 870 1360 tua
921 1329 976 1367 laJe
1003 1341 1030 1360 as
1047 1330 1172 1370 benigne
1191 1337 1237 1356 ve-

178 1380 253 1409 niam
274 1389 282 1414 3
322 1376 456 1407 meminit
481 1375 561 1406 enim
592 1371 725 1410 Majestas
740 1379 785 1400 tua
807 1369 951 1399 multoties
968 1369 1001 1398 ad
1027 1366 1240 1409 Sereiiissimum

180 1417 296 1450 Regem
325 1424 425 1445 meum
451 1413 519 1443 hinc
548 1411 736 1449 Petscriptum
764 1407 905 1445 justiciam
931 1406 1152 1437 administratam
1180 1413 1233 1433 iri:

181 1449 315 1485 meminit
334 1453 410 1484 idem
431 1451 545 1491 Legatis
559 1449 677 1481 subinde
696 1458 731 1478 eo
750 1447 868 1477 nomine
884 1445 943 1475 huc
964 1444 1050 1474 millis
1059 1441 1241 1485 responsum,

179 1493 256 1524 Haec
278 1491 412 1522 Promissa
433 1499 463 1521 ut
481 1491 607 1520 omnino
627 1488 697 1517 mihi
718 1485 865 1523 persuadeo
885 1506 894 1520 ,
931 1493 991 1513 non
1009 1485 1038 1513 in
1060 1483 1168 1513 Animo
1188 1480 1242 1511 fuit

179 1530 369 1563 Sereniffimae
389 1528 547 1567 Majestatis
569 1537 643 1563 tuac,
661 1536 692 1555 ut
710 1527 738 1554 in
756 1523 836 1553 nudis
854 1522 945 1551 verbis
962 1520 1159 1558 consisterent,
1187 1529 1241 1549 nec

179 1571 273 1600 voluit
292 1580 323 1600 ea
345 1568 478 1606 Majestas
497 1577 542 1597 tua
562 1576 654 1595 rerum
675 1564 764 1594 inania
784 1560 857 1598 effe,
876 1560 951 1590 dieta
972 1561 1050 1590 enim
1072 1559 1190 1599 Regum
1208 1559 1241 1590 ὃς

180 1609 351 1647 Principum
369 1607 455 1637 instar
474 1605 666 1636 Oraculoruni
688 1602 744 1631 elle
762 1607 896 1637 oportet,
922 1609 986 1637 quae
1006 1608 1034 1629 ut
1053 1608 1113 1628 non
1133 1599 1243 1628 temere

897 1640 910 1653 ³*
933 1638 996 1675 Qii
1015 1637 1093 1667 aliter
1113 1636 1242 1677 Regibus

235 1686 413 1723 Principibus
431 1683 613 1722 persuadent,
632 1681 668 1709 n'e
687 1678 735 1708 ulli
755 1678 870 1716 privatae
889 1676 1036 1714 cujusdam
1045 1675 1166 1706 utilitatis
1182 1686 1242 1706 non

178 1071 238 1110 pud
255 1080 326 1109 quos
343 1079 402 1099 nori
421 1075 496 1098 tutos

201 1112 206 1116 ”
240 1110 254 1139 a
274 1107 454 1139 Criminibus
471 1103 525 1134 esse
542 1103 669 1138 laboret,

180 1689 213 1718 &

67 1715 131 1744 357⁶
180 1725 281 1763 Regi-„e
297 1723 512 1755 existimationis
528 1729 574 1751 aut
596 1718 748 1756 Dignitatis
767 1717 904 1745 rationem
924 1715 1028 1744 habent
1044 1726 1053 1752 ·,
1079 1713 1241 1745 Enimvero

179 1763 359 1795 Sereniffima
376 1761 507 1800 Mayestas
526 1767 576 1789 tua
597 1755 776 1788 Defeniatrix
795 1754 871 1784 Fidei
890 1752 984 1792 audit,
1004 1762 1114 1790 magno
1132 1753 1161 1783 id
1178 1755 1242 1791 qui-

178 1802 247 1834 dem
265 1804 316 1833 suo
335 1802 440 1832 merito
451 1824 461 1839 ,
487 1799 591 1839 quippe
615 1798 632 1826 ‘a
650 1795 704 1833 qua
721 1794 798 1834 plura
815 1800 919 1836 patrata
936 1801 990 1831 pro
1015 1791 1081 1823 vera
1108 1791 1244 1829 Religio-

181 1852 234 1880 ne,
252 1850 338 1880 quam
357 1841 374 1870 a
394 1847 539 1877 quoquam
560 1834 727 1866 mortalium
745 1833 794 1901 (llUi
809 1841 870 1868 jam
892 1832 982 1869 vivit,
1009 1830 1085 1869 quod
1108 1840 1163 1870 ego
1183 1841 1243 1861 non

183 1881 218 1912 ad
242 1877 453 1916 assentantium,
479 1875 525 1907 sed
553 1874 587 1904 ad
613 1881 721 1911 gratam
772 1870 927 1900 lemoriam
949 1879 1036 1908 quam
1055 1869 1244 1901 Serenissimae

182 1919 331 1958 Majestati
349 1925 405 1948 tuae
420 1918 457 1947 ab
474 1914 613 1946 omnibus
631 1910 709 1942 Fidei
727 1909 831 1939 nostrae
849 1906 1040 1939 Consortibus
1051 1931 1061 1947 ,
1092 1910 1126 1940 &
1145 1918 1243 1939 veram

181 1956 324 1988 Pietatem
350 1953 492 1994 profeffis,
520 1952 617 1982 deberi
644 1958 764 1980 autumo
779 1971 789 1986 ,
822 1946 935 1977 dietum
960 1947 1048 1977 velim
1064 1970 1074 1985 ,
1101 1945 1147 1978 sed
1164 1947 1242 1978 hunc

182 1995 410 2037 augustissimum
425 1990 616 2024 Sereniffimae
635 1987 793 2027 Majesrataes
810 1993 866 2015 tuae
884 1985 1036 2024 Timium,
1063 1986 1147 2017 liceat
1174 1986 1244 2016 mihi

182 2034 217 2065 ad
237 2034 360 2066 Causam
380 2042 477 2064 meam
495 2030 621 2066 trahere,
636 2036 667 2058 ut
685 2029 711 2057 ei
734 2037 754 2056 o
774 2025 876 2056 ortune
900 2023 1016 2068 serviat,
1041 2024 1134 2063 itaque
1152 2025 1246 2061 (Sere-

183 2074 288 2113 niffima
306 2074 427 2109 Regina)
448 2079 479 2101 ut
497 2069 580 2100 nobis
597 2067 683 2097 etiam
701 2066 733 2096 sis
772 2064 826 2094 idei
845 2062 1024 2094 Defensatrix
1044 2065 1076 2095 &
1095 2063 1246 2101 Servanix,

185 2111 269 2144 decet
287 2114 318 2143 in
337 2112 392 2142 hiis
412 2108 548 2148 Negotiis
565 2106 746 2145 quantumvis
764 2104 869 2135 leviora
885 2102 973 2132 videri
982 2101 1088 2140 possint
1103 2100 1246 2134 Promissa

183 2152 270 2182 etiam
288 2150 414 2189 implere.
812 2181 817 2185 .
843 2182 846 2186 .
1085 2181 1090 2187 .
1207 2182 1210 2186 ,

176 2208 178 2210 v
225 2190 294 2220 Hoc
314 2188 483 2220 Humanitas
499 2184 572 2224 ipsa,
589 2183 622 2215 8<
637 2191 700 2220 quae
724 2180 900 2211 Hominibus
915 2190 981 2217 erga
996 2179 1156 2218 Homines,
1167 2180 1248 2211 Prin-

188 2239 266 2267 cipes
279 2238 344 2267 erga
361 2226 526 2263 Inferiores,
545 2223 674 2253 naturalis
687 2220 839 2262 legittimas
855 2220 887 2250 &
902 2218 1020 2261 affefflo
1040 2219 1081 2251 est
1095 2222 1181 2250 etiam
1196 2219 1247 2250 fla-

189 2269 276 2307 gitat,
301 2267 408 2299 etenim
425 2264 534 2304 spoliati
552 2262 611 2291 sunt
635 2260 758 2290 fortunis
781 2257 847 2295 suis,
871 2258 945 2288 hisce
962 2258 1054 2289 Annis
1070 2259 1174 2295 viginti
1189 2259 1249 2298 plus

188 2307 301 2344 minus,
321 2305 517 2340 Mercatores,
533 2300 610 2332 Socii
626 2297 786 2334 complures
802 2305 903 2333 praeter
926 2297 1040 2327 miseros
1063 2297 1189 2335 Naums,
1215 2297 1248 2328 &

188 2345 258 2375 alios
274 2354 374 2375 eorum
389 2342 491 2380 aliqui,
505 2343 563 2378 jam
580 2347 638 2376 pra:
657 2344 785 2367 moerore
807 2344 840 2364 ex
862 2336 1029 2373 paupertatis
1055 2336 1249 2375 intolerantia,

189 2392 219 2414 ut
236 2383 384 2414 verisimile
395 2381 489 2419 ,diem
504 2379 584 2409 suum
603 2376 739 2412 clausere,
757 2372 860 2403 relictis
874 2372 976 2404 Viduis
991 2375 1024 2406 δε
1042 2373 1201 2413 Orphanis,
1220 2376 1249 2405 in

188 2422 300 2452 summa
315 2420 470 2451 afflitftione
480 2440 489 2456 ,
504 2417 550 2447 alii
566 2417 596 2446 in
612 2413 734 2454 egestate
749 2412 831 2449 spreti
847 2416 878 2444 ὅ(
894 2414 1055 2451 contempti
1068 2413 1176 2452 degunt
1186 2436 1196 2451 ,
1211 2413 1249 2444 sic

189 2460 220 2490 id
241 2469 336 2490 tamen
361 2460 466 2495 degere
493 2455 535 2487 est
565 2456 646 2494 pauci
664 2453 762 2482 Vitam
777 2451 862 2480 bonis
877 2450 990 2480 aliunde
1006 2453 1089 2487 partis
1109 2452 1248 2491 tolerant,

189 2508 245 2529 nec
262 2498 294 2527 ad
312 2499 443 2536 exiguam
459 2495 600 2524 suminam
614 2491 749 2531 excrescit
765 2489 842 2526 quod
860 2489 994 2518 amissum
1013 2488 1072 2527 est,
1092 2489 1180 2519 Hanc
1195 2491 1250 2529 igi-

190 2545 236 2568 tur
253 2535 381 2565 miseram
395 2535 506 2564 turbam
522 2531 683 2561 Viduarum
700 2527 906 2564 Orplianorum
922 2527 954 2556 δε
969 2525 1111 2565 Inopum,
1132 2527 1149 2556 li
1169 2527 1251 2558 Sere-

190 2574 302 2606 nissima
320 2573 453 2611 Illaffssas
471 2579 521 2599 tua
540 2569 574 2599 ad
594 2568 683 2599 Pedes
702 2565 881 2608 provolutam
900 2574 1045 2602 cerneret,
1065 2564 1101 2595 sat
1117 2564 1174 2595 scio
1189 2576 1249 2595 non

192 2614 303 2652 posset,
323 2622 373 2650 pro
394 2607 588 2641 liberalissimo
609 2608 696 2643 genio
712 2606 743 2636 &
768 2605 886 2642 ingenio
901 2613 935 2633 ac
949 2604 1094 2634 tenerimis
1116 2603 1169 2633 suis
1183 2604 1251 2634 affe-

194 2653 302 2689 eribus,
317 2652 372 2691 pati
391 2651 419 2680 in
434 2649 554 2684 Oculis,
580 2646 648 2683 quin
670 2645 788 2684 graviter
804 2641 838 2684 ad
853 2641 1057 2672 miserationem
1080 2651 1250 2672 commove-

194 2700 284 2722 retur:
302 2688 439 2730 ejusmodi
452 2687 562 2716 Turbae
576 2684 679 2715 Preces
693 2683 728 2713 ad
753 2679 931 2723 M·3]ellatem
951 2688 1028 2710 tuam
1050 2689 1107 2722 ego
1121 2679 1251 2718 perfero,

195 2740 264 2770 quas
279 2729 385 2769 cogitet
401 2736 471 2757 cum
487 2724 610 2762 ipsorum
627 2723 694 2754 fletu
710 2721 742 2751 ὃ(
758 2721 860 2756 ejulatu
876 2720 976 2748 auribis
991 2718 1043 2749 suis
1057 2720 1205 2758 insonare,
1219 2721 1252 2751 &

196 2778 286 2807 opem
301 2769 330 2798 in
345 2764 495 2805 justissima
513 2763 558 2792 sua
572 2761 665 2792 Causa
677 2759 847 2799 implorare:
869 2756 888 2787 si
902 2758 946 2787 hae
961 2757 1126 2795 Supplicum
1151 2757 1254 2789 Preces

196 2807 307 2845 prorsus
323 2807 393 2835 iritae
412 2806 426 2834 a
442 2801 592 2841 Majeslate
603 2807 653 2829 tua
678 2798 837 2835 rejiciantur
857 2796 890 2825 &
913 2796 1112 2834 repudientur,
1131 2797 1207 2834 quod
1223 2807 1254 2827 e-

196 2846 313 2884 quidem
328 2845 356 2874 in
371 2844 470 2873 animo
485 2841 619 2870 inducere
633 2847 761 2876 nequeo,
779 2834 894 2904 suffiriis
913 2835 1066 2873 gemitibus
1083 2834 1114 2864 ὅ(
1130 2835 1255 2865 lacrimis

195 2884 354 2915 Viduaium
370 2881 580 2921 Orphanorum
597 2887 630 2907 ac
646 2875 790 2913 Inopum,
828 2872 907 2903 'oelos
921 2882 985 2916 ante
1004 2872 1117 2903 Faciem
1133 2872 1191 2903 Dei
1206 2884 1255 2911 pe-

195 2921 385 2959 netrantibus,
403 2920 442 2949 ibi
463 2919 547 2948 irrita:
560 2915 615 2946 effe
630 2925 689 2945 non
704 2921 854 2952 poterunt,
872 2910 1094 2949 efficaciffimae‚
1112 2912 1255 2950 videlicet,

197 2961 269 2991 inibi
289 2961 323 2990 ad
339 2960 447 2998 quidvis
462 2954 692 2996 impetrandum
719 2952 765 2983 sed
793 2949 973 2989 (Sereniffima
995 2951 1116 2987 Regina)
1143 2952 1257 2981 evincat

194 2999 331 3038 justicia,
350 3000 485 3035 impetret
507 2993 605 3031 Fides,
627 2992 727 3022 eliceat
746 2989 920 3021 Humanitas
935 3011 946 3026 ,
961 2997 992 3019 ut
1009 2989 1146 3019 tribuatur
1165 2990 1257 3028 potius

199 3038 275 3076 quod
301 3036 385 3067 tribui
411 3045 458 3072 par
483 3033 521 3063 est
532 3055 542 3070 ,
573 3032 658 3068 quiim
684 3038 715 3060 ut
739 3026 898 3067 majestatis
925 3033 980 3056 tuae
1008 3027 1121 3058 Subditi
1152 3028 1257 3058 horum

196 3076 272 3116 apud
295 3074 392 3104 Deum
412 3072 536 3110 querelas
552 3070 708 3100 sustineant.
742 3102 743 3105 Ἴ
1060 3104 1064 3109 ἰ

239 3114 332 3153 Qiod
347 3114 450 3149 etiam,
471 3117 644 3149 quantopere
658 3108 688 3137 in
703 3115 764 3136 rem
786 3104 869 3135 fuerit
887 3113 971 3142 opere
995 3111 1116 3140 pretium
1136 3103 1194 3141 est,
1208 3103 1259 3134 de-

201 3154 269 3183 hinc
284 3154 411 3182 animum
429 3149 575 3179 advertere
589 3155 653 3176 ante
665 3145 763 3175 omnia
778 3152 843 3173 eum
859 3165 868 3180 ‚
894 3143 913 3173 si
935 3142 1089 3182 quicquam
1107 3142 1178 3172 aliud
1203 3142 1260 3173 hoc

202 3192 238 3224 ad
260 3189 510 3221 Neceffitudinem
530 3187 563 3217 ὃς
589 3183 839 3222 Conjunetionem
862 3182 992 3218 utrinque
1016 3181 1115 3217 requiri
1135 3179 1261 3219 videtur,

202 3240 272 3261 nam
293 3231 324 3259 in
346 3227 482 3259 Amiciticl
502 3224 687 3261 Principum,
710 3221 877 3259 primarium
900 3219 996 3256 duco,
1022 3227 1053 3249 ut
1074 3219 1141 3249 alter
1153 3219 1263 3249 alterius

205 3268 331 3300 Subditis
347 3266 482 3305 Injuriam
498 3262 557 3294 fieri
569 3269 663 3299 vetet,
683 3259 760 3298 quod
777 3257 908 3296 profecto
931 3257 1081 3300 benevolae
1104 3257 1264 3287 Voluntatis

207 3308 400 3338 indubitatum
412 3303 572 3342 judicium,
599 3300 747 3335 Principes
761 3298 839 3327 enim
854 3298 950 3326 animo
973 3296 1139 3332 conjuncti,
1166 3295 1265 3326 Loco-

207 3356 271 3377 rum
285 3354 379 3375 autem
396 3345 484 3381 longo
501 3338 649 3371 intervallo
663 3337 812 3375 disjuncti,
829 3335 876 3364 vix
899 3334 1073 3376 luculentius·
1088 3333 1139 3363 alia
1154 3335 1264 3364 ratione

212 3384 304 3414 studia
319 3384 447 3413 invicem
461 3379 601 3411 declarare
624 3377 764 3414 poterint,
791 3374 877 3412 quam
894 3371 1093 3403 benevolentia
1115 3373 1143 3401 in
1157 3373 1266 3403 alterius

211 3422 363 3460 Subditos3
391 3421 508 3450 alterurn
527 3418 599 3447 vero
619 3417 653 3447 &
672 3413 864 3445 secundarium
881 3410 911 3441 in
934 3411 1068 3440 Amicitia
1090 3419 1175 3447 putO,
1194 3411 1267 3450 siqua

212 3459 349 3490 Subditos
368 3459 444 3489 laesos
464 3465 610 3495 appareat,
637 3462 668 3483 ut
682 3462 711 3482 re
725 3453 757 3483 &
774 3450 853 3481 facto
867 3449 1012 3485 ostendat,
1039 3449 1086 3478 cui
1102 3449 1214 3486 querela
1225 3450 1268 3480 af-

213 3499 317 3533 fertur,
342 3498 392 3526 sibi
412 3497 469 3526 hoc
490 3494 653 3532 displicere,
674 3491 767 3523 severe
789 3488 922 3527 injuriam
943 3486 1048 3518 faCtam
1068 3486 1269 3526 vindicando,

216 3535 310 3573 Quod
326 3536 354 3563 ni
370 3535 433 3571 fiat,
459 3543 506 3564 aut
521 3533 541 3563 si
556 3531 691 3562 Vindicta
706 3528 864 3566 negligatur
875 3549 884 3565 ,
904 3526 971 3564 quid
985 3525 1051 3556 inde
1065 3525 1212 3568 colligeret⁴
1220 3525 1271 3556 Se-

217 3574 359 3604 reniliima
376 3572 505 3611 majestas
521 3571 592 3601 tua?
613 3569 631 3599 si
643 3569 711 3607 ipsi,
729 3569 796 3598 cum
811 3566 862 3610 alia
876 3574 916 3595 res
938 3562 1026 3609 esset,
1043 3564 1115 3602 apud
1138 3564 1165 3594 se
1185 3564 1269 3608 dispi-

215 3614 289 3649 ciat·²
308 3610 466 3640 Enimvero
481 3610 592 3648 possent
604 3609 679 3638 forte
696 3617 731 3637 an
757 3604 917 3642 suspitiones
940 3613 969 3632 in
990 3611 1117 3632 mentem
1139 3612 1235 3633 venire
1253 3603 1270 3632 a

216 3650 284 3681 verit
299 3649 435 3678 Amicitia
446 3671 455 3686 ,
472 3658 558 3685 eaque
574 3657 636 3685 qua:
651 3647 708 3675 boc
725 3645 845 3675 nomine
859 3642 933 3672 reeta
947 3640 1108 3685 appellanda
1123 3640 1180 3678 est,
1204 3641 1271 3670 alie-

219 3698 265 3718 nze
280 3687 326 3717 sed
342 3686 488 3723 faccilant,
508 3697 548 3716 eae
565 3686 654 3721 longe
672 3686 687 3714 a
702 3683 855 3714 sinceritate
872 3680 1017 3710 Amicitiae
1035 3681 1109 3709 inter
1122 3687 1269 3717 utramque

218 3725 400 3762 Maiestatem
415 3723 535 3754 vestram
553 3724 733 3761 constitutae,
751 3730 834 3758 atque
849 3728 879 3749 ut
892 3728 928 3748 eo
940 3718 1108 3748 luculentius
1130 3716 1214 3747 fidem
1229 3717 1270 3747 fa-

218 3765 292 3800 ciat,
317 3761 478 3800 Seremffima
501 3762 633 3801 Majestas
650 3770 693 3790 tua
704 3783 712 3797 ‚
740 3759 828 3789 Fratri
843 3758 891 3787 suo
907 3756 1090 3786 Sereniffimo
1105 3757 1170 3796 Regi
1184 3764 1267 3792 meo,

220 3801 311 3832 firm-ae
325 3801 437 3829 fincerae
452 3802 483 3829 ὅς
499 3801 650 3829 constantis
664 3798 888 3836 Conjunetionis
899 3819 908 3833 ,
929 3795 1027 3832 pariter
1044 3803 1082 3825 ,ac
1098 3795 1175 3836 ipse,
1201 3797 1269 3822 Ma-

218 3839 343 3877 7estatem
356 3845 431 3866 tumn
445 3838 582 3868 constanti
602 3839 707 3869 Amore
722 3839 755 3868 ὃς
777 3834 898 3865 fraterna
921 3832 1121 3863 Benevolentia
1141 3832 1271 3874 comple-

219 3878 304 3908 ctitur
313 3901 322 3915 ‚
340 3886 393 3906 nec
411 3876 477 3905 sinat
495 3877 568 3906 hanc
582 3876 679 3906 seriam
692 3885 744 3912 pro
758 3873 882 3904 Subditis
895 3871 1129 3903 Interceffionern
1143 3873 1199 3900 ime
1212 3873 1271 3900 tru-

218 3916 268 3946 &u
283 3914 440 3945 transmitti.

233 3965 236 3967 ’
252 3954 335 3984 Tum
347 3975 356 3989 ,
375 3952 393 3981 si
410 3952 465 3981 lioc
481 3953 606 3982 obtineat
622 3950 816 3982 Sereniffimus
835 3953 896 3979 Rex
919 3959 1012 3986 meus,
1038 3945 1197 3984 persuadere
1218 3945 1269 3976 sibi

213 3999 293 4024 certo
317 3989 449 4028 Majcftas
471 3997 520 4019 tua
544 3992 646 4027 poterit
677 4000 736 4019 non
760 3986 990 4018 Commissurum
1006 4009 1015 4024 ,
1049 3985 1117 4023 quin
1147 3983 1268 4015 viciffim

211 4031 320 4071 quaevis
334 4030 349 4061 a
364 4030 391 4060 se
405 4029 545 4065 impetrari
557 4030 690 4066 patiatur5
710 4036 778 4058 nam
794 4036 826 4057 ea
840 4025 1008 4064 generositas
1028 4022 1147 4060 indolis,
1173 4032 1204 4052 ea
1226 4022 1270 4053 A-

571 110 1365 171 CONVENTIONEs‚
1424 111 1824 162 LITERAE,

1269 198 1344 230 nimi·
1366 199 1536 239 Celsitudo,
1552 209 1584 232 ut
1605 201 1703 239 quavis
1724 199 1818 237 potius
1841 198 1951 230 ratione
1971 197 2057 236 quam
2082 195 2197 229 Officio
2217 193 2245 226 se
2258 194 2338 226 vinci

1276 239 1412 275 patiatur,
1427 238 1571 277 judicium
1586 240 1674 270 credo
1691 247 1790 269 recens
1805 238 1842 267 ab
1860 237 1943 276 ipsius
1961 235 2112 275 Maiestate
2135 235 2212 266 haud
2232 233 2336 264 obscu-

1276 286 1341 318 rum
1357 277 1484 315 factum,
1503 279 1552 308 ubi
1570 286 1667 308 tamen
1684 278 1714 307 in
1728 277 1860 308 favorem
1871 275 1991 313 Anglici
2007 275 2145 306 Nominis
2155 282 2255 314 rogatu
2268 275 2337 302 Ma-

1274 313 1381 355 Jestatis
1395 322 1451 346 tuae
1469 317 1527 353 plus
1542 314 1653 346 Gratiae
1669 315 1755 353 quam
1781 314 1901 350 Iusticiae
1921 314 2043 352 datum,
2062 314 2134 344 cum
2154 313 2202 343 hic
2220 319 2321 342 contra
2331 332 2343 348 ,

1273 353 1401 392 justiciae
1417 356 1512 392 potior
1527 355 1599 384 ratio
1614 354 1666 392 fit,
1685 353 1784 383 Gratia
1803 361 1896 383 autem
1912 362 1946 383 ex
1969 352 2154 391 consequenti
2174 349 2342 382 aestimanda

1278 394 1392 432 veniat,
1419 393 1469 423 suo
1490 393 1578 431 magis
1596 391 1928 435 (SereniffitmatRegina).
1939 390 2076 429 postulata
2091 389 2223 421 nostrum
2237 390 2342 420 locum

2346 181 2424 213 Ann.
2437 179 2486 213 Da

2350 220 2485 296 Niga.

2388 301 2448 335 Reg-

1278 431 1384 462 habere
1400 440 1577 469 mereantur,
1594 431 1678 462 decet
1694 440 1773 461 enim
1788 439 1818 459 in
1833 429 2043 472 Amicitia—pari
2057 429 2151 459 facere
2165 430 2339 461 &mutuam
2355 424 2357 429 '

1281 468 1337 499 esse
1362 468 1614 508 Benevolentiam,
1641 479 1708 500 nam
1725 467 1903 506 inaequaliter
1916 467 2005 498 Ratio
2029 475 2156 505 putetur,
2179 475 2209 498 ut
2223 474 2345 505 accepta

1281 507 1419 545 Expenfis
1440 508 1656 548 quodammodo
1671 507 1873 544 respondeant,
1885 505 1904 535 si
1925 514 1986 536 non
2004 507 2165 543 per‘oninia
2186 505 2343 544 quadrent,

1281 546 1434 614 &mnodo
1464 546 1594 579 constare
1615 546 1665 577 diu
1694 547 1798 584 poterit
1819 543 1986 575 Amicitia?
2024 543 2188 581 Qiomodo
2208 543 2341 582 speranda

1317 586 1394 617 ratiae
1408 587 1442 618 ὃ(
1455 585 1666 617 Benevolentiae
1683 583 1874 615 Viciffitudo?
1890 583 1944 614 Ne
1961 582 2161 613 intermittatur
2179 583 2266 619 igitur
2284 582 2343 614 Of-

1282 622 1416 654 ficiorum
1438 633 1535 656 mutua
1557 624 1815 661 Communicatio,
1836 622 1867 653 sit
1885 629 1998 660 gratum
2022 630 2055 651 ac
2068 620 2151 651 suave
2168 620 2344 657 Principibus

1283 660 1449 693 Studiorum
1465 663 1500 694 ad
1510 663 1723 694 Benevolentiae
1737 671 1898 699 certamen,
1918 670 1976 699 quo
1984 659 2061 690 vinci
2074 659 2150 690 haud
2163 658 2346 698 indecorum,

1284 702 1299 717 *
1320 701 1436 732 vincere
1452 712 1548 733 autem
1559 702 1649 742 longe
1664 699 1916 741 gloriosissimum,
1937 698 2008 729 illud
2027 698 2175 729 summum
2198 697 2346 730 Amicitiae

1283 738 1371 770 decus
1383 739 1429 770 illa
1444 740 1556 772 Rerum
1574 741 1754 778 publicarum
1767 738 1936 778 optatissima
1949 737 2035 768 Salus.

1323 777 1449 809 Proinde
1471 781 1482 817 (
1491 778 1656 818 Sereniffima
1677 782 1797 816 Regina)
1819 776 1888 808 velit
1904 776 1995 807 saltim
2017 774 2153 814 MaJestas
2166 782 2218 806 tua
2230 775 2345 808 facilem

1284 815 1310 847 se
1326 817 1472 857 praebere,
1488 817 1643 849 tribuendo
1657 817 1760 847 nostris
1770 815 1938 855 Justiciam,
1955 824 2008 854 pro
2027 823 2108 845 certo
2129 815 2275 854 habitura,
2293 815 2346 846 Se-

1283 855 1457 923 gnissjmum
1478 860 1573 895 Regem
1593 856 1754 888 faciliorem
1775 855 1838 885 fore
1858 853 1893 885 ad
1914 852 2125 884 retribuendam
2156 853 2263 892 Angiis
2291 855 2347 886 tuis

1317 903 1424 925 ranam.

1321 932 1415 964 Porro
1450 933 1519 971 quid
1532 932 1627 965 dicam
1641 934 1678 964 de
1692 931 1888 963 Commerciis
1902 930 2042 969 utriusque
2058 930 2189 962 Gentis?
2206 940 2272 970 quae
2294 941 2348 963 ne·

1286 981 1339 1002 mo
1352 972 1401 1002 nisi
1420 957 1521 1002 Hostis
1536 972 1621 1003 vellet
1636 973 1726 1002 minui
1741 979 1788 1001 aut
1805 970 1927 1007 aboleri,
1949 969 1996 1000 sed
2011 970 2104 1007 potius
2123 969 2208 1001 Bono
2228 970 2347 1009 publico

1284 1012 1396 1049 augeri,
1415 1020 1443 1042 at
1457 1021 1521 1048 quae
1535 1011 1586 1041 erit
1601 1011 1672 1041 inter
1687 1010 1825 1048 utrasque.
1835 1007 1944 1038 Gentes
1967 1007 2227 1047 Communicatio,
2250 1017 2350 1049 negata

1284 1048 1424 1088 justicia?
1443 1050 1520 1079 Dani
1536 1049 1670 1088 profecto
1690 1048 1841 1082 metuerim
1855 1048 1884 1077 in
1898 1046 1947 1076 has
1961 1053 2050 1084 partes
2061 1048 2176 1085 venire,
2194 1048 2231 1086 fi,
2248 1047 2278 1078 in
2288 1057 2347 1079 tam

1288 1087 1435 1119 manifesta
1450 1087 1571 1126 injuria,
1582 1087 1702 1126 judicio
1718 1087 1788 1118 nihil
1807 1085 1945 1123 consequi
1957 1085 2068 1117 licuerit
2083 1095 2089 1102 ⁴
2118 1085 2206 1125 Angli
2220 1085 2346 1119 viciffim

1286 1126 1317 1156 in
1332 1126 1461 1158 Daniam
1479 1126 1669 1164 Norwegiam
1686 1128 1720 1158 &
1735 1125 1799 1157 alias
1813 1123 1910 1155 Partes
1929 1122 2060 1154 Ditionis
2112 1125 2186 1162 egiae
2205 1125 2349 1156 acceden-

1287 1173 1345 1203 tes,
1357 1175 1415 1203 quo
1435 1165 1534 1195 animo
1551 1165 1607 1195 esse
1624 1163 1728 1202 poffint
1745 1165 1774 1194 in
1789 1162 1866 1193 laesos
1882 1162 1915 1193 δε
1933 1161 2047 1199 Injuriis
2057 1161 2183 1193 offensos
2197 1163 2272 1194 haud
2293 1164 2350 1196 du-

1288 1204 1412 1234 bitatur?
1431 1204 1462 1234 Si
1478 1213 1577 1233 verum
1590 1202 1631 1234 est
1648 1202 1725 1242 quod
1740 1202 1775 1233 de
1791 1200 1891 1231 Rebus
1914 1199 2098 1239 Britannicis,
2118 1202 2146 1230 in
2167 1201 2234 1233 Vita
2260 1205 2352 1240 Agri.

1287 1242 1350 1272 colle¹
1365 1251 1468 1282 agens,
1486 1244 1594 1271 Tacitus
1609 1243 1665 1279 ait,
1683 1241 1832 1279 proprium
1849 1239 1968 1269 humani
1981 1239 2086 1278 ingenii
2100 1238 2157 1270 esse
2170 1240 2353 1279 odiss'equem

1287 1280 1403 1320 laeseris,
1429 1281 1611 1318 Quapropter
1634 1289 1701 1310 cum
1724 1278 1826 1309 nostris
1845 1278 1904 1309 huc
1928 1286 2093 1308 commeare
2114 1280 2287 1317 magnopere
2302 1290 2355 1310 ne-

1291 1320 1384 1358 celse,
1403 1319 1495 1355 Angli
1510 1318 1633 1348 viciffim
1648 1317 1663 1347 a
1680 1316 1847 1348 Ditionibus
1861 1315 1964 1352 Regiis
1977 1316 2053 1354 aegr‘e
2068 1315 2208 1348 abstinere
2226 1326 2353 1356 queant,

1290 1360 1327 1388 ne
1345 1359 1560 1395 committatur,
1578 1366 1610 1387 ut
1623 1356 1703 1388 lucro
1719 1356 1902 1387 Privatorum
1917 1353 2107 1392 quorumdam
2122 1354 2251 1386 alienatio
2259 1355 2351 1394 aliqua

1288 1398 1452 1426 animorum
1479 1396 1523 1426 vel
1544 1395 1743 1426 malevolentia
1763 1392 2017 1431 innotescat,neve
2030 1402 2190 1433 paucorum
2204 1395 2354 1431 impunitae

1290 1433 1396 1472 Culpae
1413 1434 1570 1466 multorum
1582 1435 1714 1465 inseratur
1726 1431 1835 1464 offensa
1844 1455 1854 1470 ,
1870 1441 1947 1463 curae
1961 1430 1993 1461 sit
2005 1432 2100 1471 potius
2110 1440 2140 1463 ut
2149 1455 2157 1471 ,
2183 1432 2288 1463 fiducia
2300 1432 2355 1473 Ju-

1290 1472 1381 1504 sticiae
1406 1473 1616 1504 Benevolentiae
1638 1473 1672 1504 &
1691 1472 1808 1503 Amoris
1823 1471 1932 1508 mutui,
1957 1468 2148 1502 Commercia
2162 1471 2303 1502 liberrima
2317 1474 2353 1504 &

1289 1513 1457 1543 creberrima
1479 1513 1591 1552 utrique
1612 1511 1704 1542 Genti
1727 1510 1796 1547 sint,
1827 1519 1888 1540 tum
1908 1516 2022 1548 propter
2035 1518 2097 1540 eam
2112 1519 2177 1547 quae
2200 1511 2354 1542 intercedit

1290 1549 1557 1589 Propinquitatem,
1576 1559 1638 1581 tum
1654 1558 1769 1589 propter
1783 1548 1940 1580 Fcederum
1955 1548 2165 1585 Antiquitatem
2181 1571 2191 1587 ,
2219 1559 2287 1580 nam
2304 1551 2353 1580 vix

1290 1590 1342 1619 alia
1359 1589 1441 1620 Gens
1459 1599 1533 1620 extr-a
1548 1589 1720 1620 Britanniam
1736 1588 1837 1627 Anglis
1853 1587 1943 1625 magis
1957 1586 2112 1622 coniuncta
2128 1591 2213 1626 quam
2229 1587 2354 1627 Danica,

1289 1630 1305 1658 a
1320 1631 1411 1658 Dam’s
1428 1630 1505 1659 enim
1524 1627 1631 1666 Angli,
1649 1629 1682 1659 &
1698 1627 1773 1658 Vitae
1787 1627 1831 1657 seu
1853 1625 1937 1665 Jutae
1952 1625 2083 1663 quicum
2104 1625 2259 1656 Saxonibus
2279 1627 2356 1658 hanc

1291 1666 1421 1698 Gentem
1439 1666 1691 1706 condiderunt3&
1704 1665 1931 1705 augustiffimum
1946 1665 2107 1702 Anglorum
2122 1664 2264 1703 Nomen,
2274 1669 2355 1703 quod

1290 1705 1381 1736 hodie
1400 1705 1448 1735 usu
1470 1707 1679 1745 frequentatur,
1711 1713 1823 1736 certum
1846 1703 1969 1734 Danicae
1989 1703 2117 1742 Originis
2134 1712 2352 1744 argumentum,

2381 699 2491 727 ‘xvh

2392 737 2456 775 358.

1292 1755 1381 1781 quum
1396 1744 1485 1783 Jutia
1500 1743 1643 1784 Australis
1659 1754 1724 1784 quae
1737 1743 1857 1780 dicitur,
1872 1743 1935 1773 suos
1955 1741 2050 1773 adhuc
2072 1742 2160 1773 hodie
2178 1743 2287 1781 Anglos
2300 1743 2369 1773 har

1292 1784 1373 1822 beat,
1393 1786 1461 1822 Qia
1475 1784 1510 1814 de
1525 1795 1553 1814 re
1568 1784 1694 1822 pluribus
1707 1784 1723 1812 a
1741 1792 1789 1812 me
1801 1782 1849 1819 agi
1863 1780 1973 1819 posset,
1993 1780 2012 1811 fi
2035 1781 2117 1818 hujus
2139 1781 2230 1812 essent
2244 1782 2303 1812 loci
2319 1782 2354 1812 &

1292 1824 1428 1860 temporis
1468 1832 1522 1853 nec
1541 1822 1632 1853 obstat
1647 1821 1728 1860 quod
1748 1821 1843 1851 inclita
1864 1818 2016 1850 Nobilitas
2032 1819 2158 1855 Anglica
2181 1819 2241 1849 vult
2262 1821 2356 1857 potius

1293 1871 1343 1898 per
1359 1862 1400 1890 W
1402 1846 1542 1890 ilfielmum
1563 1861 1712 1892 Victorem
1729 1859 1885 1900 Originem
1900 1858 1916 1887 a
1943 1859 2115 1887 Normannis
2127 1856 2215 1887 Gallis
2231 1858 2353 1889 arcesse-

1294 1910 1340 1937 re,
1366 1909 1432 1930 nam
1456 1902 1493 1930 ne
1515 1899 1552 1930 sic
1575 1899 1692 1937 quidem
1711 1898 1786 1929 nulla
1807 1897 1857 1928 Co
1878 1896 1957 1927 natio
1972 1906 2042 1927 cum
2063 1899 2156 1926 Dam's
2169 1897 2238 1934 erit,
2259 1898 2352 1935 quum

1294 1937 1442 1968 Gulielmus
1454 1938 1618 1975 Anglorum
1635 1938 1782 1975 Affertor,
1800 1937 1855 1967 hau
1895 1934 1984 1974 longi
1998 1935 2080 1973 serie,
2107 1935 2124 1964 a
2143 1934 2252 1965 Rollone
2270 1940 2354 1967 Dauo

1292 1977 1338 2007 seu
1356 1977 1472 2008 Roberto
1486 1987 1581 2008 ortum
1596 1978 1701 2016 ducat,
1719 1978 1877 2015 pariterque
1891 1974 2040 2005 Nobilitas
2059 1972 2146 2011 prisca
2168 1973 2356 2005 Normanni-

1293 2026 1327 2046 ca
1342 2016 1469 2046 indidem
1483 2017 1513 2047 sit
1530 2016 1703 2055 utrobique,
1724 2016 1807 2054 igitur
1822 2013 2040 2054 Cognationem
2062 2012 2236 2044 intercedere
2258 2013 2355 2051 pilam

1293 2054 1334 2085 est
1343 2078 1352 2093 ,
1373 2065 1457 2093 quam
1473 2054 1583 2086 Gentes
1595 2055 1702 2086 nostras
1715 2055 1890 2093 conjungere
1902 2052 1985 2083 decet
2000 2050 2120 2082 Foedera
2127 2051 2214 2082 etiam
2222 2053 2356 2092 antiqua3

1292 2094 1445 2133 videlicet,
1464 2095 1701 2133 Quingentorum
1717 2093 1872 2123 Annorum
1886 2090 2012 2129 proferre
2032 2089 2114 2128 licet,
2139 2090 2240 2130 quibus
2262 2092 2358 2122 conti-

1294 2144 1349 2163 nua
1358 2134 1417 2164 Pax
1432 2133 1549 2171 publica
1562 2133 1672 2170 utrique
1682 2131 1787 2171 Regno
1800 2131 1873 2169 fuir,
1899 2139 1932 2161 ea
1947 2127 2050 2160 deinde
2063 2127 2170 2159 firmata
2185 2127 2336 2168 Conjugio
2345 2153 2358 2170 ‚

1295 2172 1327 2203 ὃ(
1342 2172 1498 2212 insignibus
1511 2171 1628 2202 Ordinis
1644 2171 1758 2210 Anglici
1783 2169 1908 2209 Regibus
1931 2168 2040 2205 aliquot
2060 2165 2162 2198 nostris
2181 2166 2309 2199 Honoris
2322 2169 2357 2200 δι’.

1296 2210 1508 2242 Benevolentiae
1523 2220 1595 2247 ergo
1611 2209 1837 2240 communicatis
1853 2207 1965 2245 aliisque
1980 2205 2110 2236 Officiis:
2139 2205 2172 2236 In
2194 2206 2246 2237 hac
2272 2208 2281 2236 i
2304 2207 2357 2238 itui·

1297 2249 1474 2281 haereditaria
1495 2249 1569 2289 quasi
1584 2247 1800 2284 Benevolentia,
1820 2247 1928 2283 utrique
1945 2243 2090 2283 Majestati
2106 2243 2206 2287 vestrae
2229 2254 2278 2282 per
2289 2255 2360 2276 eve·

1297 2289 1434 2327 randum,
1458 2287 1574 2327 sumpto
1592 2287 1733 2324 Exemplo
1755 2288 1768 2316 a
1793 2283 1988 2316 laudatissimis
2010 2282 2186 2320 Maioribus,
2207 2283 2240 2314 &
2264 2284 2300 2314 ab
2315 2294 2360 2315 ar-

1298 2327 1421 2358 &iffima
1440 2326 1660 2364 Conjuntstione
1681 2325 1810 2354 Friderici
1831 2326 1910 2361 Regis
1930 2331 2042 2360 tuaeque
2056 2320 2232 2360 Majestatis,
2254 2321 2283 2352 in
2299 2332 2360 2361 quo

1297 2365 1440 2403 Exemplo
1454 2365 1560 2396 nobilis
1575 2364 1720 2395 Amicitiae
1730 2386 1739 2401 ,
1754 2373 1803 2400 par
1817 2361 2008 2402 propositum:
2030 2360 2164 2398 Quarum
2179 2359 2339 2392 Rationum

1303 2405 1323 2435 si
1338 2404 1414 2435 nulla
1428 2404 1495 2435 effet
1509 2403 1553 2435 vel
1569 2403 1632 2434 haec
1647 2412 1722 2442 una,
1738 2402 1866 2433 sufficere
1881 2399 1989 2438 poffet,
2015 2400 2053 2429 ne
2071 2397 2238 2442 Hostibus,
2262 2399 2362 2432 nostra.

1301 2443 1513 2482 Distradtione,
1532 2443 1604 2473 vires
1617 2440 1772 2479 accedant,
1793 2440 1894 2471 Amici
1915 2447 2011 2469 autem
2028 2447 2077 2476 qui
2099 2438 2227 2476 utrinque

1299 2483 1361 2519 opis
1378 2482 1410 2512 &
1424 2482 1516 2512 auxilii
1532 2480 1629 2519 indigii
1642 2479 1839 2510 destituantur·
1860 2477 1938 2516 quod
1955 2477 1992 2507 ne
2007 2477 2108 2508 contin
2132 2485 2176 2514 at,
2194 2477 2229 2508 &
2252 2477 2290 2507 ne
2313 2477 2359 2509 A·

1300 2520 1419 2549 micitiae
1436 2519 1542 2557 aliquid
1563 2518 1697 2554 decedat,
1725 2527 1798 2547 neve
1819 2502 1998 2547 Officiorum
2026 2523 2074 2545 aut
2151 2517 2359 2546 mmerciorum

1298 2557 1540 2625 ίξῖοῐίῐίῐιωῃίεεὶῑίο
1552 2555 1645 2595 aliqua
1658 2563 1735 2594 parte
1748 2555 1852 2593 ceffet,
1866 2554 1925 2585 huc
1938 2553 2015 2586 videt
2028 2552 2166 2592 Majestas
2189 2558 2239 2583 tua
2264 2553 2356 2586 disce-

1319 2605 1355 2625 en
1377 2605 1438 2626 um.

1337 2633 1429 2664 Porro
1444 2635 1514 2666 ct‘im
1530 2633 1626 2672 restet,
1649 2641 1680 2664 ut
1701 2633 1738 2664 de
1755 2632 1928 2664 Rationibus
1951 2628 2151 2669 expediendae,
2169 2629 2227 2660 fine
2253 2631 2359 2671 magna

1301 2672 1434 2704 molestia
1447 2676 1480 2705 ὃς
1493 2674 1633 2711 temporis
1644 2672 1770 2710 jactura,
1787 2671 1991 2702 Satisfaetionis
2005 2676 2119 2708 agatur,
2143 2667 2306 2701 faciendum
2321 2679 2354 2703 ut

1303 2711 1407 2742 cursim
1427 2711 1463 2742 de
1477 2712 1509 2742 ea
1524 2720 1601 2749 parte
1616 2714 1704 2742 etiam
1721 2710 1897 2741 differamus.

1337 2749 1418 2781 Volo
1432 2760 1527 2781 autem
1543 2751 1594 2780 hic
1609 2750 1705 2780 lubens
1721 2749 1847 2786 merito,
1864 2749 1894 2778 in
1909 2745 2097 2778 Sereniffirnae
2117 2745 2277 2785 Majestatis
2300 2753 2358 2778 tuae

1303 2787 1476 2824 graviffimae
1490 2789 1670 2820 Auctoritate
1682 2787 1716 2818 δε
1741 2786 1866 2826 benigna
1883 2786 2037 2816 Voluntate
2059 2785 2235 2824 acquiescere
2254 2786 2362 2823 (quum

1302 2826 1369 2863 ipsae
1386 2827 1506 2857 modum
1522 2837 1579 2865 quo
1593 2837 1635 2858 res
1646 2824 1766 2857 confieri
1782 2825 1867 2863 possit
1882 2823 2103 2862 promtiffimum
2130 2823 2275 2862 suggerere
2299 2823 2362 2862 pla-

1302 2865 1404 2902 cuerit)
1425 2866 1541 2896 interim
1558 2874 1672 2902 tamen,
1690 2866 1727 2894 ne
1743 2864 1842 2895 mutila
1854 2864 1887 2894 sit
1900 2863 1955 2893 hac
1970 2871 2045 2900 parte
2059 2861 2182 2900 Oratio,
2197 2861 2299 2893 Officii
2315 2864 2362 2893 vi-

1302 2904 1383 2934 detur
1395 2927 1404 2942 ,
1423 2905 1490 2942 quid
1505 2915 1567 2935 mea
1582 2904 1729 2935 Sententia
1742 2902 1812 2933 ferat
1827 2912 1858 2933 ut
1880 2902 2066 2939 patefaciam,
2093 2906 2232 2931 iunssturus
2253 2900 2362 2938 aliquid

1303 2942 1339 2972 de
1354 2942 1494 2973 consuetis
1508 2944 1541 2973 ὅ(
1556 2943 1668 2980 pridem
1683 2941 1798 2979 usitatis,
1819 2949 1953 2978 quatenus
1970 2940 2039 2970 huic
2055 2938 2155 2970 Causae
2169 2943 2361 2971 commodare

1306 2982 1423 3018 poterit:
1443 2982 1527 3020 igitur
1545 2982 1564 3011 si
1576 2981 1693 3018 Judices
1707 2980 1940 3011 extraordinarios
1960 2978 2006 3008 seu
2025 2977 2245 3010 Commiisarios
2265 2980 2363 3017 Mast-

1305 3019 1374 3058 [lati
1388 3027 1444 3049 tuae
1460 3020 1524 3051 dare
1541 3020 1648 3058 placet,
1667 3018 1740 3049 haud
1753 3018 1781 3048 id
1795 3018 1912 3056 quidem
1927 3018 1977 3048 abs
1995 3027 2023 3048 re
2037 3016 2109 3054 fuit,
2127 3016 2174 3046 sed
2189 3017 2363 3047 tameniniis

1308 3059 1435 3089 creandis
1455 3059 1555 3096 respici
1579 3059 1684 3096 velim,
1705 3067 1765 3088 non
1787 3059 1820 3087 ad
1845 3066 1940 3087 meam
1961 3054 2113 3086 Personam
2135 3064 2184 3092 per
2203 3055 2246 3092 se,
2264 3064 2365 3086 verum

1308 3097 1399 3136 magis
1413 3105 1443 3126 ut
1460 3099 1532 3128 ratio
1548 3096 1705 3136 Dignitatis
1722 3095 1827 3132 Regiae
1841 3093 2109 3131 habeatur,&sicut
2120 3093 2149 3122 in
2158 3093 2252 3124 Dania
2267 3102 2367 3124 exem-

1309 3135 1359 3203 plo
1374 3136 1503 3173 praeitum
1513 3158 1522 3173 ,
1540 3137 1588 3166 ubi
1594 3149 1604 3174 5
1622 3137 1650 3165 in
1665 3136 1806 3165 honorem
1821 3133 2012 3163 Serenissimae
2028 3130 2188 3172 Mayestatir
2199 3139 2272 3170 tuae,
2291 3131 2364 3163 Duo

1323 3174 1440 3204 'rimarii
1458 3176 1486 3204 in
1500 3174 1610 3212 Regno
1625 3173 1707 3211 Viri,
1730 3171 1845 3203 Illustris
1868 3169 2007 3207 Magister
2029 3169 2127 3200 Palatii
2148 3169 2366 3210 Valkendorfius,

1309 3212 1342 3242 &
1367 3212 1542 3249 amplissimis
1560 3211 1748 3242 Cancellarius
1768 3209 1883 3249 Frifiur,
1902 3209 1936 3240 ad
1959 3208 2144 3239 noviii'imam
2163 3209 2282 3239 Causam
2303 3208 2367 3238 An-

1311 3250 1419 3289 glicam
1441 3250 1503 3280 sunt
1525 3249 1660 3287 adhibiti,
1687 3250 1720 3280 δε
1736 3247 1799 3279 alias
1823 3247 1944 3286 ejuidem
1962 3247 2079 3278 Ordinis
2093 3248 2154 3285 alii,
2169 3247 2268 3278 talium
2283 3247 2364 3277 enirn

1313 3288 1450 3318 Virorum
1467 3289 1643 3326 Auctoritas,
1659 3288 1707 3318 hic
1726 3289 1812 3318 etiam
1826 3288 1971 3325 requiritur
1987 3286 2098 3323 multis,
2118 3296 2172 3317 nec
2194 3286 2209 3315 ἐι
2232 3295 2280 3315 me
2301 3295 2366 3316 me-

1314 3327 1474 3364 morandis,
1489 3326 1524 3356 de
1537 3325 1632 3356 Causis
1641 3349 1650 3364 ,
1669 3325 1764 3363 postea
1778 3326 1848 3356 nihil
1864 3335 1937 3356 vetat
1950 3324 2017 3355 alios
2032 3334 2163 3361 praeterea
2174 3322 2301 3363 Justiciae
2310 3323 2366 3354 Pa-

1314 3367 1353 3396 cis
1369 3367 1400 3396 &
1419 3364 1596 3395 Concordiae
1610 3373 1733 3395 amantes
1747 3365 1878 3403 adjungi,
1896 3363 2012 3394 Deinde
2027 3362 2096 3393 Reis
2111 3364 2146 3393 ad
2154 3371 2262 3392 certum
2272 3361 2365 3391 Diem

1315 3405 1344 3433 in
1357 3403 1406 3441 jus
1418 3405 1542 3440 vocatis,
1559 3413 1595 3433 eo
1609 3403 1701 3441 lapso,
1719 3403 1775 3433 sine
1790 3412 1868 3432 mora
1881 3402 2025 3433 Sententia
2040 3402 2055 3431 {i
2073 3400 2224 3439 Judicibus
2244 3400 2366 3437 feratur,

1316 3451 1346 3472 ut
1360 3443 1391 3471 iis
1405 3443 1648 3481 comparentibus,
1667 3441 1712 3471 vel
1725 3452 1784 3472 non
1798 3441 1965 3481 Negotium
1979 3439 2065 3470 semel
2080 3438 2220 3476 firmatur,
2233 3447 2288 3468 nec
2298 3446 2366 3474 pro-

1315 3480 1347 3510 sit
1364 3481 1502 3522 amplius,
1519 3480 1584 3520 post
1601 3481 1671 3511 tanti
1685 3481 1822 3518 temporis
1835 3479 2001 3516 decursum,
2019 3477 2108 3515 aliqua
2129 3476 2196 3507 fieta
2216 3476 2250 3506 &
2265 3475 2370 3506 frivola

1317 3521 1475 3558 excusatio,
1494 3529 1580 3557 quam
1595 3518 1741 3549 Homines
1763 3519 1875 3557 Injuriae
1896 3514 2059 3548 manifestos
2077 3522 2224 3552 appareat,
2243 3513 2369 3544 frustrari

1318 3557 1438 3586 Actores
1451 3560 1485 3589 &
1497 3558 1611 3595 Judices
1626 3558 1739 3588 tantum
1760 3561 1774 3575 ⁸*
1792 3557 1886 3594 velle,
1909 3555 1954 3586 sed
1973 3554 1993 3584 fi
2008 3551 2063 3591 qua
2085 3554 2179 3583 fronte
2200 3552 2302 3590 aliquid
2316 3563 2366 3584 ne-

1317 3603 1382 3634 gare
1396 3594 1530 3633 audeant,
1544 3604 1589 3626 aut
1604 3596 1758 3634 quidquam
1772 3596 1901 3635 excipere
1914 3593 2051 3629 habeant,
2067 3590 2146 3630 quod
2161 3590 2320 3621 Adtionetn
2335 3601 2367 3622 e-

1316 3634 1401 3672 lidat,
1415 3634 1463 3673 ipsi
1473 3635 1586 3672 judicio
1599 3636 1626 3665 se
1642 3634 1749 3674 sistant,
1771 3635 1818 3665 vel
1835 3643 1884 3670 per
1898 3631 2097 3662 Procuratores
2108 3629 2165 3659 hoc
2178 3637 2278 3667 agant,-
2289 3639 2367 3667 quae-

1318 3682 1443 3710 cunique
1464 3682 1558 3703 autem
1580 3675 1616 3704 ita
1637 3674 1821 3711 pronunciata
1839 3671 1921 3701 fuerit
1936 3668 2098 3705 Sententia,
2120 3677 2152 3697 ea
2166 3666 2280 3704 Scripto
2295 3669 2367 3699 mihi

1317 3711 1471 3749 subsignata
1485 3712 1778 3750 communicetur,ne
1792 3708 1933 3740 retraetari
1947 3706 1993 3737 vel
2005 3707 2076 3735 inter
2116 3705 2165 3736 lari
2177 3706 2262 3745 possit
2269 3727 2280 3744 ,
2292 3716 2367 3738 neve

1317 3748 1485 3778 Adversariis
1499 3759 1561 3787 quae
1578 3753 1708 3781 continet
1726 3758 1825 3788 negare
1837 3747 1936 3783 liceat,
1950 3745 2021 3787 sicut
2030 3743 2063 3774 &
2098 3745 2235 3774 ententias
2251 3746 2367 3784 iamprr-

1317 3787 1384 3817 dem
1404 3788 1469 3817 latas
1486 3797 1519 3817 ex
1542 3787 1661 3819 Tabulis
1681 3789 1801 3826 publicis
1811 3785 1972 3822 exscriptas,
1992 3781 2090 3825 itidem
2113 3782 2162 3812 sub
2179 3782 2282 3820 Sigillo
2295 3783 2368 3814 mihi

1317 3826 1442 3855 exhiberi
1455 3826 1541 3856 velim
1552 3849 1561 3864 ,
1575 3836 1640 3856 nam
1655 3827 1687 3858 ea
1699 3827 1809 3857 ratione
1825 3822 1976 3854 ostendero
1991 3819 2086 3858 Regio
2105 3819 2218 3851 Officio
2236 3822 2252 3851 a
2265 3830 2313 3852 me
2324 3820 2365 3851 sa-

1318 3864 1484 3903 tisfaetum3
1506 3864 1627 3902 denique
1640 3888 1650 3903 ,
1664 3867 1702 3895 ne
1717 3866 1806 3895 inanis
1817 3862 1850 3893 fit
1862 3858 2070 3895 Sententia‚fiat
2092 3858 2258 3890 auetoritate
2272 3862 2326 3889 Ma
2333 3859 2367 3888 'e-

1315 3901 1395 3941 statis
1410 3909 1466 3932 tuae
1480 3905 1626 3940 executio,
1639 3912 1669 3933 ut
1685 3903 1703 3933 si
1718 3903 1757 3933 rei
1769 3900 1907 3932 Gonviffi
1921 3899 1955 3929 &
1984 3895 2179 3941 Condemnati
2206 3907 2300 3937 parere
2335 3907 2370 3928 u-

1317 3942 1396 3971 dicio
1411 3941 1538 3971 recusent
1551 3950 1596 3971 aut
1608 3941 1763 3972 satisfacere
1777 3935 2095 3975 detrectent,1egitrmis
2109 3937 2218 3974 modis,
2229 3937 2295 3974 puta
2311 3936 2369 3966 Bo-

1317 3989 1421 4009 norum
1442 3979 1634 4018 Addictione,
1654 3982 1683 4010 in
1702 3977 1909 4009 Poffeffionern
1932 3973 2077 4012 mistione,
2099 3982 2148 4004 aut
2169 3975 2254 4005 etiam
2269 3974 2367 4005 Bono-

1317 4027 1381 4049 rum
1396 4016 1603 4056 Proscriptione
1616 4026 1773 4058 cogantur,
1789 4013 1949 4054 hujusmodi
1964 4013 2130 4051 enimvi‘is,
2138 4012 2185 4045 vel
2195 4013 2255 4045 aliis
2266 4014 2297 4057 iri
2311 4011 2375 4080 llic*

2279 4058 2327 4081 inc
2349 4058 2379 4082 {2

2382 3560 2403 3581 *¹
2427 3563 2511 3594 XVI.

2417 3610 2454 3640 35
2454 3610 2485 3638 9·
