2557 4279
760 150 876 192 ET
960 153 1231 196 ACTA
1313 155 1800 209 PUBLICA.
2291 195 2370 234 149

71 226 197 298 Affi?
210 228 351 299 {uffi-{ieizs
364 229 573 300 fuerii'JUdiCis)
595 232 809 304 Univerfitatisf
825 236 870 268 vel
889 237 1102 285 intolerabiliter
1123 239 1196 279 negli
1215 250 1265 283 eris
1300 242 1334 272 δε
1354 241 1576 285 Dispositionem
1597 248 1792 282 Maneriorum
1804 253 1956 287 Terrarum
1972 257 2221 293 Tenementorum
2234 265 2267 294 ὃς
2284 266 2341 296 He
2376 267 2436 296 Anu
2459 268 2492 297 D

78 278 770 352 ,εγωὲὲῗῗῗῑέῑειὲῗῗυῑῗιῗᾳὲεὲῗὲᾶἳιῧέἕὲἳ
788 278 1268 354 ἐῗοῗὲἇῖὲἒξὲῗεέιῗιῖἷἐἕέἑιιωὲῗ
1305 279 1557 314 ¹⁶d¹t²¹¹¹e¹¹s⁰fflm
1586 296 1639 323 ΨΟ
1664 288 1882 323 Manus-’mm
1904 296 2046 329 dierorum
2075 300 2264 332 1³10feff0mm
2296 306 2314 334 11
2335 317 2350 336 e
2397 292 2501 337 1⁶20!

21 1001 27 1016 ²
57 997 77 1018 0
90 999 188 1030 XVII.

58 1046 119 1066 221.

207 355 244 375 ne
260 354 389 382 remota,
409 345 533 383 plenarie
549 351 724 387 committo,
739 351 756 380 a
770 350 817 381 sua
838 353 983 389 abjiciatur
1002 354 1179 386 Profeffione
1203 355 1260 385 fine

206 383 407 430 spexregretlsis
421 392 468 414 aut
484 383 646 428 Commodi
667 389 783 428 alicujus
806 389 944 421 ulterioris
967 395 1162 431 perceptione:
1182 393 1262 431 quod

208 425 229 452 fi
242 422 347 459 senio,
367 421 480 466 Morbo
494 424 647 468 diuturno,
663 435 710 457 aut
724 429 869 458 incurabili
885 428 1057 466 Impotentia
1081 440 1129 462 aut
1150 430 1261 462 Debili-

207 469 261 492 tate
277 459 414 504 Corporis
430 461 476 491 vel
491 462 589 493 Animi
604 464 707 496 fraetus
723 467 778 495 suae
790 465 978 505 Profeffioni,
997 468 1088 500 modo
1112 471 1145 499 &
1165 469 1260 502 forma

205 499 386 537 supradietis,
406 500 584 538 perficiendae
607 513 668 533 non
690 502 846 542 suffecerit,
862 506 1012 543 abrogetur
1034 507 1058 536 ei
1076 506 1259 539 Profeffionis

203 539 317 582 Munus
330 549 378 577 per
392 538 630 578 Universitatem,
647 542 706 572 hoc
723 550 820 572 tamen
833 542 963 573 adhibito
986 543 1207 584 Moderamine‚
1227 555 1258 577 ut

201 577 259 616 illi,
281 580 318 607 iic
333 581 351 608 a
366 577 551 608 Profeffionis
568 588 684 610 munere
700 590 758 610 non
773 580 819 609 sua
833 580 915 619 culpa
931 581 1053 612 admiii'o
1063 605 1073 620 ,
1091 583 1110 612 fi
1127 591 1258 622 tempore

205 615 388 647 Profeffionis
398 617 454 646 suae
467 616 639 647 laudabiliter
651 617 677 646 se
689 618 816 656 gestent,
831 628 923 656 neque
937 619 1001 649 alias
1016 620 1065 649 fibi
1085 620 1121 650 de
1142 623 1257 659 proprio

203 655 239 685 ad
259 655 384 686 valorem
404 662 510 685 centum
525 655 676 685 Librarum
693 658 838 685 annuatim
855 657 998 694 provisum
1013 658 1085 695 fuit,
1102 660 1180 689 tertia
1193 661 1259 690 Pars

205 693 337 730 stipendii
355 703 494 724 remaneat
513 694 599 730 usque
616 693 650 723 ad
670 693 804 724 Mortem
824 693 899 725 suam
913 718 922 733 ,
947 695 1112 734 reliquisque
1137 698 1260 734 partibus

203 731 356 762 Successor
382 733 414 763 sit
438 732 566 770 tantisper
590 741 765 770 contentus,
788 732 931 773 integrum
955 734 1020 772 post
1048 745 1105 774 ejus
1123 734 1257 768 Mortem

202 779 394 810 percepturus.

243 850 290 878 De
306 855 398 878 annuo
411 848 537 884 computo
546 855 598 885 per
611 845 863 877 Vicecancellarium
869 845 1016 886 faciendo.
1037 844 1075 882 ὠ
1092 848 1125 879 de
1138 849 1214 891 Ctsta

315 907 317 909 ,
533 884 738 915 Mathematica
750 885 926 925 instituenda.

239 962 348 993 ITEM
367 960 502 999 Ordine,
527 969 560 992 ut
577 961 607 991 in
627 962 698 992 Fine
718 961 796 992 Anni
814 963 924 1000 quoties
943 961 1198 994 Vicecancellarius
1215 972 1259 994 ra-

203 1001 313 1032 tionem
331 999 483 1030 reddiderit
503 998 685 1031 Universirati
702 999 738 1030 de
756 1000 1008 1031 Administratione
1026 1001 1045 1021 ²*
1064 1001 1112 1033 sua
1130 1003 1160 1032 in
1179 1002 1258 1032 Offi-

198 1040 248 1070 cio
269 1038 514 1076 Vicecancellarii,
530 1048 630 1068 coram
641 1038 738 1069 iisdem
752 1038 954 1078 Auditoribus‚
971 1040 1152 1079 praesentibus
1162 1041 1254 1071 ,etiarn

199 1076 412 1107 Profefforibus
433 1076 573 1107 ambobus
598 1077 718 1108 brevem
741 1077 840 1109 reddat
862 1077 1048 1116 Computum
1065 1079 1101 1109 de
1118 1077 1254 1117 Receptis

198 1117 233 1148 ὃς
253 1114 383 1153 Expenfis
400 1117 502 1146 virtute
519 1116 602 1154 hujus
621 1115 817 1146 Fundationis·
845 1115 886 1147 Et
902 1116 923 1146 fi
943 1117 1028 1155 quid,
1047 1116 1201 1154 Computo
1219 1116 1253 1147 fi-

195 1156 277 1192 nito,
294 1154 426 1193 supererit
443 1154 650 1192 Pecuniarum,
674 1154 720 1185 vel
736 1163 772 1185 ex
788 1139 987 1185 V'acationibus
1005 1156 1051 1186 vel
1070 1165 1104 1186 ex
1121 1155 1253 1186 Multati-

194 1192 233 1224 tia
253 1192 378 1223 Pecunia
393 1215 402 1231 ‚
429 1193 475 1224 vel
493 1191 546 1223 alia
565 1192 738 1230 quacunque
755 1193 792 1223 de
807 1192 906 1230 causa,
932 1194 962 1223 in
980 1193 1090 1231 speciali
1106 1193 1189 1224 Cista
1206 1204 1251 1224 re-

193 1240 316 1269 ponatur
331 1253 341 1269 ,
368 1241 433 1269 quae
459 1230 540 1261 Cista
563 1229 771 1262 Mathematica
793 1231 973 1270 appellabitur
987 1254 998 1269 ,
1023 1233 1058 1263 ad
1083 1232 1143 1263 usus
1166 1232 1250 1264 hu'us

194 1269 382 1301 Fundationis
400 1269 554 1308 explicand.
572 1270 606 1300 &
624 1279 687 1300 non
705 1269 787 1307 alios;
815 1278 845 1300 ut
863 1278 945 1308 puta,
972 1269 1178 1302 Defensionem
1226 1273 1250 1302 i-

193 1309 284 1347 tium,
303 1309 322 1338 fi
341 1318 405 1346 quae
424 1309 590 1346 inciderint,
605 1308 889 1346 Transportationem
906 1308 1250 1347 Reddituum,Sumptus

193 1346 366 1377 Vifitarionis
384 1347 537 1377 Terrarum
557 1347 667 1385 quoties
684 1357 756 1384 opus
775 1346 876 1384 fuerit,
894 1346 1122 1378 Confecstionem
1140 1347 1247 1378 Instru-

192 1394 360 1417 mentorum
375 1385 664 1423 Astronomicorum,
687 1385 927 1423 Praeparationem
947 1385 1023 1416 Loci
1041 1396 1094 1423 pro
1111 1384 1248 1417 Coelesti-

193 1425 245 1456 bus
269 1424 524 1455 Observationibus
542 1425 575 1454 &
596 1424 648 1454 alia
667 1424 820 1454 incidentia
841 1424 917 1454 circa
935 1423 1010 1454 hanc
1035 1424 1059 1453 F
1061 1424 1246 1455 undationem

190 1473 259 1500 quae
269 1464 350 1492 facile
362 1464 500 1493 numerari
513 1472 573 1492 non
587 1461 719 1499 possunt,
738 1461 809 1492 nihil
821 1463 897 1493 enim
912 1463 1021 1499 penitus
1032 1462 1166 1494 volumus
1176 1462 1248 1493 Pro-

189 1501 340 1532 fefforibus
354 1502 390 1530 de
402 1500 553 1538 Stipendiis
563 1500 618 1531 ulla
630 1508 665 1531 ex
679 1500 761 1531 causa
773 1500 932 1530 detraerum
940 1524 950 1538 ‚
970 1500 1021 1530 nisi
1031 1501 1101 1531 cum
1115 1500 1166 1531 alia
1179 1511 1246 1531 orn-

188 1541 234 1569 nia
252 1539 380 1569 Subfidia
396 1539 430 1568 &
449 1538 632 1569 Adminicula
649 1537 824 1577 defecerint,
848 1548 941 1575 neque
958 1538 1018 1575 spes
1034 1539 1117 1570 subsit
1134 1539 1244 1570 aliunde

189 1577 266 1608 hisce
285 1577 479 1607 incommodis
493 1576 646 1614 medendi,
663 1585 711 1607 aut
728 1576 866 1616 Sumptus
883 1576 1006 1607 fortuito
1022 1577 1177 1608 incidentes
1189 1576 1246 1608 sus-

189 1615 307 1648 tinendi.

241 1695 286 1722 De
298 1694 427 1722 Licentia
444 1690 538 1721 danda
553 1688 744 1759 Ρνιῇεβόνίἷῗξ
751 1699 802 1737 pro
821 1691 963 1733 Abfintia
973 1690 993 1722 ὰ
1005 1692 1194 1722 conventibus

659 1738 696 1769 pu
724 1740 780 1760 ms.

224 1806 366 1839 Praeterea
384 1815 499 1845 aequurn
517 1806 636 1843 censeo,
655 1805 675 1836 fi
694 1806 731 1837 ita
749 1806 891 1837 videbitur
907 1806 1110 1845 Univerfitati,
1134 1815 1166 1838 ut
1182 1807 1242 1838 Sti-

184 1845 316 1885 pendiola
342 1845 386 1874 illa
401 1867 411 1882 ,
440 1854 504 1882 quae
522 1846 596 1882 prius
617 1851 737 1882 quatuor
755 1845 943 1876 Ledrionibus
962 1844 1107 1876 ordinariis
1125 1846 1153 1876 in
1173 1849 1242 1876 Ma-

186 1884 258 1924 thefi
274 1884 360 1914 tribui
377 1883 504 1914 solebant
525 1884 609 1921 (quas
629 1882 693 1921 post
710 1883 785 1913 hanc
806 1883 1016 1914 Fundationern
1031 1884 1139 1921 prorsus
1153 1884 1241 1915 ceffa-

180 1933 214 1953 re
237 1922 317 1960 poste
333 1921 453 1960 judico)
480 1921 624 1959 aequaliter
642 1920 717 1952 hisce
736 1920 946 1953 Professoribus
964 1922 1180 1962 distribuantur,
1205 1923 1238 1954 &

184 1969 218 1992 ut
233 1969 332 1991 neuter
352 1959 564 1998 Professorum,
583 1960 774 1998 cujuscunque
790 1960 875 1991 fuerit
894 1959 1028 1998 Gradus,
1054 1970 1178 1992 teneatur
1196 1962 1241 1992 in-

183 2000 284 2032 teresse
303 1998 583 2037 Congregationibus
602 2007 648 2028 aut
667 1997 937 2031 Convocationibus
954 2007 1002 2030 aut
1020 1999 1077 2030 aliis
1103 1998 1242 2030 Conven-

184 2039 262 2070 tibus
288 2037 488 2069 Univerfitatis
515 2036 667 2076 (religiosis
692 2037 803 2068 tantum
830 2038 970 2076 exceptis)
998 2038 1049 2069 nifi
1077 2047 1131 2077 pro
1154 2037 1240 2070 libito

183 2077 244 2108 suo.

479 2155 554 2184 Finis
569 2151 607 2189 ὠ
620 2151 753 2193 Conclufio
766 2155 949 2183 statutorum.

221 2229 284 2261 Has
297 2229 503 2261 Ordinationes
519 2229 552 2260 &
568 2228 675 2260 Statura
687 2228 812 2260 decerno
825 2230 962 2269 perpetuis
986 2229 1086 2261 futuris
1105 2233 1242 2270 tempori-

182 2269 448 2300 bus-inviolabiliter
464 2267 622 2305 observari,
641 2267 778 2299 reservata
791 2275 886 2298 tamen
903 2268 974 2298 mihi
989 2269 1124 2306 potestate
1137 2270 1243 2301 adden-

185 2308 215 2338 di
229 2307 391 2338 detrahendi
408 2307 454 2337 vel
471 2306 597 2336 mutandi
611 2316 660 2344 ea,
677 2306 724 2336 vel
737 2306 858 2344 aliquam
879 2306 947 2337 inde
970 2307 1154 2348 particulam,
1172 2318 1241 2340 cum

184 2347 319 2378 consensu
336 2345 553 2383 UniverlitatiS‚
569 2345 687 2376 durante
699 2344 758 2376 vita
773 2345 837 2376 mea
851 2345 977 2376 naturali.

220 2423 451 2460 Etnihilominus
464 2420 614 2459 praedi&us
624 2423 756 2452 Henricus
766 2420 861 2451 Savile
873 2421 1074 2454 Ordinationes
1088 2423 1240 2454 Constitu—

181 2463 275 2493 tiones
288 2462 466 2494 Provifiones
477 2460 512 2490 &
525 2460 631 2491 Statura
644 2460 690 2490 sua
705 2459 839 2497 praedicta
853 2460 945 2490 noluit
958 2461 1049 2492 valida
1062 2462 1120 2492 effe
1132 2463 1177 2493 vel
1200 2463 1242 2493 ef-

182 2500 279 2531 ficacia
300 2500 457 2540 priusquam
478 2498 523 2528 illa
537 2498 656 2537 Judicio
676 2498 774 2528 nostro
790 2497 892 2536 Regali
905 2499 1064 2537 subjecerit,
1083 2510 1116 2530 ac
1133 2500 1240 2531 Licen-

180 2540 250 2570 tiam
266 2539 569 2577 Approbationemque
582 2537 708 2567 nostram
722 2538 827 2575 regiam
841 2537 1014 2575 obtinuerit,
1030 2538 1099 2568 Nos
1114 2538 1240 2570 Officio-

179 2577 241 2608 sum
255 2578 335 2615 ipsius
349 2578 463 2607 Henrici
474 2575 573 2605 Savile
590 2585 654 2612 erga
670 2575 742 2605 Nos
756 2574 909 2613 affedium,
927 2584 960 2606 ac
976 2577 1089 2607 bonum
1103 2576 1238 2609 laudabile

177 2616 212 2647 ὃ(
226 2617 307 2654 pium
322 2624 386 2654 erga
399 2615 488 2644 bonas
504 2613 610 2645 Literas
625 2613 784 2644 institutum
794 2637 803 2652 ‚
818 2614 1039 2653 considerantes,
1058 2614 1161 2646 eisdem
1178 2616 1235 2646 Or-

176 2654 367 2685 dinationibus
388 2651 601 2683 Provifionibus
621 2651 883 2683 Constitutionibus
901 2653 935 2683 δε
956 2653 1070 2684 Statutis
1082 2655 1236 2692 omnibus,

177 2703 229 2732 per
245 2703 296 2724 nos
312 2691 420 2723 matura
433 2691 635 2722 deliberatione
648 2691 777 2728 inspeetis
789 2714 799 2730 ‚
818 2700 851 2721 ac
874 2701 927 2729 pro
945 2691 1024 2729 justis
1045 2693 1181 2728 legalibus
1202 2695 1235 2725 &

178 2732 336 2762 necessariis
353 2731 387 2761 ad
412 2740 485 2767 opus
507 2730 540 2759 &
555 2729 713 2760 institutum
727 2729 808 2759 suurn
823 2729 994 2767 praedic'tum
1012 2730 1235 2770 perficiendum,

178 2779 230 2808 per
247 2770 312 2801 Nos
325 2769 472 2800 intellectis
488 2768 521 2798 ὃ(
536 2768 698 2806 propensis,
717 2768 917 2806 volentesque,
935 2778 1072 2806 quantum
1085 2770 1114 2799 in
1135 2770 1235 2801 Nobis

177 2808 236 2846 est,
251 2819 284 2840 ea
296 2809 395 2839 omnia
413 2808 446 2837 &
466 2806 571 2845 singula
588 2816 651 2845 quae
673 2806 827 2838 Scientiam
850 2808 884 2838 &
906 2807 1100 2845 Dominam,
1117 2808 1152 2838 ad
1174 2809 1234 2840 Dei

178 2846 394 2886 omnipotentis
407 2845 556 2883 Gloriam,
570 2846 604 2876 &
618 2844 799 2881 Reipublicae
816 2844 1008 2883 Beneficium,
1025 2848 1158 2884 ampliare
1181 2858 1235 2886 po-

177 2886 278 2924 terint,
294 2893 488 2922 promovere,
517 2892 551 2913 ex
572 2883 671 2913 Gratia
690 2882 786 2925 nostra
805 2883 932 2922 speciali,
958 2893 1035 2915 certa
1055 2885 1177 2916 Scientia
1200 2888 1233 2918 δε

178 2933 262 2954 mero
283 2923 371 2954 Motu
394 2922 512 2958 nostris,
537 2931 639 2951 omnes
661 2921 694 2951 δε
718 2920 835 2962 lingulas
859 2923 1005 2959 praediC'cas
1030 2922 1233 2955 Ordinationes

177 2960 404 2992 constitutiones
417 2959 593 2990 provisiones
607 2960 715 2989 Statura
728 2960 760 2990 &
775 2960 916 2991 Articulos
929 2960 1050 2998 superius
1065 2963 1094 2992 in
1116 2963 1233 3000 praesen-

175 3001 250 3031 tibus
264 3000 450 3030 mentionatas
463 2999 496 3029 &
510 2998 654 3035 recitatam,
670 3006 703 3027 ac
719 3007 767 3036 per
784 2999 933 3035 praefarutn
953 3002 1121 3038 Henricusn,
1140 3001 1177 3031 sic
1200 3009 1231 3032 ut

174 3038 342 3077 praefertur,
360 3036 461 3073 factm,
479 3045 532 3073 pro
545 3035 645 3066 Nobis
659 3034 829 3067 Haeredibus
843 3038 876 3068 &
889 3038 1101 3069 successoribus
1114 3039 1232 3077 nostris,

171 3076 343 3108 ratificamus
362 3075 549 3112 approbamus
570 3074 603 3104 &
625 3073 831 3105 confirmamus
851 3085 900 3113 pei·
923 3075 1090 3114 Praesentes,
1115 3088 1231 3109 necnon

172 3125 228 3154 pro
242 3114 342 3146 Nobis
357 3112 526 3144 Haeredibus
544 3113 578 3144 &
598 3111 811 3143 Successoribus
835 3113 950 3151 nostris,
967 3115 1155 3146 concedimus
1177 3116 1230 3147 sta-

173 3154 278 3186 tuimus
291 3153 325 3184 δε
337 3151 540 3183 confirmamus
556 3161 604 3194 per
619 3150 782 3191 Praesentes,
805 3152 885 3190 quod
901 3152 1044 3190 praedietae
1064 3153 1231 3185 Ordinatio-

171 3203 222 3225 nes
236 3190 467 3223 Constitutiones
482 3189 662 3219 Proviiiones
676 3189 784 3222 Statura
798 3190 832 3221 &
851 3190 975 3223 Articuli
991 3191 1027 3223 de
1052 3202 1158 3225 caetero
1174 3194 1228 3224 im-

170 3231 342 3270 perpetuum
358 3229 410 3260 fint
424 3229 457 3259 &
471 3235 569 3266 erunt,
587 3228 767 3260 habebuntur
781 3229 815 3260 &
835 3228 965 3268 stabunt,
982 3229 1089 3262 Statura
1109 3233 1143 3264 &
1166 3231 1226 3262 Or-

171 3270 332 3301 dinationes
355 3277 408 3306 pro
433 3265 549 3297 meliore
569 3265 724 3305 Regimine
744 3266 936 3300 Ordinatione
947 3268 1171 3301 Gubernatione
1193 3272 1227 3303 &

173 3308 349 3340 Direffionc
356 3305 490 3337 omniurn
504 3314 600 3335 rerum
616 3306 644 3335 in
653 3306 770 3337 &circa
782 3307 1027 3338 continuationem
1040 3308 1226 3341 Ledrurarum

193 3346 373 3378 raediftarum
390 3367 400 3383 ,
423 3353 456 3374 ac
475 3342 674 3373 Profefforum
692 3345 862 3375 eorumdem
879 3367 889 3383 2
909 3355 944 3376 ac
963 3356 1016 3383 pro
1033 3345 1228 3385 Dispositione

209 3386 370 3417 aneriorum
397 3382 554 3412 Terrarum
577 3383 611 3412 δε
635 3380 886 3414 Tenementorum
909 3383 945 3415 ad
970 3384 1048 3415 Usus
1073 3386 1227 3423 praedietos

165 3424 328 3456 dandorum
348 3424 381 3454 &
396 3419 648 3451 concedendorum
663 3442 673 3458 ,
697 3420 734 3451 de
752 3430 885 3458 tempore
902 3423 932 3452 in
949 3431 1059 3461 tempus
1076 3424 1229 3456 observan-

168 3463 205 3494 da
232 3463 267 3494 &
291 3458 483 3500 perimplenda
499 3481 507 3495 ‚
531 3467 565 3488 ac
583 3458 668 3489 etiam
683 3458 770 3490 dietas
786 3458 988 3491 Ordinationes
1006 3463 1039 3493 δε
1060 3462 1167 3494 Statura
1184 3465 1227 3495 se-

168 3500 298 3532 cundnm
317 3508 415 3531 veram
430 3497 621 3528 intentionem
639 3497 803 3528 earumdem
817 3508 850 3529 ac
869 3499 1020 3530 Terrorem
1040 3499 1224 3534 Praesentium

166 3538 364 3570 inviolabiliter
381 3535 519 3567 observari
538 3534 673 3566 volumus
697 3537 877 3572 praecipimus
901 3538 935 3568 &
961 3538 1145 3577 mandamus,
1174 3541 1225 3573 sub

166 3578 256 3615 poena
274 3576 475 3616 indignationis
494 3573 582 3604 nostri
601 3572 761 3604 Haeredum
780 3575 814 3604 &
831 3574 1033 3607 Succefforum
1049 3577 1225 3619 nostrorum,

167 3617 202 3648 &
219 3615 270 3646 sub
287 3615 382 3653 poenis
399 3616 427 3644 in
444 3612 547 3643 eisdem
566 3611 802 3643 Ordinationibus
818 3613 851 3643 &
870 3612 982 3645 Statutis
999 3617 1148 3647 contentis.

200 3653 346 3685 Volumus
359 3661 472 3689 tamen,
497 3661 531 3682 ac
549 3660 600 3689 per
615 3649 785 3688 Praesentes‚
809 3660 863 3688 pro
882 3651 981 3683 Nobis
998 3652 1169 3685 Haeredibus
1188 3657 1222 3689 ὃς

167 3690 380 3723 Successoribus
399 3690 519 3727 nostris,
542 3688 730 3720 concedimus
748 3690 865 3727 praefato
883 3691 1002 3722 Henrico
1019 3692 1117 3723 Savile
1132 3716 1142 3731 ,
1164 3694 1224 3732 ple-

167 3738 234 3761 nam
252 3729 423 3761 Potestatern
442 3730 475 3760 ὃ(
494 3728 705 3759 Aurhoritatetn
717 3751 734 3771 ι,
758 3728 838 3765 quod
858 3729 914 3765 ipse
928 3751 937 3767 ,
962 3729 1082 3762 durante
1100 3730 1159 3762 viti
1176 3733 1223 3765 su&⁴

166 3768 297 3806 naturali,
315 3769 397 3800 faciat
415 3768 450 3799 &
468 3767 560 3797 facere
577 3767 610 3798 &
628 3765 803 3796 constituere
822 3766 911 3797 valeat
928 3768 963 3798 &
999 3769 1080 3808 offit,
1097 3770 1134 3801 de
1147 3778 1222 3801 tem-

164 3815 234 3843 pore
250 3806 278 3835 in
295 3815 423 3844 tempus,
441 3815 484 3837 tor
502 3813 578 3836 tanta
597 3804 659 3835 talia
677 3804 710 3835 &
725 3804 888 3842 hujusmodi
907 3806 957 3837 alia
973 3814 1081 3839 otatuta
1098 3808 1223 3840 Ordina-

167 3845 256 3875 tiones
270 3843 304 3873 &
321 3843 549 3875 Constitutiones
568 3845 596 3873 in
615 3842 808 3880 Scriptis‚tam
826 3852 879 3880 pro
894 3844 928 3874 &
947 3847 1148 3877 concernentia
1167 3848 1223 3878 bo-

164 3891 237 3912 num
255 3880 396 3919 Regimen
412 3882 660 3913 Gubernationem
677 3880 878 3913 Direerionem
902 3881 1081 3914 Electionem
1107 3885 1222 3916 Admis-

167 3920 276 3950 fionem
300 3920 488 3951 Amorionern
508 3920 566 3951 five
592 3918 796 3957 Expulsionem
819 3919 1017 3952 Professorum
1036 3923 1093 3954 five
1113 3923 1221 3955 Lecto-

19 3954 148 3987 *XVIL
165 3967 230 3990 rum
246 3957 449 3995 praedietorum
463 3980 474 3997 ,
494 3968 609 3990 necnon
627 3960 647 3978 *²
667 3959 869 3989 concernentia
885 3958 1030 3997 Stipendia
1048 3960 1148 3992 Salaria
1171 3962 1220 3992 Li·-

23 4003 87 4024 222.

164 3997 306 4028 beraturas
321 3995 361 4027 ¹&
380 3995 432 4026 alia
450 3997 603 4039 'necessaria
629 3997 662 4028 &
680 3997 805 4037 requisita
823 4006 877 4034 pro
894 3998 996 4029 eisdem
1013 3999 1221 4032 Profefforibus

160 4037 249 4076 quam
271 4041 473 4067 concernentia
495 4035 718 4068 Ordinationem
741 4035 992 4068 Praeservationem
1011 4037 1220 4072 Dimiffionern

1291 316 1449 350 Lee‘corum
1464 343 1474 358 ,
1499 323 1533 353 &
1552 326 1767 357 continuatione
1787 329 1970 364 Lecturarum
1990 339 2187 372 praedictarum
2202 362 2210 376 ‚
2235 342 2347 373 dando·
2370 344 2500 382 ruffam„

1297 365 1360 399 rum
1377 358 1630 403 concedendorum
1651 363 1708 406 five
1727 366 1955 402 affignandorum
1992 374 2037 405 seu
2056 385 2155 406 eorum
2175 380 2289 417 aliquod
2306 382 2350 411 vel

1294 394 1401 433 aliqua,
1426 398 1616 440 aut—aliquam
1635 401 1717 445 aliam
1738 413 1816 442 rem,
1839 409 1988 443 praeduros
2005 412 2180 445 Profeffores
2225 426 2271 447 aut
2292 417 2349 449 Le-

1296 432 1388 476 §turas
1403 434 1550 471 praeditstas
1562 459 1572 475 ‚
1597 447 1644 468 aut
1665 438 1863 473 Direfflonem
1884 446 2104 482 Ordinationeui
2124 455 2167 483 vel
2187 441 2347 487 ‘Continua-

1296 479 1405 502 tionem
1423 473 1577 505 earundem
1594 475 1780 521 Le&urarum
1798 481 1986 518 imposterum
2006 488 2100 525 aliquo
2122 493 2210 523 modo
2228 479 2348 534 ragen-

1293 516 1372 547 tem,
1391 520 1462 554 quot
1480 515 1689 558 quanta'qualia
1708 517 1741 547 δε
1759 527 1823 554 quae
1840 521 1932 550 eidem
1952 525 2082 564 Henrico,
2101 529 2216 560 durante
2231 535 2286 563 via
2301 533 2346 565 sua

1293 549 1424 586 naturali,
1443 549 1517 581 bona
1535 553 1610 595 utilia
1629 552 1730 584 idonea
1745 555 1859 587 salubria
1877 559 1909 588 ὃ(
1927 563 2073 593 neceffiiria
2093 568 2152 596 foie
2170 556 2337 603 videbintur

1292 585 1447 631 eademque
1466 598 1567 621 omnia
1586 591 1619 621 ὃς
1641 591 1744 630 singula
1762 593 1868 627 Statura
1886 597 1918 626 ὃς
1938 598 2136 633 Ordinationes
2170 606 2204 635 fic
2226 618 2255 638 ur
2276 596 2348 646 prae-f

1293 623 1380 654 fertur
1398 626 1583 671 imposterum
1599 628 1708 669 fienda,
1735 641 1852 662 necnon
1873 635 2002 670 praedidra
2022 638 2126 671 Statura
2143 629 2345 679 'Ordinationes

1293 663 1327 692 ὃς
1347 661 1575 708 Constitutiones
1593 667 1715 712 superius
1731 670 1759 699 iti
1779 671 1958 708 praesentibus
1975 677 2095 712 expressa
2114 681 2145 710 δε
2159 685 2270 715 recitati
2300 695 2346 717 aut

1292 710 1395 731 eorum
1412 703 1526 740 aliquod
1545 706 1589 736 vel
1605 707 1710 746 aliqua,
1732 717 1867 741 revocare
1885 721 1991 742 mutare
2009 713 2192 748 determinare
2211 709 2346 760 auittgrfffin-³

1292 746 1349 769 tare
1368 740 1411 770 vel
1435 741 1472 771 de
1493 751 1573 774 novo
1595 744 1706 783 facere,
1731 756 1815 782 prout
1836 749 1928 779 eidem
1952 753 2084 790 Henrico,
2107 756 2142 784 de
2165 765 2293 796 tempore
2314 764 2343 792 in

1291 784 1421 821 tempus,
1436 779 1554 811 durante
1569 782 1626 813 vita
1641 784 1686 814 sua
1701 786 1836 823 naturali,
1851 788 1950 818 melius
1963 790 2103 821 videbitur
2115 797 2255 830 expedire·
2269 800 2345 839 Qiae

1292 824 1391 861 omnia
1407 817 1441 847 &
1456 817 1562 854 singula
1575 821 1681 864 Statura
1695 823 1727 852 &
1743 824 1943 857 Ordinationes
1960 837 2009 865 per
2026 829 2174 864 praefatum
2198 822 2346 868 Heziricum

1290 852 1402 901 Savil5,
1428 854 1545 887 durante
1555 858 1620 901 *vua
1638 859 1682 891 sua
1701 863 1829 899 naturali,
1855 863 1892 894 fic
1912 873 1943 896 ut
1963 867 2108 902 praefertur
2127 868 2216 901 fienda
2262 885 2294 906 ac
2314 878 2343 907 jn

1292 889 1382 923 Curia
1404 891 1588 926 Cancellariae
1602 918 1611 934 ,
1637 907 1686 928 aut
1708 900 1741 930 ali
1766 901 1799 931 ua
1821 901 1872 931 alia
1893 902 1983 934 Curia
2004 905 2100 936 nostra
2123 897 2279 941 Haerediim
2299 915 2355 946 vel

1292 928 1496 977 Successorum
1514 934 1678 979 nostrorum
1693 937 1729 967 de
1779 939 1886 970 ecordo
1902 942 2059 981 irrotulata,
2077 945 2273 978 inviolabiliter
2292 952 2347 981 irn-

1291 976 1466 1013 perpetuum
1490 971 1630 1015 observari
1652 975 1785 1008 volumus
1808 979 1841 1008 &
1866 981 2048 1017 praecipimus
2068 982 2118 1013 sub
2136 987 2230 1021 poenis
2247 989 2279 1018 in
2298 991 2349 1020 eis-

1291 1005 1360 1035 dem
1378 1010 1557 1040 continendis
1575 1011 1608 1041 &
1625 1011 1676 1042 sub
1694 1023 1782 1058 poena
1799 1014 2000 1056 indignationis
2015 1020 2103 1051 nostri
2130 1022 2289 1055 Haeredum
2315 1028 2349 1058 &

1290 1042 1494 1088 Success'orum
1513 1048 1676 1080 nostrorum
1692 1074 1702 1088 ,
1713 1062 1765 1095 *ita
1783 1056 1864 1091 quod
1883 1056 1958 1087 dieia
1973 1057 2079 1089 Statura
2097 1061 2131 1091 ὃς
2147 1060 2351 1097 Ordinationes

1289 1090 1339 1118 per
1359 1083 1450 1127 ipsum
1467 1084 1557 1117 fienda
1574 1089 1609 1118 &
1626 1090 1837 1132 constituenda,
1854 1103 1902 1125 aut
1919 1105 2020 1126 eorum
2035 1097 2141 1137 aliqua,
2161 1109 2222 1130 non
2236 1102 2287 1132 sint
2304 1114 2349 1134 re-

1287 1128 1442 1196 RtggAEantia
1467 1124 1513 1154 vel
1538 1134 1678 1157 contraria
1705 1127 1828 1168 Legibus
1848 1133 1887 1162 '&
1912 1134 2024 1165 Statutis
2042 1136 2124 1174 hujus
2143 1137 2238 1178 Regni
2256 1141 2346 1174 nostri

1366 1170 1409 1190 iae.

1325 1196 1364 1228 Et
1391 1206 1422 1228 ut
1439 1197 1574 1242 'Intentio
1586 1202 1691 1245 'nostra
1710 1204 1740 1234 in
1759 1204 1910 1237 Praemiffis
1928 1210 2078 1242 meliorem
2097 1215 2188 1251 capiar
2205 1216 2343 1249 effeffi’cum

1286 1244 1340 1272 pro
1358 1236 1456 1267 Nobis
1474 1237 1646 1270 Haeredibus
1662 1243 1695 1272 &
1713 1242 1924 1276 Successoribus
1949 1249 2051 1279 nostris
2075 1250 2191 1283 firmiter
2216 1257 2344 1294 praecipi-

1286 1282 1348 1317 mus
1367 1275 1400 1305 &
1421 1276 1585 1321 mandamus
1602 1280 1735 1322 omnibus
1753 1282 1786 1311 ὃς
1807 1283 1916 1322 lingulis
1930 1285 2080 1323 judicibus
2094 1289 2260 1327 Justiciari'is
2285 1295 2344 1325 Of-

1285 1311 1396 1343 ficrariis
1412 1314 1454 1358 ¹&
1483 1314 1626 1360 Ministris
1648 1318 1752 1348 nostris
1777 1319 1932 1352 Haeredum
1959 1325 1992 1355 &
2016 1326 2213 1360 Successorum
2230 1332 2342 1363 nostro-

1285 1359 1349 1380 rum
1370 1352 1470 1396 quibus
1490 1356 1660 1398 pertinebit,
1685 1357 1764 1394 quod
1784 1359 1834 1395 ipsi
1852 1360 1885 1390 ὃς
1903 1371 2002 1393 eorurn
2021 1366 2152 1404 quilibet,
2181 1368 2260 1406 super
2279 1370 2342 1402 De-

1284 1389 1521 1435 monstrationem
1538 1393 1699 1431 aliquorum
1712 1395 1890 1428 Statutorum
1905 1400 1949 1429 vel
1967 1401 2188 1435 Ordinationum
2203 1408 2231 1436 in
2247 1409 2344 1447 Scrip-

1284 1435 1318 1457 tis
1336 1427 1386 1458 sub
1405 1429 1506 1463 sigillo
1528 1432 1635 1468 praefati
1653 1435 1766 1464 Henrici
1780 1435 1876 1465 Savile
1891 1437 2009 1470 durante
2024 1441 2082 1472 vita
2098 1443 2144 1474 sua
2185 1446 2340 1480 secundum

1285 1472 1414 1510 tenore-m
1433 1467 1615 1513 Praesentium
1633 1469 1812 1514 fiendorum,
1830 1474 1929 1505 eadem
1944 1479 2042 1508 omnia
2053 1480 2085 1509 ὃς
2104 1466 2205 1519 fing’ula
2218 1484 2252 1515 de
2266 1493 2341 1517 tem-

1284 1512 1354 1540 pore
1379 1515 1407 1534 in
1433 1514 1544 1545 tempus
1570 1517 1600 1538 1n
1627 1509 1719 1546 aliqua
1737 1511 1794 1541 five
1812 1512 1949 1550 aliquibus
1968 1515 2062 1547 Curiis
2077 1519 2164 1550 nostri
2182 1520 2340 1555 Haeredum

1284 1541 1545 1584 vel-Succefforum
1563 1545 1727 1577 nostrorum
1746 1549 1782 1579 de
1799 1548 1938 1582 Recordo
1962 1555 2109 1587 irrotulent
2134 1560 2177 1588 seu
2205 1561 2340 1594 irrotulari

1284 1579 1389 1611 facient
1408 1582 1442 1612 &
1459 1583 1633 1614 causabunt:
1661 1585 1698 1616 Et
1715 1587 1761 1617 hae
1779 1587 1884 1619 Literae
1903 1591 2008 1623 nostrae
2027 1593 2156 1626 Patentes
2172 1598 2215 1627 vel
2234 1598 2342 1631 Irrotu-

1284 1616 1440 1662 lamentum
1467 1622 1630 1666 earumdem
1644 1645 1654 1660 ‚
1667 1634 1759 1666 'erunt
1785 1627 1905 1663 praefatis
1917 1629 2068 1667 judicibus
2081 1633 2243 1672 justiciariis
2263 1638 2341 1669 Offi-

1284 1665 1370 1685 ciariis
1385 1659 1417 1689 ὃς
1433 1657 1570 1703 Ministris
1584 1661 1723 1693 sufficiens
1735 1665 1919 1696 Warrantum
1936 1669 1969 1699 ὃς
1980 1669 2151 1702 Exoneratio
2165 1674 2192 1702 in
2206 1685 2239 1705 ea
2252 1685 2329 1713 parte

1282 1693 1384 1734 absque
1397 1695 1523 1741 ulteriori
1538 1699 1693 1743 Warranto
1707 1701 1752 1732 vel
1770 1701 1985 1736 Commiffione
1999 1707 2035 1739 de
2047 1709 2148 1741 Nobis
2167 1701 2340 1746 Haeredibus

1279 1731 1328 1800 §gl
1347 1732 1558 1767 Succefforibus
1580 1736 1682 1768 nostris
1707 1742 1919 1778 quoquomodo
1939 1748 2122 1781 procurando
2140 1758 2187 1781 aut
2205 1753 2340 1784 obtinen-

1316 1808 1504 1856 Prqecipimus
1519 1812 1603 1856 etiarn
1618 1821 1672 1860 pro
1686 1813 1787 1859 Nobis
1804 1816 1974 1850 Haeredibus
1987 1823 2020 1853 &
2033 1822 2246 1858 successoribus
2259 1828 2339 1861 Can-

1278 1846 1394 1890 cellario
1409 1849 1552 1897 Magistris
1566 1851 1599 1893 .&
1613 1852 1797 1885 Scholaribus
1813 1855 2008 1890 Univerfitatis
2021 1860 2119 1893 Oxon.
2140 1864 2173 1894 &
2188 1865 2337 1899 Successo-

1279 1886 1355 1917 ribus
1375 1886 1445 1932 suiS,
1463 1889 1543 1927 quod
1564 1889 1633 1928 ipsi,
1652 1891 1688 1921 de
1711 1900 1842 1936 tempore
1858 1897 1886 1926 in
1901 1905 2032 1937 tempus,
2050 1909 2107 1931 tarn
2122 1905 2220 1934 omnia
2234 1907 2266 1936 ὅ(
2284 1907 2337 1938 firi-

1278 1923 1343 1963 gula
1358 1926 1495 1973 praeditsta
1509 1927 1609 1972 statuta
1621 1929 1654 1973 .&
1669 1929 1870 1976 Ordinationes
1889 1935 2014 1973 superius
2035 1939 2065 1969 in
2089 1941 2269 1977 praesentibus
2289 1954 2338 1976 ex-

1280 1962 1369 1999 pressa
1379 1974 1474 2007 ‘quam
1486 1975 1585 1997 omnia
1597 1967 1647 2012 alia
1661 1969 1766 2000 Statura
1781 1971 1814 2002 &
1828 1971 2029 2006 Ordinationes
2039 2000 2048 2013 ‚
2065 1977 2222 2010 secundum
2238 1992 2336 2014 veram

1277 2000 1474 2050 Intentionem
1493 2003 1677 2037 Praesentium
1687 2029 1696 2045 ‚
1715 2017 1765 2045 per
1781 2010 1950 2048 praedidtum
1964 2016 2109 2046 Henricum
2125 2019 2220 2050 Savile
2235 2020 2339 2053 duran-

1279 2048 1308 2070 te
1323 2049 1382 2071 vrta
1398 2041 1461 2080 sua,
1480 2042 1518 2074 fic
1536 2051 1566 2087 ut
1579 2044 1726 2082 praefertur
1738 2046 1847 2086 fienda,
1866 2050 2064 2083 inviolabiliter
2091 2064 2205 2087 teneant
2227 2059 2260 2089 &
2281 2061 2337 2090 ob-

1281 2079 1409 2122 servent,
1425 2090 1460 2111 ac
1473 2088 1559 2112 teneri
1573 2084 1607 2113 &
1624 2084 1764 2116 observari
1776 2086 1879 2119 facient
1890 2090 1924 2123 ὃς
1938 2091 2093 2124 causabunt
2113 2095 2321 2134 imperpetuum

1274 2125 1355 2155 Juxta
1370 2117 1522 2164 Tenorem
1535 2120 1731 2153 Praesentium.
2328 2121 2339 2138 ³

1315 2155 1353 2187 Er
1377 2155 1492 2203 ulterius
1515 2159 1671 2204 volumus,
1694 2171 1728 2192 ac
1753 2173 1802 2200 per
1818 2165 1964 2202 praeientes
1977 2177 2031 2206 pro
2047 2168 2147 2202 Nobis
2165 2171 2340 2207 Haeredibus

1279 2194 1314 2225 &
1330 2194 1543 2227 Succefforibus
1562 2197 1685 2243 nostriS,
1704 2201 1869 2234 ordinamus
1890 2206 1923 2236 ὃ(
1938 2208 2117 2244 praecipimus
2131 2234 2140 2246 ‚
2164 2213 2243 2248 quod
2265 2213 2338 2244 Pro-

1277 2232 1394 2279 fessores
1411 2234 1469 2266 five
1488 2235 1624 2280 Lectores
1638 2236 1827 2272 Scientiarum
1848 2244 2066 2285 praediffitarum,
2093 2250 2140 2285 qui
2161 2251 2254 2286 primo
2272 2252 2337 2290 post

1279 2270 1386 2303 Datam
1400 2273 1588 2318 ‘praesentium
1603 2299 1613 2312 ,
1639 2285 1687 2312 per
1713 2280 1884 2315 praedictum
1909 2283 2057 2313 Henricum
2081 2288 2178 2316 Savile
2202 2289 2283 2320 electi
2302 2292 2337 2324 &

1277 2310 1406 2348 praefedh
1421 2312 1543 2356 fuerint,
1558 2322 1674 2358 necnon
1689 2324 1790 2348 omnes
1808 2319 1855 2349 alii
1876 2319 2048 2352 Professores
2068 2323 2124 2356 five
2141 2326 2278 2358 Leisores
2291 2329 2336 2359 di-

1277 2349 1386 2393 Ciarum
1404 2350 1595 2396 Scientiarum‘
1609 2352 1730 2390 eligendi
1748 2357 1781 2386 &
1798 2356 1982 2398 praeficiendi,
2002 2369 2152 2399 antequam
2171 2364 2206 2394 ad
2223 2365 2337 2398 Execu-

1278 2394 1390 2431 tionem·
1407 2389 1477 2433 dieti
1493 2388 1596 2420 Officii
1614 2390 1782 2424 Profetsoris
1797 2395 1853 2426 five
1870 2396 1998 2428 Lectoris
2014 2399 2196 2433 admittantur
2228 2415 2274 2435 aut
2288 2415 2337 2435 eo-

1278 2435 1342 2455 rum
1358 2426 1456 2471 aliquis
1468 2428 1874 2473 admittatur,Sacramentum
1889 2433 2049 2472 Corporale
2063 2438 2142 2476 super
2157 2426 2266 2474 San'eris
2276 2443 2335 2475 Dei

1277 2463 1571 2511 Evangeliis,·coram
1591 2466 1831 2501 Vicecancellario
1846 2472 1932 2504 dierae
1952 2475 2149 2509 Univerfitatis
2164 2479 2262 2511 Oxon.
2282 2492 2336 2520 pro

1279 2510 1407 2539 tempore
1427 2504 1555 2534 existenti
1573 2504 1608 2548 ad
1632 2505 1778 2549 Officium
1807 2509 1874 2540 illud
1896 2512 1969 2542 bene
1991 2514 2066 2544 redte
2080 2516 2113 2546 ὃς
2128 2516 2247 2549 fideliter
2272 2530 2336 2552 exe-

1277 2541 1439 2585 quendum,
1458 2543 1491 2573 &
1509 2541 1710 2589 Ordinationes
1730 2547 1763 2578 ὃς
1784 2546 1890 2579 Statura
1913 2551 2063 2591 praedieta,
2081 2554 2120 2584 fic
2146 2565 2176 2585 ut
2195 2558 2338 2596 praefertur

1276 2578 1348 2609 facta
1364 2579 1408 2609 seu
1423 2580 1609 2624 imposterum
1625 2581 1733 2621 fienda,
1750 2585 1823 2615 bene
1837 2587 1913 2617 reete
1927 2589 1961 2619 &
1976 2593 2114 2622 veraciter
2127 2594 2324 2630 performanda

1274 2627 1309 2647 ac
1324 2617 1357 2647 ad
1371 2627 1471 2662 omnia
1485 2619 1535 2650 alia
1552 2620 1750 2663 performanda
1760 2625 1955 2663 perimplenda
1968 2631 2139 2669 peragenda,
2158 2633 2192 2662 ad
2208 2622 2337 2671 quorum³

1274 2656 1526 2692 performationem
1544 2658 1706 2696 hujusmodi
1722 2660 1861 2692 Lectores
1876 2673 1924 2701 per
1947 2666 2055 2699 Statura
2076 2669 2208 2705 praedicfia
2244 2673 2282 2703 fic
2304 2684 2334 2706 ut

1276 2694 1425 2730 praefertur
1439 2695 1511 2739 sacta
1524 2696 1571 2740 seu
1585 2697 1776 2734 imposterum
1792 2699 1899 2739 fienda,
1917 2712 1965 2733 aut
1981 2714 2030 2742 per
2046 2705 2138 2745 Leges
2159 2696 2268 2742 Stat'uta
2290 2713 2335 2744 vel

1274 2731 1499 2777 Consuetudines
1513 2733 1593 2772 huJus
1607 2735 1702 2773 Regni
1725 2737 1838 2776 Angliae
1851 2739 1939 2778 jurari
1964 2741 2071 2775 debent
2092 2746 2265 2783 praestabunt
2298 2752 2332 2784 &

1273 2781 1376 2802 eorum
1391 2772 1508 2809 quilibet
1522 2772 1673 2812 praestabit.
2273 2773 2283 2788 ²

1307 2809 1450 2854 Dedimus
1468 2812 1551 2842 etiarn
1571 2812 1605 2843 ὃς
1622 2812 1830 2857 concessimus,
1855 2825 1889 2847 ac
1905 2826 1954 2855 per
1970 2819 2137 2860 Praesentes‚
2163 2834 2218 2861 pro
2234 2826 2333 2859 Nobis

1271 2847 1442 2879 Haeredibus
1459 2851 1492 2880 &
1510 2849 1726 2882 Successoribus
1743 2852 1862 2892 nostris,
1879 2855 1978 2887 damus
1995 2859 2028 2888 ὃς
2044 2861 2235 2893 concedimus
2250 2864 2331 2895 Can-

1271 2887 1384 2917 cellario
1398 2887 1541 2932 Magistris
1555 2888 1587 2919 ὅ(
1605 2888 1764 2920 Scolaribus
1780 2890 1866 2923 diecae
1880 2893 2079 2927 Universitatis
2095 2898 2192 2930 Oxon.
2210 2903 2241 2931 ὃς
2257 2903 2330 2934 Suc-²

1269 2925 1421 2956 cefforibus
1440 2928 1510 2964 suis,
1529 2927 1610 2964 quod
1630 2926 1882 2962 vicecancellarius
1899 2931 2098 2965 Univerfitatis
2115 2939 2259 2975 praedierae
2275 2951 2330 2978 pro

1269 2972 1401 3001 tempore
1413 2964 1549 3002 existens,
1568 2967 1708 3008 perpetuis
1724 2968 1823 2998 futuris
1837 2972 2011 3008 temporibus
2026 2973 2127 3005 habeat
2143 2976 2254 3013 plenam
2270 2979 2331 3010 Po-

1269 3002 1397 3046 testatem
1418 3003 1452 3032 &
1470 3003 1697 3042 Authoritatem‚
1713 3007 1816 3037 virtute
1833 3007 2035 3048 praesentium,
2055 3014 2210 3051 recipiendi
2228 3017 2262 3048 &
2279 3029 2328 3049 ca-

1269 3041 1365 3077 piendi
1387 3040 1496 3071 mestum
1521 3041 1738 3074 Sacramentum
1761 3046 1865 3083 absque
1890 3048 1985 3085 aliquo
2006 3050 2062 3080 alio

1267 3117 1371 3149 nendo.

1304 3155 1342 3186 Et
1360 3155 1638 3200 ulterius-volumus,
1653 3167 1688 3190 ac
1706 3168 1756 3197 per
1771 3159 1938 3201 Praesentes‚
1963 3172 2017 3201 pro
2035 3164 2136 3197 Nobis
2153 3168 2325 3203 Haeredibus

1265 3195 1300 3226 &
1325 3193 1538 3239 Succefforibus
1553 3196 1656 3226 nostris
1669 3219 1678 3235 ,
1701 3198 1888 3232 concedimus
1906 3202 1939 3232 &
1958 3203 2120 3235 ordinamus
2135 3207 2214 3244 quod
2236 3208 2322 3241 Vice-

1264 3233 1420 3280 cancellarti
1438 3232 1634 3266 Universitatis
1651 3236 1812 3275 praedid’tae,
1829 3248 1883 3276 pro
1896 3247 2028 3278 tempore
2041 3242 2203 3282 existentes,
2223 3248 2256 3278 &
2273 3250 2322 3286 qui

1263 3271 1454 3317 imposterum
1473 3281 1571 3310 erunt,
1594 3283 1662 3304 cum
1677 3274 1712 3304 ad
1730 3274 1874 3306 Officium
1895 3277 2123 3312 Vicecancellarii
2142 3283 2322 3316 Univerfita-

1265 3318 1300 3341 tis
1317 3310 1461 3354 praedictae
1478 3310 1539 3341 sunt
1557 3311 1741 3351 admittendi,
1759 3313 1972 3347 Sacramentum
1991 3320 2137 3357 corporale
2153 3321 2232 3359 super
2252 3324 2323 3355 San·-

1265 3348 1317 3380 &is
1341 3348 1399 3393 Dei
1424 3347 1604 3388 Evangeliis,
1632 3360 1730 3381 coram
1748 3351 1909 3389 hujusmodi
1927 3354 2047 3387 Persona
2067 3359 2099 3389 &
2118 3358 2246 3391 Personis
2265 3373 2319 3393 co-

1261 3397 1322 3418 ram
1340 3387 1442 3425 quibus
1453 3387 1655 3426 ¹Juramentum
1671 3399 1725 3427 pro
1742 3389 1854 3421 Officio
1865 3392 2094 3425 Vicecancellarii
2113 3398 2186 3428 bene
2201 3401 2235 3431 &
2249 3400 2318 3433 fide-

1260 3427 1321 3457 liter
1346 3426 1506 3456 exercendo
1531 3426 1665 3464 suscipere
1688 3428 1834 3467 debeant,
1860 3429 1894 3461 ad
1920 3432 2026 3463 Statura
2054 3433 2256 3469 Ordinationes
2280 3441 2316 3471 &

1263 3464 1491 3495 Constitutiones
1509 3463 1588 3503 supra
1605 3466 1734 3503 recitata,
1753 3476 1785 3497 ac
1803 3469 1854 3498 alia
1874 3469 1978 3501 Statura
1997 3471 2030 3501 &
2049 3470 2250 3507 Ordinationes
2266 3488 2316 3516 per

1260 3503 1409 3541 praefatum
1425 3505 1572 3532 Henricum
1590 3503 1704 3541 Saevire,
1723 3504 1760 3534 fic
1781 3514 1811 3536 ut
1829 3507 1971 3543 praefertur
1988 3507 2078 3539 fienda
2096 3511 2304 3547 &stabilienda

1261 3544 1291 3573 in
1308 3541 1442 3572 omnibus
1462 3541 1496 3572 &
1513 3550 1563 3578 per
1580 3544 1696 3579 omnia,
1719 3552 1772 3579 pro
1790 3545 1840 3573 suo
1860 3545 1956 3583 poste,
1974 3546 2049 3577 bene
2065 3547 2098 3580 &
2117 3549 2233 3583 fideliter
2251 3540 2318 3586 exe:

1260 3579 1372 3619 quenda
1390 3580 1426 3623 &⁸
1441 3578 1653 3618 performanda‚
1677 3590 1710 3610 ac
1729 3583 1828 3618 exequi
1847 3583 1879 3612 ὃς
1899 3583 2063 3619 performari
2082 3591 2220 3626 perpetuis
2238 3592 2316 3624 futu-

1260 3621 1294 3649 ris
1307 3618 1480 3656 temporibus
1495 3617 1646 3654 causanda,
1661 3618 1832 3655 praestabunt
1846 3621 1879 3651 &
1894 3630 1993 3651 eorum
2015 3624 2132 3661 quilibet
2157 3629 2299 3665 praestabjt

1260 3658 1363 3696 quibus
1386 3655 1501 3693 quidem
1522 3653 1653 3685 Personae
1675 3657 1708 3687 &
1724 3655 1851 3686 Personis
1864 3658 1992 3690 dedimus
2005 3662 2040 3692 &
2055 3666 2243 3698 concessimus
2280 3654 2317 3701 ac'

1259 3705 1308 3733 per
1331 3693 1501 3731 praesentes,
1520 3702 1572 3737 pro
1593 3693 1691 3723 Nobis
1713 3693 1882 3726 Haeredibus
1906 3698 1940 3728 &
1962 3699 2175 3734 Successor-ibus
2196 3692 2314 3738 nost'ris.

1256 3734 1358 3764 damus
1372 3732 1406 3763 &
1432 3732 1634 3768 concedimus,
1651 3732 1763 3769 plenam
1786 3733 1959 3767 Poteffatem
1982 3738 2015 3768 &
2036 3739 2249 3774 Authoritatem
2274 3737 2315 3776 dil

1257 3772 1337 3802 &um
1353 3770 1568 3813 Sacramentum
1586 3770 1622 3799 de
1635 3779 1766 3807 tempore
1780 3772 1809 3800 in
1825 3780 1937 3811 tempus
1952 3777 2108 3814 recipiendi
2120 3781 2223 3818 absque
2242 3783 2314 3814 ulte-

1257 3811 1326 3841 riori
1347 3807 1557 3838 Commissione
1580 3809 1596 3838 a
1618 3807 1718 3839 Nobis
1731 3808 1902 3841 Haeredibus
1916 3813 1962 3844 vel
1982 3813 2195 3851 successoribus
2214 3821 2317 3853 nostris

1258 3846 1430 3885 impetranda
1445 3846 1489 3876 seu
1506 3845 1708 3884 prosequenda.

1295 3885 1333 3917 Et
1352 3894 1382 3915 ut
1402 3885 1460 3915 hoc
1478 3893 1536 3915 tam
1555 3885 1634 3921 pium
1652 3886 1685 3915 &
1706 3885 1840 3916 laudabile
1858 3886 2024 3921 Institututti
2039 3892 2122 3930 ipsius
2137 3896 2251 3927 Henrici
2266 3902 2318 3928 San

1254 3924 1312 3955 vile
1331 3924 1479 3954 meliorem
1498 3921 1624 3953 sortiatur
1641 3921 1779 3953 effeetum
1792 3947 1802 3962 ,
1821 3925 1856 3954 de
1874 3928 2005 3964 ampliori
2023 3929 2123 3963 Gratia
2142 3935 2237 3966 nostra
2256 3937 2314 3973 spe«

1256 3963 1344 4000 ciali,
1370 3970 1402 3992 ac
1423 3969 1458 3991 ex
1484 3960 1560 3991 certa
1579 3961 1703 3992 Scientia
1722 3963 1754 3993 &
1773 3972 1855 3993 mero
1874 3964 1964 3996 Moru
1982 3968 2082 3998 nostris
2097 3992 2106 4007 ,
2132 3972 2262 4004 dedimus
2279 3976 2314 4005 ὃς

1254 3999 1446 4032 concessimus
1460 4021 1470 4037 ,
1494 4008 1527 4042 ac
1546 4008 1596 4036 per
1614 3999 1785 4038 Praestmes,
1809 4010 1863 4040 pro
1882 4003 1981 4034 Nobis
1999 4006 2173 4040 Haeredibus
2191 4015 2224 4042 &
2240 4017 2310 4042 „uc-

1255 4040 1409 4071 cessoribus
1425 4036 1545 4076 nostris,
1562 4038 1664 4070 damus
1680 4039 1714 4070 &
1727 4039 1921 4110 {oncedimus
1939 4044 2059 4083 praefato
2076 4048 2194 4083 Henricq
2211 4050 2315 4087 Savde,

1780 4085 1796 4121 ᾖ
2280 4097 2314 4117 ac

1267 3078 1365 3109 Nobis
1382 3078 1554 3111 Haeredibus
1572 3081 1618 3111 vel
1636 3081 1849 3115 Succefforibus
1868 3086 1969 3117 nostris
1986 3051 2326 3127 impetrxgssraeetfosstit
2343 3066 2475 3142 ζέω
