2557 4279
15 266 141 305 Ann.D.

42 308 125 346 1617.

19 348 125 386 15Jac.1
135 367 140 373 .

11 1240 87 1277 Arm.
100 1241 142 1274 D.

41 1284 126 1321 1617.

12 1321 76 1350 Ibid.
91 1328 118 1359 p.

18 1368 41 1388 i.
52 1370 78 1389 ni
98 1369 141 1397 ¹3·

15 2800 91 2835 Anni
106 2800 149 2832 D.

36 2844 125 2879 1617.

14 2881 110 2918 thilia.

17 2927 59 2949 11.
79 2920 135 2949 ilar.

16 3612 30 3635 Ψ
44 3616 141 3647 XVII.

727 173 838 215 ET
921 172 1189 215 ACTA

162 266 219 298 lem
243 262 400 296 Redditum
421 260 568 301 Tresdecim
587 260 738 291 Librarum
753 259 806 300 sex
829 256 980 290 Solidorum
997 259 1036 295 &
1053 259 1110 288 oc'to
1126 261 1222 288 Dena-

162 309 264 336 riorum
276 303 301 334 le
321 303 368 333 alis
383 301 514 332 Monetae
531 300 660 339 Angliae,
1125 335 1130 341 -

196 312 369 374 Habenfium
383 339 595 379 percipiendum
609 340 642 370 δε
654 336 846 376 recipiendum
862 337 1026 375 praedic'tam
1037 336 1221 367 Annuitatem

159 383 217 414 five
240 378 389 411 annualem
410 377 573 408 Redditum
594 377 742 416 Tresdecim
764 377 913 406 Librarum
930 376 985 416 sex
1005 375 1154 405 Solidorum
1181 372 1220 409 ῤ’

161 422 219 451 0630
233 421 415 450 Denariorum
429 416 548 453 praefato
562 416 680 445 Samueli
694 415 838 454 Thompfhn
853 416 917 445 alias
933 417 975 445 W
975 414 1116 458 indfhn&
1128 412 1222 455 Affig-

158 459 230 491 natis
245 456 314 494 suis,
329 458 346 486 a
369 455 455 485 Festo
476 455 713 485 Annunciationis
735 455 823 485 beatae
850 453 950 484 Mariae
967 453 1019 483 Vir
1041 454 1093 482 inis
1111 452 1220 494 ultimo

160 496 305 536 praeterito
322 502 388 525 ante
403 493 512 524 Datam
530 492 730 529 Praestnrium,
749 502 800 529 pro
824 493 857 522 &
878 493 997 522 durante
1047 492 1085 521 ita
1105 489 1222 521 naturali

183 533 290 565 raediffl
314 531 444 563 Samuelis
464 530 611 571 Thompson
629 532 694 561 alias
719 531 850 570 Windfiir
864 552 874 566 ‚
900 530 936 560 de
954 529 1103 560 Thesauro
1122 528 1221 572 nostro

160 546 319 605 Piaeredum
341 572 375 602 &
396 570 598 601 Succelsorum
622 569 786 599 nostrorum
804 591 814 606 ,
839 569 874 598 ad
897 567 1057 606 Receptam
1078 567 1221 598 Scaccarii

159 610 251 641 nostri
265 609 372 648 W‘cstm.
389 609 549 640 Haeredum
564 610 597 640 ὃς
619 607 817 638 Succeflorum
840 605 1024 649 nostrorum,
1043 616 1093 644 per
1116 606 1221 636 Manus

159 648 336 680 Thesaurarii
359 647 579 679 Subthesaurarii
602 646 646 677 seu
673 647 794 676 aliorum
817 643 1035 675 Officiariorum
1057 644 1222 674 nostrorum

161 687 322 719 Haeredum
335 688 368 719 &
384 686 586 717 Successorum
606 684 784 721 nostrorum,
801 683 909 713 ibidem
934 693 987 720 pro
1009 690 1143 720 tempore
1164 684 1223 712 exi-

159 726 312 763 stentium,
329 726 364 756 ad
379 725 458 756 Festa
473 724 570 754 Sandii
589 722 739 753 Michaelis
761 721 931 759 Archangeli
955 722 988 752 &
1012 723 1223 753 Annunciatio-

157 767 201 796 nis
215 766 306 795 beatae
323 763 424 794 Marica
441 762 564 800 Virginis
581 770 631 798 per
647 761 764 798 aequales
777 761 944 791 Portiones:

195 803 243 835 Eo
262 802 343 842 quod
358 800 480 840 expressa
496 802 624 837 mentre,
643 800 704 830 δίε.

196 876 231 911 In
247 880 328 918 qu'us
341 879 397 916 rei,
417 878 477 909 ὅτε.

193 955 283 989 Teste
297 955 379 993 Rege
393 952 467 992 apud
484 932 744 993 Wstmonasterimu
754 975 763 991 ,
782 952 886 990 quinto
901 950 959 982 Die
977 950 1089 990 Aprilis.

572 1032 626 1060 Per
639 1032 731 1060 Breve
745 1029 777 1059 de
795 1030 915 1059 Privato
928 1026 1037 1066 sigillo,
1053 1024 1114 1062 &a

169 1157 219 1191 De
245 1155 420 1200 Concesstone
442 1154 487 1189 ad
507 1157 617 1190 Vitam
642 1152 766 1189 Roberto
793 1154 937 1201 Treswell
957 1153 1035 1187 alias
1055 1152 1211 1198 Somerset.

164 1245 287 1305 REX,
299 1245 460 1283 Omnibus,
477 1245 512 1276 ad
527 1255 618 1283 unS,
638 1246 700 1277 &a
717 1243 855 1276 Salutem.

263 1285 362 1316 Sciatis
377 1285 459 1323 quod
474 1284 560 1323 Nos,
870 1321 874 1327 .

197 1322 334 1355 Gratiose
359 1322 567 1354 considerantes
588 1324 755 1353 tenuitatem
778 1323 812 1354 &
832 1321 985 1352 exilitatem
1007 1318 1172 1363 Feodorurn
1194 1318 1228 1350 &

157 1358 329 1393 Proficuum
360 1363 398 1392 ab
426 1362 545 1400 antiquo
568 1360 733 1392 debitorum
761 1360 962 1391 consuetorum
984 1359 1017 1389 ὃς
1040 1359 1226 1402 spectantium

157 1399 275 1431 Officiis
290 1400 486 1431 Heraldorum
501 1399 680 1437 nostrorum,
699 1400 730 1429 in
748 1398 971 1430 consideratione
987 1398 1060 1427 boni
1085 1397 1119 1428 &
1139 1396 1227 1426 fidelis

159 1439 275 1471 Servitii
289 1437 390 1470 Nobis
406 1439 524 1470 antehac
540 1449 590 1476 per
610 1461 619 1476 ,
642 1438 780 1469 dileEmm
796 1437 974 1468 servientem
989 1435 1120 1466 nostrum
1135 1459 1146 1472 ‚
1172 1438 1228 1466 Ro-

161 1477 267 1508 bertum
288 1476 422 1517 Treswell
435 1478 499 1507 alias
520 1475 652 1516 Somerset
673 1486 763 1508 unum
786 1476 980 1507 Heraldorum
1003 1474 1169 1505 nostrorum
1190 1473 1226 1504 ad

158 1517 252 1548 Arma
264 1517 380 1555 praestiti
393 1517 425 1547 ὃς
441 1516 577 1554 impensi,
595 1517 629 1547 &
653 1515 844 1552 imposterum
866 1514 1069 1557 impendendi,
1088 1523 1142 1556 pro
1165 1522 1228 1542 me-

158 1552 224 1586 liori
241 1555 451 1593 supportatione
463 1555 509 1585 sua
523 1555 553 1585 in
570 1553 657 1585 Loco
670 1555 704 1586 &
716 1552 829 1584 Officio
842 1553 1000 1592 praedicsto,
1010 1561 1090 1590 JuXta
1105 1551 1227 1590 ejusdem

157 1593 236 1625 Loci
253 1594 287 1624 δε
302 1592 405 1623 Officii
420 1592 544 1631 statum,

192 1631 244 1662 De
262 1631 363 1662 Gratia
383 1631 477 1661 nostra
494 1629 605 1668 speciali
640 1640 674 1661 ac
693 1639 729 1660 ex
749 1638 824 1661 certa
842 1629 966 1661 Scientia
983 1628 1016 1658 &
1035 1637 1116 1658 mero
1135 1624 1226 1672 Motu

155 1669 277 1707 nostris,
294 1669 425 1700 dedimus
442 1670 476 1700 &
491 1678 585 1700 conce
609 1678 701 1705 imus,
719 1679 771 1707 ac,
792 1679 841 1707 per
866 1667 1036 1703 praesentes,
1055 1676 1107 1704 pro
1128 1665 1229 1709 Nobis

156 1708 332 1740 Haeredibus
347 1708 381 1738 &
396 1707 613 1738 Successoribus
627 1707 746 1744 nostris,
765 1707 867 1738 damus
885 1707 918 1737 &
935 1704 1124 1736 concedimus
1149 1704 1230 1734 dicto

156 1747 273 1777 Roberto
286 1745 419 1786 Treswell
429 1746 494 1777 alias
507 1745 637 1785 Somerset
652 1746 796 1784 quandam
813 1745 997 1776 Annuitatem
1010 1743 1068 1774 sive
1081 1743 1229 1773 annualem

156 1785 319 1817 Redditum
337 1783 485 1824 Trefdecim
499 1785 649 1815 Librarum
659 1784 709 1824 [ἐκ
730 1784 879 1815 Solidorum
899 1783 938 1820 ό»
958 1784 1016 1813 olto
1037 1785 1225 1813 Denariorum

158 1821 251 1865 legalis
267 1824 401 1856 Monetae
417 1824 545 1864 Angliae,
974 1861 978 1866 ⁵
1181 1859 1186 1865 ⁴

198 1863 379 1894 Habendum
395 1862 611 1901 percipiendum
626 1863 659 1894 δε
672 1861 871 1898 recipiendum
893 1859 1061 1900 praedietam
1089 1860 1232 1891 Annuita-

157 1908 220 1934 tem
239 1902 298 1934 sive
320 1902 473 1932 annualem
492 1901 652 1932 Redditum
673 1900 820 1939 Trefdecim
840 1900 993 1930 Librarum
1008 1899 1060 1939 fi²x
1076 1898 1227 1930 solidorum

158 1940 268 1976 &⁷030
280 1944 466 1970 Denariorum
480 1939 599 1979 praefato
611 1939 729 1969 Roberto
738 1938 874 1978 ‘Treswell
888 1940 954 1970 alias
971 1937 1102 1977 Somersbt
1114 1941 1148 1970 &
1172 1937 1228 1981 As·

160 1980 276 2017 fignatis
286 1979 358 2016 suls,
377 1980 393 2010 “a
409 1978 494 2010 Festo
513 1979 752 2009 Annunciationis
771 1979 860 2008 beatae
886 1977 991 2009 Mariae
1013 1977 1141 2014 Virginis
1164 1977 1230 2006 ulti-

160 2021 217 2049 mo
232 2019 375 2056 praeterito
391 2026 456 2047 ante
472 2018 580 2048 Datam
598 2017 779 2048 Praesentium
789 2040 799 2055 ,
817 2026 871 2053 pro
885 2018 918 2048 &
933 2017 1051 2047 durante
1070 2016 1134 2047 Vita
1149 2024 1231 2046 natu-

164 2057 215 2087 rali
238 2057 364 2094 praedit-:n
384 2056 496 2087 Roberti
511 2055 644 2096 Treswell
654 2057 717 2086 alias
730 2053 880 2094 somerset,
897 2055 933 2085 de
954 2055 1104 2086 Thesauro
1129 2054 1230 2084 nostro

159 2094 322 2126 Haeredum
347 2095 380 2125 &
399 2095 603 2125 Succefforum
629 2094 796 2125 nostrorum
813 2116 822 2131 ‚
848 2095 882 2124 ad
904 2093 1065 2132 Receptam
1091 2093 1232 2124 Scaccarii

161 2134 252 2164 nostri
269 2133 375 2173 Wstm.
390 2132 550 2165 Haeredum
565 2135 598 2165 &
615 2133 818 2164 Successorum
842 2131 1009 2163 nostrorum
1021 2155 1031 2171 2
1050 2142 1097 2170 per
1124 2131 1232 2161 Manus

162 2169 337 2203 Thesaurarii
353 2172 588 2202 Sub-thesaurarii
608 2173 655 2202 seu
673 2172 794 2202 aliorum
819 2170 1038 2201 Officiariorum
1064 2170 1232 2201 nostrorum

162 2209 326 2247 Haeredum
348 2211 382 2241 &
406 2210 608 2242 Succefforum
633 2210 796 2241 nostrorum
818 2209 925 2240 ibidem
950 2219 1003 2247 pro
1029 2209 1233 2252 temporeex'i-

165 2249 301 2280 stentium
311 2272 319 2287 ,
337 2250 370 2279 ad
383 2248 462 2279 Festa
477 2250 575 2280 Santsti
591 2248 745 2279 Michaelis
761 2248 980 2285 Archangeli&
995 2247 1232 2279 Annunciattonis

164 2285 255 2318 beatae
271 2287 372 2318 Martae
390 2287 514 2326 Virginis
535 2297 582 2326 per
602 2287 722 2326 aequales
733 2287 902 2325 Portiones,

203 2325 250 2356 Eo
264 2327 344 2363 quod
361 2327 486 2364 expreffa
503 2327 614 2358 mentio
625 2349 636 2365 ,
655 2327 716 2358 &c.

200 2363 235 2394 In
252 2365 333 2403 cujus
347 2366 403 2403 rei,
422 2367 484 2397 ἃς.

203 2441 297 2475 Teste
310 2452 340 2476 ut
353 2444 442 2484 supra.

571 2485 626 2515 Per
640 2486 734 2514 Breve
749 2482 782 2512 de
798 2481 920 2513 Privato
934 2478 1041 2521 Sigill0‚
1058 2478 1120 2518 &a

163 2617 217 2650 De
238 2612 496 2656 Proclamatione‚
521 2614 688 2648 mandante
705 2612 846 2661 deceffitm
871 2616 1066 2661 Magnarum
1095 2617 1131 2652 &¹
1158 2615 1235 2648 alio-

271 2674 343 2696 rum
358 2674 380 2695 a
399 2664 535 2696 Civitate
551 2664 686 2699 London.
714 2663 847 2698 durante
868 2666 956 2711 Regis
975 2663 1141 2710 Progriffu.

170 2792 289 2858 THE
301 2793 440 2828 Princelie
454 2797 546 2836 Care,
560 2798 660 2843 which
675 2799 755 2830 Wee
765 2809 832 2831 ever
846 2796 930 2829 beare
943 2795 1082 2829 towardes
1096 2797 1146 2829 the
1157 2798 1236 2839 good

248 2835 470 2867 Governement
484 2837 539 2868 and
560 2837 672 2867 Reliefe
689 2838 724 2868 of
738 2848 792 2869 our
810 2838 937 2875 Pe0p1e‚
956 2836 1086 2869 suffereth
1105 2847 1162 2868 noe
1181 2848 1236 2869 oc-

170 2873 263 2943 ἓᾞξέη
283 2882 316 2905 to
341 2875 418 2913 paffe
441 2875 580 2916 whereby
604 2876 682 2907 Wee
708 2878 781 2907 rnaie
800 2876 921 2907 exercise
936 2876 992 2906 and
1011 2875 1167 2916 manyfeste
1181 2878 1231 2908 the

208 2937 332 2982 Neither
356 2951 377 2981 is
401 2952 422 2983 it
448 2951 616 2983 unknowen
640 2959 674 2983 to
696 2962 752 2983 our
769 2951 869 2991 loving
887 2951 1016 2989 Subjeeis

1066 2952 1106 2994 by
1123 2953 1233 2984 former

170 2988 401 3021 Proclamations
418 2990 455 3020 of
466 2991 520 3021 this
539 2990 671 3029 Nature,
694 2991 781 3021 howe
799 2991 922 3022 desirous
938 2991 1017 3021 Wee

1032 2973 1108 3023 liave
1125 2991 1234 3023 alwaies

169 3026 261 3058 beene
285 3036 317 3058 to
343 3037 457 3058 renewe
476 3028 530 3058 and
550 3029 648 3059 revive
664 3027 713 3059 the
730 3030 881 3059 aunciente
898 3029 954 3059 and
969 3029 1107 3060 lawdable
1124 3029 1234 3061 Custo-

169 3076 220 3097 me
236 3066 272 3096 of
282 3066 336 3096 this
350 3075 403 3095 our
422 3065 595 3102 Kingdome
608 3088 618 3103 ,
645 3066 781 3108 whereby
800 3067 971 3098 Noblemen
988 3067 1042 3098 and
1058 3067 1177 3099 Persons
1199 3069 1236 3099 of

174 3105 302 3142 Qualitie
319 3113 399 3134 were
415 3103 480 3133 used
495 3104 585 3135 rather
598 3111 630 3134 to
641 3104 726 3135 dwell
741 3105 797 3136 and
813 3105 901 3136 reside
916 3106 945 3135 in
956 3105 1004 3136 the
1013 3107 1115 3137 several
1128 3106 1232 3138 Coun-

168 3144 222 3173 ties
247 3143 285 3174 of
305 3143 359 3173 this
384 3140 508 3172 Realme
522 3165 530 3181 ‚
555 3142 669 3173 Wheare
691 3143 764 3174 their
808 3143 924 3180 rlncipal
950 3144 1043 3175 Seates
1065 3145 1122 3175 and
1141 3144 1229 3176 Man-

169 3182 245 3212 sions
267 3190 361 3212 weare
375 3201 385 3218 ,
406 3180 474 3211 then
498 3190 530 3211 to
552 3182 648 3219 gather
664 3189 695 3212 to
710 3184 773 3212 Lon
793 3193 826 3212 on
843 3206 853 3217 ,
879 3181 934 3211 and
951 3182 1043 3214 theare
1060 3190 1093 3213 to
1111 3192 1228 3225 remayn

165 3227 199 3264 to
222 3220 270 3250 the
294 3219 416 3260 Decaye
442 3220 478 3249 of
492 3218 671 3258 Hospitalitie
687 3221 744 3252 and
760 3221 809 3252 the
827 3219 989 3252 Disservice
1007 3221 1043 3251 of
1053 3221 1104 3252 the
1122 3221 1226 3253 Coun-

166 3265 215 3290 tie.
1042 3268 1044 3271 ’

204 3295 394 3334 Wherefore,
411 3295 507 3334 taking
524 3297 587 3327 into
605 3307 657 3328 our
672 3296 813 3328 Princelie
828 3296 1047 3328 Confideration
1063 3297 1138 3336 that,
1152 3298 1230 3331 Wee

165 3334 257 3373 being
276 3344 347 3365 now
365 3336 394 3364 in
412 3345 467 3366 our
479 3335 608 3376 Journey
627 3336 768 3367 towardes
786 3347 840 3367 our
858 3337 980 3367 Realrne
1006 3337 1042 3366 of
1062 3336 1198 3368 Scotland
1216 3361 1226 3377 ,

165 3374 269 3405 resorte
293 3374 329 3403 of
347 3373 415 3404 such
443 3373 563 3403 Persons
589 3383 661 3405 unto
688 3385 743 3405 our
761 3374 838 3405 Citie
855 3375 914 3407 will
933 3376 984 3406 bee
1000 3375 1065 3406 leffe
1080 3376 1203 3406 needfull
1217 3400 1226 3414 ,

165 3413 218 3444 but
238 3412 329 3443 rather
346 3412 405 3443 that
423 3412 444 3442 it
462 3412 484 3441 is
501 3412 572 3442 farre
590 3422 671 3443 more
686 3415 876 3445 conveniente
895 3414 953 3445 that
969 3414 1035 3454 they
1063 3414 1147 3445 abide
1171 3416 1227 3446 and

164 3460 343 3493 contynewe
370 3452 398 3480 in
427 3450 499 3480 their
522 3451 624 3481 several
650 3450 814 3489 Dwenings
831 3454 860 3482 in
879 3452 929 3483 the
945 3451 1096 3493 Countrey
1115 3461 1147 3483 to
1164 3463 1230 3491 per-

162 3491 280 3521 fourme
298 3491 346 3520 the
365 3489 465 3520 Duties
483 3489 538 3519 and
558 3488 675 3527 Charge
692 3491 729 3520 of
741 3490 815 3521 their
834 3490 933 3522 Places
949 3490 1004 3520 and
1022 3491 1151 3529 Service‚
1169 3492 1225 3523 and

161 3528 288 3598 {gewise
313 3529 352 3569 by
377 3527 604 3566 Housekeeping
622 3536 654 3560 to
670 3528 707 3560 be
721 3539 737 3559 a
754 3529 911 3561 Comforte
925 3536 998 3561 unto
1015 3529 1087 3561 their
1105 3530 1226 3569 Neigh-

206 3578 264 3599 urs·

200 3607 219 3626 ³*
247 3592 326 3638 Wee
346 3605 403 3636 doe
427 3605 535 3647 hereby
560 3602 713 3644 straightlie
736 3605 840 3645 charge
860 3605 917 3637 and
938 3605 1097 3638 cornaunde
1114 3606 1152 3638 all
1169 3617 1224 3638 our

163 3642 384 3677 Lewetenaunts
400 3667 410 3683 ‚
432 3652 534 3682 except
556 3644 625 3675 such
641 3653 668 3675 as
685 3645 721 3674 be
737 3645 773 3674 of
784 3655 837 3675 our
852 3644 948 3676 Privie
964 3644 1107 3676 Councell
1124 3655 1160 3675 or
1177 3654 1224 3677 are

160 3683 359 3716 commanded
376 3692 407 3714 to
425 3682 538 3714 attende
555 3691 654 3721 uppon
673 3692 705 3713 us
722 3683 752 3713 in
770 3692 823 3712 our
835 3682 963 3723 Journey
978 3707 988 3721 ‚
1011 3685 1066 3715 and
1091 3683 1165 3714 alsoe
1188 3685 1224 3716 all

162 3719 349 3760 Noblemen‚
368 3722 496 3760 Deputie
514 3721 750 3758 Leweoenaums,
768 3720 909 3760 Knightes
926 3721 981 3752 and
998 3723 1081 3754 other
1099 3722 1222 3753 Gentle-

164 3764 233 3790 men
256 3761 291 3790 of
314 3761 451 3802 Qallitie
468 3783 478 3798 ,
498 3760 600 3791 which
624 3760 695 3791 have
715 3759 848 3790 Mantion
867 3760 990 3791 Howses
1004 3762 1033 3791 in
1051 3761 1100 3792 the
1117 3760 1221 3791 Coun-

162 3797 213 3827 trie
227 3820 237 3834 ,
260 3798 363 3838 Thur,
388 3800 494 3830 within
520 3798 638 3830 twentie
662 3797 749 3828 Daies
774 3798 844 3828 after
870 3798 924 3828 this
939 3809 992 3829 our
1010 3799 1222 3830 Proclamation

164 3834 309 3870 publistied
324 3860 333 3875 ‚
355 3837 421 3878 they
448 3839 483 3868 de
504 3847 561 3868 arte
586 3836 660 3868 with
677 3837 750 3867 their
764 3836 868 3867 Wives
885 3836 942 3867 and
960 3837 1085 3877 famylies
1103 3846 1172 3868 oute
1189 3838 1227 3868 of

166 3881 220 3903 our
237 3874 308 3905 saide
326 3875 414 3906 Cirtie
433 3876 469 3906 of
483 3847 612 3907 Roudon
629 3875 684 3906 and
703 3875 751 3906 the
770 3875 912 3905 Suburbes
938 3875 1053 3907 thereos
1066 3899 1076 3915 ,
1098 3876 1152 3907 and
1177 3886 1221 3906 re-

165 3919 269 3954 tourne
287 3921 318 3942 to
336 3913 406 3944 their
425 3914 538 3945 severall
555 3914 736 3946 Habitations
752 3914 783 3943 in
801 3913 850 3944 the
869 3912 1020 3953 Countrey
1036 3938 1047 3953 ,
1069 3915 1125 3945 and
1143 3913 1222 3945 there

166 3957 331 3980 continewe
347 3951 400 3981 and
415 3953 499 3983 abide
519 3953 600 3983 untill
618 3954 666 3985 the
680 3952 754 3983 ende
771 3952 808 3982 of
820 3952 868 3982 the
892 3951 1030 3983 Sommer
1054 3952 1196 3984 Vacation
1210 3965 1220 3991 3

1252 3569 1331 3611 fins;

1272 154 1744 219 PussLicA.
2304 196 2331 236 7

1294 258 1312 278 ²*
1333 262 1441 290 Vacant
1462 258 1505 305 βας
1524 263 1631 291 Literae
1663 263 1810 302 Parentes,
1828 264 1884 294 una
1905 274 1964 296 cum
1983 264 2198 297 Irrotulamento
2210 278 2316 300 earum-
2337 268 2413 298 Ann.
2430 264 2474 300 D.

1256 296 1315 326 dem
1322 320 1333 342 ,Α
1340 306 1397 343 ⁹pro
1412 309 1440 326 eo
1454 298 1529 337 quod
1536 299 1670 337 praefatus
1690 300 1836 332 Robertus
1850 303 2004 343 Treswell,
2021 305 2142 345 vicesimo
2160 311 2245 343 primo
2261 311 2318 337 Die
2356 305 2444 343 1617«

1256 335 1344 373 Junzt
1365 340 1456 366 Anno
1478 339 1563 373 Regni
1584 342 1661 375 Regis
1684 338 1785 376 Jacobi
1806 341 1937 380 Angliae,
1960 342 2020 377 &a
2046 343 2168 383 vicesimo
2181 344 2314 384 jocundo.
2338 347 2472 384 ifJchr

1254 383 1344 418 coram
1356 375 1444 416 eodem
1457 377 1573 404 Domino
1588 379 1657 413 Rege
1669 379 1699 406 in
1714 378 1881 409 Cancellario
1888 381 1944 418 fica
1964 382 2141 422 personaliter
2162 384 2318 423 constitutus
2339 387 2352 400 ⁴
2370 384 2466 411 XVII«

1256 414 1370 442 Literas
1387 413 1449 449 suas
1468 415 1619 450 Puteum,
1634 426 1666 443 ac
1685 420 1775 445 omnia
1797 415 1835 450 ό·
1852 417 1960 457 singula
1974 424 2002 449 in
2015 420 2111 459 eisdem
2125 429 2269 460 contenta,
2286 426 2317 452 in
2338 422 2366 450 8-

1256 461 1353 481 manus
1364 451 1430 480 dini
1443 454 1557 480 Domini
1570 454 1648 487 Regis
1653 451 1907 493 sursum-redditur,
1917 469 1948 486 ac
1954 458 2055 496 spontex
2069 458 2106 492 ό·
2120 458 2239 499 absolute
2251 460 2320 490 deli-2

1255 488 1367 519 beravit
1382 488 1551 520 cancelland'
1561 488 1599 522 &⁴
1613 500 1659 518 eas
1666 494 1779 529 propria
1795 504 1875 523 manu
1888 494 1944 533 sud
1967 496 2132 527 cancellavit
2166 497 2205 534 ὠ·
2228 498 2318 528 humi-

1252 526 1319 557 liter
1339 532 1421 566 petiit
1439 527 1515 569 quod
1530 527 1775 558 Irrotulamentum
1796 535 1938 562 earundem
1960 521 2172 574 cancellaretu'r‚·
2197 537 2257 567 ideo
2278 536 2321 567 ad

1254 565 1413 606 instantiam
1431 566 1559 603 praedini
1580 565 1700 597 Roberti
1724 567 1861 598 Treswell
1885 573 2006 602 Litterae
2030 576 2161 603 Patentes
2196 578 2315 606 raedic‘lae

1254 616 1287 634 ac
1318 604 1563 636 lrrotulamentum
1590 605 1736 635 earundem
1762 606 1948 638 cancellantur
1976 610 2014 646 ό·
2037 616 2142 642 omnino
2162 585 2318 653 assmpnan-

1259 651 1314 673 tur.

1305 771 1354 802 De
1377 769 1556 814 Concesfime
1576 768 1622 804 acl
1642 772 1752 806 Vitam
1774 769 1891 808 Thomae
1915 769 2030 818 Knight
2052 773 2129 806 alias
2151 775 2275 820 chester.

1260 851 1376 909 REX
1389 853 1553 892 Omnibus,
1570 855 1605 886 ad
1623 865 1712 896 quos,
1729 856 1791 888 &c.
1808 855 1944 888 Salutem.

1398 893 1402 898 ,
1436 894 1440 899 ,
2339 866 2416 894 Ᾱηη,
2430 861 2473 893 D,

1354 891 1455 923 Sciatis
1468 894 1550 931 quod
1566 893 1653 933 Nos,

2360 902 2415 931 161
2441 923 2448 930 .

1272 961 1275 963 ,
1297 928 1431 961 Gratiose
1460 931 1664 964 considerantes
1690 933 1856 964 tenuitatem
1878 935 1912 966 &
1931 932 2082 966 exilitatem
2104 934 2266 967 Feodorurn
2286 939 2319 970 &
2339 941 2404 969 thid.
2422 908 2438 938 7

1260 962 1426 1012 Proficuum
1459 970 1496 999 ab
1523 971 1642 1009 antiquo
1664 971 1826 1002 debitorum
1848 972 2053 1004 consuetorum
2076 974 2109 1004 &
2134 974 2319 1011 spectantium
2340 989 2366 1007 n.
2387 988 2430 1005 ιιΊ

1263 1004 1379 1050 Officiis
1395 1005 1588 1051 Heraldorum
1603 1009 1784 1048 nostrorum,
1803 1013 1832 1041 in
1848 1011 2072 1042 consideratione
2091 1013 2163 1042 boni
2180 1014 2214 1044 &
2235 1013 2323 1044 fidelis

1262 1042 1376 1075 Servmi
1394 1045 1493 1075 Nobis
1504 1046 1628 1089 ,antehac
1648 1058 1712 1086 per,
1730 1049 1867 1079 dilectum
1887 1049 2063 1082 Servientem
2089 1051 2237 1089 nostrum,
2255 1052 2326 1081 Tho-

1262 1091 1337 1112 mam
1350 1083 1462 1128 Kniglqt
1475 1084 1538 1116 alias
1550 1085 1658 1124 chester
1670 1097 1764 1118 unum
1777 1087 1970 1119 Heraldorum
1996 1089 2158 1119 nostrorum
2177 1090 2213 1119 ad
2236 1090 2325 1122 Arma

1262 1120 1379 1166 praestiti
1390 1122 1423 1152 ὃς
1440 1124 1578 1161 impensi,
1597 1126 1630 1156 &
1645 1125 1833 1163 imposterum
1846 1127 2047 1164 impendendi,
2065 1137 2118 1165 pro
2132 1128 2244 1159 meliori
2260 1129 2324 1167 sup-

1263 1168 1426 1229 Ῑέἓηοεξὲοης
1433 1159 1492 1228 pfua
1508 1162 1539 1191 in
1560 1162 1646 1194 Loco
1666 1165 1698 1194 ὃ(
1720 1163 1834 1195 Officio
1846 1166 2002 1205 praedid'co,
2016 1167 2097 1204 juxta
2108 1166 2232 1205 ejusdem
2250 1167 2324 1199 Loci

1380 1208 1416 1229 cii
1459 1206 1556 1236 atum,

1302 1235 1353 1282 De
1365 1237 1468 1281 Gratia>
1478 1238 1574 1269 nostra
1585 1239 1710 1278 speciali,
1727 1250 1761 1271 ac
1778 1250 1812 1271 ex
1835 1250 1912 1273 certa
1931 1242 2053 1273 Scientia
2074 1243 2108 1274 &
2129 1252 2211 1275 mero
2236 1242 2328 1276 Motu

1264 1274 1385 1314 nostris,
1405 1275 1533 1307 dedimus
1546 1277 1580 1308 &
1598 1278 1806 1318 conceffimus,
1821 1289 1874 1318 ac,
1892 1290 1942 1318 per
1956 1281 2128 1319 praesentes,
2146 1292 2201 1319 pro
2224 1282 2327 1313 Nobia

1264 1313 1436 1345 Haeredibus
1450 1316 1483 1344 ὃς
1497 1315 1712 1347 Succefforibus
1727 1318 1846 1357 nostris,
1863 1318 1963 1349 damus
1983 1321 2016 1350 &
2041 1321 2229 1350 concedimus
2243 1321 2326 1352 dieto

1263 1351 1370 1396 Thomae
1387 1353 1496 1390 Knight
1511 1353 1617 1394 chester
1630 1355 1771 1393 quandam
1789 1357 1974 1388 Annuitatem
1995 1358 2052 1388 five
2073 1359 2224 1390 annualem
2247 1359 2328 1390 Red-

1264 1391 1357 1459 ‹Iioium
1369 1391 1516 1461 Treglecilrn
1529 1393 1677 1424 Librarum
1685 1392 1738 1433 sex
1751 1393 1897 1425 solidorum
1911 1395 1949 1431 ὠ·
1961 1397 2019 1426 allo
2031 1400 2213 1428 Denariorum
2234 1398 2328 1437 legalis

1307 1439 1401 1460 onetae
1449 1441 1465 1460 n
1497 1441 1531 1461 1ae

1303 1439 1485 1499 Habendunff
1503 1456 1719 1508 pe'rcipiendurn
1740 1471 1774 1502 &
1795 1471 1989 1508 recipiendum
2009 1472 2175 1509 praedidtam
2189 1474 2330 1506 Annuita-

1264 1514 1326 1537 tem
1348 1507 1405 1538 five
1423 1508 1573 1539 annualem
1595 1508 1756 1540 Redditum
1779 1510 1925 1549 Trefilecim
1948 1511 2096 1540 Librarum
2113 1511 2166 1549 fix
2179 1512 2331 1543 Solidorum

1265 1544 1305 1588 ῤ’
1316 1546 1373 1575 octo
1386 1549 1571 1576 Denariorum
1582 1548 1699 1584 praefato
1715 1547 1821 1578 Thomae
1836 1548 1944 1587 Knight
1955 1549 2018 1578 alias
2031 1549 2137 1588 chester
2152 1551 2185 1580 ὃς
2199 1551 2331 1591 Affigna-

1266 1592 1300 1613 t1s
1324 1584 1377 1615 suis
1391 1607 1400 1622 ‚
1424 1595 1440 1616 a
1462 1584 1548 1615 Festo
1571 1586 1809 1617 Annunciationis
1828 1588 1918 1619 beatae
1939 1586 2045 1618 Mariae
2070 1587 2120 1617 Vir
2142 1588 2192 1618 inis
2222 1590 2328 1621 ultimo

1266 1624 1412 1659 praeterito
1433 1631 1498 1654 ante
1515 1623 1622 1654 Datam
1643 1624 1845 1663 Praesendurn,
1863 1636 1916 1664 pro
1940 1627 1974 1657 &
1990 1625 2107 1657 durante
2151 1627 2188 1657 ita
2201 1626 2331 1659 Naturali

1267 1661 1398 1697 praediffi
1411 1659 1519 1692 Thomae
1536 1661 1646 1700 Knight
1662 1663 1726 1693 alias
1741 1662 1866 1703 chester,
1883 1665 1920 1694 de
1939 1662 2087 1695 Thesauro
2108 1664 2210 1695 nostro
2230 1666 2335 1697 Haere-

1267 1699 1383 1731 dum&
1398 1699 1604 1732 Succefforum
1628 1701 1812 1740 nostrorum,
1831 1703 1865 1732 ad
1891 1702 2055 1740 Receptam
2077 1702 2216 1734 Scaccarii
2237 1704 2330 1735 nostri

1269 1737 1377 1776 Wstm.
1400 1738 1562 1769 Haeredum
1586 1740 1619 1769 &
1642 1739 1843 1771 Successorum
1860 1741 2041 1777 nostrorum,
2061 1751 2110 1778 per
2128 1741 2233 1773 Manus
2246 1743 2329 1773 The-

1268 1776 1376 1807 saurarii
1403 1778 1437 1808 &
1466 1777 1682 1808 Subthesaurarii
1708 1779 1753 1809 seu
1780 1780 1900 1809 aliorum
1927 1779 2145 1811 Officiariorum
2166 1781 2329 1812 nostrorum

1268 1815 1681 1847 Haeredum&Succefforurn
1694 1817 1862 1849 nostrorum
1876 1818 1983 1848 ibidem
2000 1828 2054 1857 pro
2068 1828 2198 1857 tempore
2211 1820 2332 1852 existen-

1268 1856 1365 1893 tium,
1385 1855 1421 1885 ad
1445 1855 1526 1886 Festa
1547 1856 1646 1885 Sancti
1671 1855 1824 1886 Michaelis
1848 1856 2018 1895 Archangeli
2041 1859 2074 1890 ὃς
2095 1857 2333 1892 Annunciationis

1269 1893 1360 1924 beatae
1377 1893 1478 1924 Mariae
1494 1895 1615 1932 Virginis
1628 1904 1678 1932 per
1689 1894 1809 1932 aequales
1823 1895 1991 1927 Portiones:

1305 1932 1352 1963 Eo
1370 1932 1451 1970 quod
1466 1933 1591 1971 expreffiz
1610 1933 1736 1971 mentio,
1754 1934 1816 1965 &c.

1308 2007 1343 2039 In
1358 2010 1437 2049 cujus
1453 2011 1513 2049 rei,
1528 2011 1589 2042 &c.

1310 2084 1399 2119 Teste
1418 2086 1499 2126 Rege
1515 2086 1590 2126 apud
1609 2085 1883 2127 Westmonasterium,
1902 2088 2003 2126 quinto
2016 2087 2074 2118 Die
2087 2087 2203 2128 Aprilis.

1687 2166 1742 2195 Per
1757 2167 1849 2196 Breve
1863 2164 1895 2194 de
1909 2166 2028 2195 Privato
2039 2163 2146 2205 Sigillo,
2163 2163 2224 2202 &c.

1276 2609 1504 2645 Proclamation
1529 2621 1582 2655 par
1606 2608 1737 2654 laquelle
1761 2608 1784 2642 il
1808 2607 1853 2643 est
1876 2607 2020 2643 ordonne‘
2042 2621 2105 2644 aux
2123 2610 2250 2647 Grands
2267 2615 2297 2647 δέ
2318 2613 2335 2648 a

1321 2658 1456 2693 d'autres
1477 2657 1643 2692 Personnes
1659 2657 1697 2692 de
1718 2657 1809 2691 sortir
1825 2656 1864 2693 de
1881 2657 1907 2691 la
1926 2657 2014 2693 Ville
2030 2657 2070 2694 de
2089 2660 2231 2695 Londres
2259 2673 2335 2708 pen-

1324 2706 1399 2742 dant
1416 2706 1443 2741 le
1461 2708 1601 2754 Voyage
1617 2705 1662 2740 du
1681 2707 1761 2741 Roi.

1331 2795 1358 2824 E
1368 2792 1429 2832 fivin
1443 2790 1534 2832 Royal
1543 2795 1590 2832 qui
1606 2801 1671 2822 nous
1679 2797 1759 2829 porte
1774 2791 1894 2829 toujours
1908 2788 1926 2820 ἃ
1943 2791 2003 2822 bien
2015 2801 2171 2830 gouverner
2185 2792 2223 2828 &
2238 2793 2257 2824 ἆ
2268 2795 2336 2835 fim-

1352 2832 1426 2870 lager
1451 2838 1529 2862 notre
1543 2829 1658 2869 Peuple,
1677 2841 1711 2860 ne
1718 2829 1820 2868 Jouffi‘e
1829 2839 1882 2870 pas
1897 2840 1948 2869 que
1961 2841 2028 2861 nous
2038 2831 2186 2870 ne'gligions
2199 2831 2334 2874 l'occqfion

1268 2882 1323 2912 par
1339 2869 1458 2914 laquelle
1474 2880 1541 2901 nous
1550 2872 1694 2910 pourriom·
1705 2868 1835 2899 l'exercer
1852 2867 1890 2904 &¹
1907 2868 1932 2898 le
1944 2869 2109 2909 manifister.

1308 2952 1351 2980 Et
1365 2947 1390 2978 il
1405 2947 1470 2989 n'est
1485 2955 1538 2988 pas
1556 2948 1676 2976 inconnu
1700 2944 1718 2975 ἃ
1733 2955 1780 2975 nos
1793 2944 1858 2975 bons
1872 2945 1978 2984 Sujets,
1990 2953 2046 2984 par
2060 2944 2098 2975 les
2113 2943 2332 2980 Proclamationx

1265 2988 1440 3028 precedentes
1461 2987 1493 3016 de
1516 2985 1546 3014 la
1570 2992 1670 3014 nature
1691 2984 1724 3013 de
1742 2983 1856 3021 celle-ci,
1873 2984 1991 3014 combien
2014 2995 2080 3014 nous
2102 2995 2193 3015 avons
2210 2991 2336 3025 touJ'ouri·

1264 3025 1399 3068 Jouhaito'
1417 3026 1449 3055 a'e
1472 3022 1645 3054 reneuveller
1665 3020 1704 3057 ὠ
1725 3022 1757 3052 de
1773 3021 1851 3061 faire
1869 3026 1986 3052 revivre
2001 3021 2158 3054 l'ancienne
2171 3022 2209 3058 ὠ
2223 3024 2332 3057 louahle

1269 3072 1389 3096 coutume
1405 3064 1438 3093 de
1453 3073 1479 3093 ce
1493 3065 1642 3102 Royaume‚
1654 3068 1711 3099 par
1725 3060 1841 3102 laquelle
1861 3059 1890 3090 la
1913 3060 2038 3099 Nobleffi·
2061 3061 2099 3096 ὠ·
2119 3061 2157 3091 les
2180 3064 2332 3103 Persbnnes

1269 3105 1301 3134 de
1325 3102 1435 3144 qualite‘
1451 3105 1498 3138 qui
1520 3103 1638 3131 avoient
1658 3100 1688 3129 la
1701 3108 1820 3130 coutume
1834 3099 1867 3128 de
1881 3099 2018 3130 demeurer
2030 3098 2068 3134 &
2083 3099 2221 3131 d'habiter
2231 3102 2330 3141 plutbt

1268 3143 1338 3173 dans
1351 3142 1388 3172 les
1405 3140 1560 3179 diffrentes
1576 3141 1726 3169 Provinces
1740 3140 1773 3168 a'e
1789 3149 1815 3169 ce
1829 3140 1961 3178 Royaume
1979 3139 2011 3168 oie
2034 3140 2138 3169 e'toient
2159 3138 2229 3169 leurs
2246 3146 2328 3179 prin-

1266 3180 1363 3220 cipales
1377 3175 1504 3219 Ma'isons
1520 3178 1552 3208 de
1569 3181 1723 3217 Campagne
1738 3176 1776 3212 ό,
1798 3177 1946 3214 demeum,
1964 3187 2014 3217 que
2033 3177 2066 3206 de
2079 3177 2110 3217 se
2134 3177 2285 3216 raffembler
2307 3180 2326 3209 a*

1266 3220 1390 3251 Londres
1406 3217 1444 3253 ὠ·
1459 3228 1473 3256 γ
1487 3217 1568 3255 relber
1581 3228 1617 3247 au
1632 3216 1781 3247 de'tri'ment
1798 3217 1830 3246 de
1846 3215 2029 3254 l'hossbitalite
2037 3214 2075 3252 ὠ·
2089 3228 2125 3246 au
2138 3218 2272 3256 prejudice
2293 3219 2326 3248 de

1309 3261 1454 3288 Province.

1264 3259 1295 3290 la
1303 3296 1371 3335 C’ist
1399 3296 1528 3334 pourquoi
1551 3300 1677 3334 prenant
1700 3303 1733 3323 en
1754 3299 1833 3323 notre
1859 3291 2056 3332 confide-'ration
2076 3292 2166 3333 royale
2189 3302 2239 3332 que
2258 3305 2326 3324 nous

1265 3337 1347 3366 etant
1355 3334 1555 3374 presentement
1568 3344 1601 3362 en
1619 3343 1722 3373 voyage
1731 3341 1799 3371 pour
1813 3329 1882 3360 aller
1897 3342 1930 3360 en
1945 3339 2024 3360 notre
2037 3333 2170 3369 Royaume
2184 3332 2305 3371 d‘Ecoffi
2315 3355 2326 3372 ‚

1264 3374 1372 3405 l'abord
1380 3374 1412 3403 de
1427 3370 1505 3403 telles
1517 3371 1667 3410 Personnes
1684 3370 1719 3409 cst
1733 3373 1818 3399 moins
1836 3369 1977 3408 neceffiiire
2001 3369 2069 3398 dans
2091 3375 2170 3398 notre
2193 3373 2222 3398 V
2221 3369 2268 3399 ille
2290 3373 2324 3401 de

1264 3413 1404 3449 Londres‚·
1426 3411 1465 3446 ό·
1486 3409 1557 3451 qu'il
1567 3409 1602 3448 est
1618 3410 1746 3447 beaucoup
1756 3407 1817 3446 plus
1841 3405 2010 3438 convenable
2032 3407 2139 3446 qu'elles
2160 3412 2322 3441 continuent

1265 3452 1284 3483 ἃ
1289 3451 1369 3491 faire
1390 3451 1462 3481 leurs
1483 3449 1603 3488 diverfi’s
1629 3449 1762 3477 dentem:
1785 3446 1854 3476 dans
1878 3445 1907 3475 la
1932 3448 2087 3483 Province,
2101 3455 2171 3484 pour
2193 3446 2322 3487 s’acquit.

1262 3498 1307 3521 ter
1329 3491 1375 3521 des
1395 3490 1504 3519 devoirs
1523 3486 1561 3522 &
1583 3487 1628 3516 des
1644 3485 1721 3525 seins
1740 3485 1773 3514 de
1793 3484 1852 3514 leur
1874 3495 1942 3521 rang
1957 3482 1994 3517 ό·
2008 3483 2040 3525 de
2053 3483 2124 3512 leurs
2137 3494 2178 3512 em
2195 3483 2262 3524 lois,
2278 3486 2319 3522 &⁶

1257 3539 1327 3570 pour
1349 3528 1408 3559 §tre
1421 3525 1644 3567 fimblahlement
1663 3534 1717 3564 par
1735 3523 1794 3553 leur
1814 3523 1944 3563 ressa'ence
1961 3520 2119 3560 profitables
2134 3521 2153 3551 ὰ
2174 3533 2234 3553 eurs
2253 3528 2317 3556 Voi-

1298 3608 1378 3637 Nous
1401 3603 1545 3641 chargeons
1565 3600 1603 3636 ὠ
1621 3600 1808 3630 commandens
1826 3595 2017 3635 expreſjb‘ment
2032 3605 2088 3635 par
2110 3596 2141 3627 Ia
2156 3599 2287 3639 prefinte
2299 3601 2319 3632 a·

1259 3652 1320 3676 tous
1334 3655 1383 3675 nos
1396 3646 1582 3676 Lieutenans,
1601 3641 1713 3677 excepte
1721 3649 1786 3667 ceux
1800 3640 1846 3676 qui
1852 3635 1919 3674 sont
1940 3636 1972 3665 de
1993 3643 2072 3666 notre
2092 3638 2201 3676 Conftil
2215 3642 2317 3680 privs,

1259 3695 1292 3715 ou
1314 3687 1360 3724 qui
1378 3689 1428 3712 ont
1451 3679 1529 3710 ordre
1554 3678 1586 3707 de
1599 3676 1631 3717 ᾖ
1655 3681 1729 3706 tenir
1753 3674 1849 3714 auprcls
1872 3674 1905 3702 de
1929 3683 1997 3703 nous
2019 3675 2089 3705 dans
2101 3683 2181 3705 notre
2195 3680 2299 3716 Voyage
2307 3702 2318 3718 ³

1259 3733 1355 3752 comme
1371 3719 1443 3760 aussi
1455 3718 1473 3748 ἆ
1486 3725 1545 3747 tous
1556 3716 1595 3746 les
1609 3715 1728 3752 Nobles,
1747 3715 2014 3747 Vice-Lieutenans,
2031 3713 2190 3743 chevaliers
2204 3716 2243 3750 ὠ,
2265 3728 2318 3747 au-

1259 3768 1314 3790 tres
1331 3756 1567 3790 Gentils-hommes
1580 3754 1612 3783 de
1626 3749 1735 3793 qualite‘
1742 3756 1787 3792 qui
1801 3758 1852 3781 ont
1866 3762 1917 3779 une
1930 3751 2034 3790 maison
2048 3753 2229 3790 Seigneuriale
2242 3754 2314 3785 dan:

1258 3798 1289 3829 la
1309 3801 1463 3833 Province,
1486 3805 1536 3833 que
1561 3792 1630 3822 dans
1650 3795 1732 3828 vingt
1745 3791 1826 3829 jours
1847 3788 1924 3827 apre's
1944 3787 1973 3818 la
2010 3789 2157 3821 ublication
2179 3792 2211 3820 de
2235 3801 2315 3823 notre

1259 3837 1464 3867 Proclamati'on
1485 3833 1518 3862 ils
1531 3829 1643 3870 fhrtent
1660 3840 1733 3860 avec
1751 3829 1820 3859 leurs
1839 3830 1956 3857 Femmes
2036 3828 2108 3859 leurs
2129 3829 2258 3859 Famjlles
2279 3833 2314 3862 de

1258 3883 1338 3906 notre
1350 3877 1378 3905 V
1380 3873 1426 3903 ille
1446 3872 1479 3901 de
1500 3869 1625 3900 Londres
1643 3867 1682 3901 ὠ·
1706 3868 1739 3897 de
1750 3868 1794 3907 fix
1816 3866 1991 3903 Fauxbourgs
2013 3866 2052 3902 ὠ·
2074 3868 2132 3897 s'en
2151 3876 2313 3900 retournent

1257 3915 1327 3944 dans
1343 3912 1416 3942 leurs
1435 3909 1590 3948 differentes·
1609 3907 1742 3936 demererer
1760 3908 1792 3935 de
1812 3904 1842 3934 la
1866 3907 2016 3943 Province,
2033 3904 2073 3940 &
2092 3906 2173 3946 qu'ils
2185 3908 2224 3946 s’y
2236 3908 2315 3937 arre-

1256 3960 1319 3983 tent
1331 3951 1398 3991 &y
1413 3945 1564 3979 derueurcnt
1572 3943 1683 3985 justq‘u'ax
1699 3943 1781 3983 lafin
1807 3943 1852 3972 des
1873 3946 2006 3973 Vacances
2026 3944 2130 3974 d'Ete‘:
2148 3956 2183 3975 en
2198 3950 2260 3985 quoi
2275 3957 2317 3976 ce.

165 3988 293 4019 wherein
311 3990 509 4022 nevenheleise
522 3992 600 4023 Wee
612 3991 712 4023 would
728 3991 800 4021 have
817 3991 872 4021 this
886 4000 939 4020 our
954 3990 1221 4022 Commandemen-
1254 3991 1380 4030 pendant
1392 3998 1457 4019 nous
1470 3984 1618 4016 voudriom·
1631 3994 1684 4022 que
1703 3991 1782 4030 notre
1800 3982 2031 4028 commandement
2050 3981 2100 4021 frit
2118 3983 2181 4013 bien
2205 3988 2316 4022 compris

164 4034 194 4057 te
212 4035 244 4056 to
261 4026 299 4056 be
316 4027 486 4070 understood
504 4029 579 4068 that,
596 4031 664 4061 such
682 4040 710 4060 as
728 4030 800 4060 have
815 4029 966 4059 necessarie
984 4030 1117 4061 occafion
1134 4038 1166 4060 to
1180 4038 1220 4059 at·
1251 4039 1320 4070 pour
1334 4039 1384 4071 que
1400 4037 1465 4056 ceux
1484 4027 1529 4065 qus'
1542 4030 1591 4053 ont
1605 4019 1822 4068 ne‘cefffuremeut
1838 4020 1926 4059 befhm
1946 4021 1979 4049 de
1998 4031 2121 4067 vaquer3
2138 4022 2211 4052 dans
2236 4029 2317 4052 notre

162 4063 250 4097 tende
268 4062 352 4096 heere
369 4066 399 4097 i‘n
415 4075 484 4098 oure
500 4066 590 4101 Cittie
606 4068 644 4101 of
657 4067 786 4103 London
800 4067 846 4099 for
863 4067 988 4101 Tearme
1002 4067 1132 4109 Buisynes
1148 4078 1223 4099 con-
1258 4066 1333 4101 Villa
1349 4067 1381 4097 de
1395 4063 1537 4101 Londres,
1555 4071 1613 4097 aux
1627 4061 1740 4102 affimes
1759 4071 1806 4102 qun
1827 4059 1975 4097 regardent
2000 4057 2071 4091 lem
2092 4059 2166 4091 brem
2182 4070 2254 4101 1³⁰¹¹⁷
2274 4057 2312 4088 l⁹⁸

1142 4114 1206 4137 Ger*

2250 4103 2311 4133 tem
