2557 4279
276 123 353 150 222
719 102 1967 155 CONVENTIONES,LITERAE,

123 193 200 225 finni
213 191 255 222 D.
270 202 301 224 to
314 195 351 224 bc
365 193 466 232 aydi'ng
480 191 533 222 and
550 191 671 230 affisting
683 198 716 221 to
731 190 779 221 the
797 187 850 228 fid
865 192 958 226 Henry
973 190 1048 220 Earl
1062 189 1097 230 of
1107 188 1220 228 oxford
1232 198 1265 218 oi·
1282 189 1327 219 his
1364 186 1472 232 d'aider
1492 186 1530 222 ὠ
1552 188 1600 217 d’a
1618 186 1683 226 ister
1705 187 1772 217 ledit
1790 187 1884 218 Henri
1905 188 2015 219 Comte
2035 188 2182 220 d'Oxford
2196 200 2227 219 ou
2237 189 2284 229 fis
2299 190 2428 229 Dele‘gue's
2440 187 2518 220 Ann-
2528 189 2557 223 D

147 233 234 261 1621.
270 232 409 271 Deputies
429 231 606 268 respectively
631 231 659 259 in
681 229 731 260 the
751 230 806 260 due
822 231 971 260 execution
985 230 1022 260 of
1030 229 1079 261 the
1095 227 1263 265 Premisses‚
1279 237 1328 258 ac-
1361 223 1496 264 respeci‘tfs
1507 226 1575 255 dans
1605 227 1749 255 'execution
1763 226 1865 273 requise
1877 227 1922 256 des
1934 227 2021 266 choses
2036 228 2103 258 dont
2116 227 2140 258 il
2152 239 2170 256 a
2184 228 2294 267 efte‘fbit
2305 233 2423 260 mention
2468 229 2552 260 1621.

131 270 252 307 iyjam.
269 271 389 308 cordmg
404 279 435 300 [ο
454 279 508 298 om-
524 267 650 298 measure
665 268 763 298 before
776 269 869 300 herem
888 267 1040 306 expressed,
1361 262 1485 311 ci-deffio]
1497 287 1506 300 ,
1532 263 1738 303 conforme‘ment
1759 276 1778 294 a
1802 273 1879 295 notre
1895 265 2051 305 bon-plaisir
2072 270 2104 296 ici
2124 266 2226 297 dedans
2242 275 2421 305 anparavant
2442 275 2473 302 19
2480 267 2556 304 Jnm

1361 310 1489 340 exprtme.

121 796 198 827 Ann.
215 795 257 826 D.

145 836 229 864 1621.

116 2678 192 2708 Αηῃ,
211 2677 250 2708 D,

141 2718 227 2745 1622.

114 2759 174 2784 rat.
192 2764 234 2790 ¹9·
262 2756 319 2786 rjall
345 2755 457 2785 Crown
471 2776 480 2791 ‚
505 2753 558 2782 and
580 2754 629 2783 the
645 2752 755 2791 Tymes
777 2752 831 2781 and
850 2751 964 2782 Seasons
983 2753 1096 2784 thereof
1109 2755 1139 2784 so
1159 2755 1318 2787 absolutelie

115 2799 160 2831 js..
176 2803 190 2830 p
209 2805 248 2829 ¹4*
261 2796 290 2825 in
308 2804 362 2824 our
380 2803 450 2823 own
472 2792 572 2821 l'ower
592 2792 651 2821 that
666 2800 728 2821 wee
745 2791 815 2820 need
834 2800 885 2821 not
905 2792 972 2828 give
992 2792 1138 2830 Accompt
1156 2794 1256 2825 theros
1265 2805 1318 2825 un-

116 2844 141 2859 71.
160 2842 186 2865 9.

86 2878 89 2881 “
116 2872 168 2899 dor.

308 382 341 414 In
358 384 456 414 witnes
469 381 615 419 whereof‚
630 378 690 416 &a

302 457 419 489 Witnes
431 469 484 490 our
500 458 548 490 seli
559 466 587 490 at
598 457 796 499 Wstmiyster,
815 459 863 489 the
878 457 975 489 fourth
993 457 1059 497 Day
1077 456 1114 486 os
1124 455 1296 487 December.

751 538 804 566 Per
817 538 909 565 Breve
923 535 955 564 de
972 536 1091 564 Privato
1104 532 1205 570 Sigillo.

313 660 364 693 De
391 658 608 692 Pardonationa
626 659 749 704 speciali
765 669 818 703 pro
847 658 888 689 W
890 657 1009 689 illielmo
1029 659 1158 704 Capenor
1174 658 1265 703 fhper

610 709 742 739 Crimine
759 709 980 740 fornicationis.

270 797 326 852 R
337 794 362 825 E
372 793 413 841 X=
428 795 564 840 omnibus
579 792 613 823 ad
629 801 715 830 quos,
732 792 784 822 &c
812 790 955 836 Salutem..
1083 831 1088 837 ¹
1219 831 1225 837 ¹
1255 832 1260 837 .

367 832 448 864 Cum
468 831 628 863 Wdlzelmus
641 834 763 868 Capenor
781 830 817 861 de
833 831 972 861 Parochia
993 829 1089 862 Sancti
1099 830 1239 870 Johannis
1254 831 1325 862 infra

118 878 176 901 Pas.
197 883 238 907 19.
264 870 421 903 Civitatem
451 871 574 901 nostram
603 869 793 900 Gloucestriae
821 870 848 899 in
881 868 1029 900 Comitatu
1055 869 1175 909 ejusdem
1198 869 1327 901 Civitatis

115 914 151 946 J.
166 919 219 947 i.p.
232 908 398 949 3‚Yeoman
417 934 426 947 .,
454 918 484 940 ut
504 909 665 946 accepimus
679 930 688 945 ‚
714 908 828 938 antehac
848 908 989 939 accuiatus
1004 908 1057 939 fuit
1070 908 1106 938 de
1123 919 1158 939 eo
1173 909 1254 947 quod
1269 909 1325 946 ipse

118 960 145 976 n.
168 959 208 978 ΞΟ-

264 949 393 985 praefarus
414 948 577 978 Willielmus
593 951 714 985 Capenor
735 947 874 977 carnalem
891 946 1100 985 Cognitionem
1116 948 1256 985 Corporis
1274 958 1326 979 cu-

260 988 367 1025 jusdam
381 987 523 1026 Johannae
539 986 680 1015 Hawkins
699 985 858 1024 illegittime
878 984 978 1016 habuit
998 987 1032 1016 &
1047 985 1167 1017 Crimen
1184 986 1320 1017 Fornica-

260 1026 344 1056 tionis
368 1028 423 1057 sive
447 1025 587 1055 Adulterii
605 1033 674 1054 cum
695 1023 793 1054 eadem
811 1023 952 1062 Johanna
968 1024 1110 1053 Hawkins
1131 1024 1273 1054 commisit
1289 1026 1321 1056 ὃς

262 1066 446 1102 perpetravit,
464 1065 497 1094 &
512 1073 545 1093 ex
559 1063 661 1092 carnali
684 1062 879 1100 Copulatione
902 1062 1033 1100 praedieta
1052 1063 1182 1101 praefatus
1200 1063 1322 1093 Williel-

117 1110 137 1127 v*
154 1109 317 1146 XV11.771]115
337 1104 354 1122 ²*
377 1107 496 1142 Capenor
510 1101 654 1140 praefatam
670 1100 836 1139 Johannam
855 1101 1001 1137 gravidam
1026 1100 1095 1132 fecit
1107 1103 1139 1133 &
1157 1103 1318 1139 impreuna-

120 1158 184 1184 343-

259 1150 317 1178 vit,
335 1142 367 1172 &
384 1152 418 1171 ex
434 1141 484 1172 illo
498 1140 653 1171 adulterino
670 1140 785 1171 Semine
799 1139 914 1178 praefata
930 1139 1068 1178 Johanna
1088 1140 1230 1178 quendam
1245 1143 1320 1179 opu-

257 1180 329 1209 rium
343 1180 398 1211 sive
414 1180 544 1218 Spuriam
559 1179 677 1217 peperit.

295 1217 432 1256 Cumque
445 1219 528 1249 etiam
547 1218 708 1255 accepimus
725 1217 804 1255 quod
821 1217 950 1255 praefatus
968 1216 1131 1247 Willielmus
1147 1220 1266 1256 Capenor
1281 1217 1318 1248 fic

257 1265 289 1288 ur
304 1257 447 1294 praefertur
461 1256 601 1287 accusatus
618 1255 754 1294 existens,
770 1257 803 1288 ὃ(
816 1265 847 1286 ut
861 1256 1017 1294 Reputatns
1033 1256 1113 1286 Pater
1135 1256 1228 1293 Spurii
1244 1266 1318 1294 prte-

257 1295 342 1333 ditsti,
357 1295 513 1326 secundum
531 1295 655 1325 formam
671 1295 772 1326 Staturi
789 1296 818 1324 in
833 1304 868 1325 eo
885 1295 948 1325 casu
966 1295 1033 1324 editi
1053 1296 1087 1325 δε
1103 1294 1225 1332 provifi,
1246 1303 1318 1324 con-

257 1334 349 1364 victus
369 1334 462 1366 existit
480 1357 489 1371 ‚
513 1334 545 1364 &
563 1332 681 1372 proinde
702 1332 886 1364 Securitatem
902 1332 1087 1363 sufficientem
1102 1332 1228 1371 invenit,
1240 1333 1317 1369 juxta

257 1373 382 1404 formam
398 1373 497 1404 Statuti
513 1373 653 1411 praedicti,
671 1381 724 1410 pro
746 1371 968 1402 Manutentione
986 1371 1018 1401 &
1033 1370 1209 1401 Educatione
1225 1370 1317 1407 Spurii

257 1411 385 1450 praeditsti
402 1414 434 1444 &
450 1415 526 1450 quod
546 1411 655 1441 Subditi
673 1409 761 1440 nostri
784 1412 817 1442 ὃς
833 1410 1000 1440 Parochiani
1016 1410 1045 1438 in
1062 1409 1201 1440 Parochia
1216 1409 1259 1439 illa
1273 1410 1317 1439 in-

256 1451 412 1481 habitantes
429 1451 478 1481 ubi
492 1450 606 1489 Spurius
623 1449 770 1487 praedic‘tus
787 1457 863 1478 natus
878 1448 929 1478 fuit
939 1470 949 1486 ,
967 1447 1078 1478 nullum
1093 1456 1243 1486 gravamen
1260 1447 1316 1478 five

256 1498 467 1519 nocumentum
487 1499 538 1526 pro
553 1489 597 1519 vel
618 1490 692 1518 circa
709 1486 930 1517 Manutentione
951 1486 1009 1517 sive
1029 1485 1208 1518 Educatione
1224 1485 1317 1525 Spurii

257 1528 384 1567 praedit‘ti
398 1527 569 1558 sustinebunt
587 1525 794 1565 quovismodo,

298 1567 394 1597 Sciatis
411 1567 487 1604 quod
505 1565 571 1596 Nos
581 1587 590 1602 ,
609 1564 713 1594 Pietate
730 1565 801 1594 moti
819 1588 829 1603 ,
852 1564 885 1594 ad
900 1563 1038 1594 humilem
1053 1563 1226 1596 Petitionetn
1242 1573 1317 1602 prce-

258 1604 305 1636 fati
325 1605 470 1636 Willi‘elmi
494 1608 632 1643 Capertur,
660 1602 696 1632 de
718 1601 817 1633 Gratia
839 1601 934 1633 nostra
960 1602 1097 1641 speciali,
1123 1612 1156 1633 ac
1181 1611 1215 1633 ex
1241 1610 1317 1633 certa

258 1644 380 1674 Scientia
403 1645 435 1674 ὅ(
461 1653 542 1673 mero
569 1641 655 1671 Moru
678 1640 800 1680 nostris,
824 1641 1041 1678 pardonavimus
1057 1641 1212 1672 remisimus
1229 1641 1317 1671 &re-

254 1683 426 1720 laxavimue,
444 1692 476 1712 ac
494 1691 541 1718 per
556 1680 707 1711 Praesentes
723 1689 774 1716 pro
793 1680 891 1710 Nobis
904 1679 1074 1711 Haeredibus
1090 1682 1122 1712 ὅ(
1139 1679 1316 1710 Successori-

257 1721 310 1751 bus
325 1721 440 1758 nostris,
469 1720 654 1757 pardonamus
669 1719 835 1750 remittimus
852 1719 884 1749 ὅ(
903 1718 1056 1749 relaxamus
1071 1718 1162 1750 eidem
1182 1717 1319 1748 Wielliel-

256 1770 297 1789 mo
317 1766 454 1797 capez-or,
473 1759 517 1788 seii
542 1767 714 1795 quocunque
737 1757 791 1787 alio
807 1757 943 1787 Nomine
956 1756 1143 1796 Cognomine
1155 1756 1212 1787 sive
1225 1754 1317 1787 Addi-

254 1800 333 1829 tione
349 1797 489 1827 Nominis
504 1796 547 1826 vel
563 1795 760 1833 Cognominis
774 1795 867 1826 Tituli
883 1795 959 1826 Artis
968 1795 1091 1826 Misterii
1109 1795 1183 1826 Loci
1201 1795 1246 1827 vel
1254 1795 1316 1826 Lo-

255 1847 358 1867 corum
373 1836 447 1866 idem
466 1834 631 1865 ll'r'llielmus
645 1834 744 1864 sciatur
761 1834 902 1865 censeatur
919 1844 1098 1872 nuncupetur
1114 1835 1170 1866 sive
1190 1843 1317 1871 cognos-

257 1885 352 1913 catur,
369 1884 415 1905 aut
433 1884 522 1911 nuper
540 1873 676 1904 sciebatur
690 1873 853 1903 censebatur
875 1875 1086 1912 nuncupabatur
1099 1872 1144 1904 seu
1159 1873 1317 1911 cognosce-

256 1915 354 1952 batur,
372 1913 494 1944 Crimen
510 1912 733 1943 Incontinentiae
751 1912 958 1942 Fornicationis
978 1913 1036 1945 sive
1056 1911 1195 1942 Adulterii
1211 1911 1315 1949 praedi.

255 1953 335 1983 (stum
346 1976 355 1990 ‚
372 1962 405 1982 ac
420 1952 518 1982 omnia
532 1951 564 1981 &
586 1950 687 1989 lingula
704 1949 857 1981 Malefaeta
877 1950 909 1981 &
924 1950 1164 1990 Transgressiones
1181 1950 1317 1988 quascun-

251 2001 308 2028 que
322 1991 545 2021 incontinentiae
560 1989 766 2020 Fornicationis
787 1989 844 2018 sive
870 1988 1008 2020 Adulterii
1031 1999 1079 2028 per
1093 1988 1216 2020 eundem
1235 1988 1313 2019 Wil-

253 2029 369 2059 lielmum
385 2033 407 2059 C
407 2037 504 2066 apenor
520 2029 575 2058 una
593 2037 661 2058 cum
685 2027 783 2058 eadem
799 2026 942 2066 Johanna
957 2029 1097 2058 Hawkins
1113 2027 1264 2059 commissa
1279 2027 1314 2057 fi-

256 2079 294 2098 ve
316 2077 487 2105 perperrata,
513 2068 542 2096 in
566 2067 660 2104 aliquo
683 2075 831 2108 tangentes
847 2066 902 2096 five
922 2075 1139 2105 concernentes,
1161 2065 1315 2097 licetidem

255 2107 423 2137 [Villtslmus
438 2110 559 2145 capenor
575 2106 611 2135 de
628 2104 780 2135 Praemiilis
792 2105 838 2135 vel
855 2104 950 2143 aliquo
967 2105 1183 2136 Praemissorum
1198 2104 1317 2136 indicta-

255 2154 300 2176 ως
314 2146 463 2184 appellatus
480 2145 593 2174 reclama
608 2145 705 2173 citatus
720 2145 987 2175 excommunicatus
1007 2145 1053 2175 vel
1071 2143 1241 2182 adjudicatus
1258 2145 1317 2175 exi-

256 2183 303 2215 stit
326 2190 381 2215 live
401 2194 460 2214 non
485 2183 576 2214 existit
590 2205 599 2219 ,
626 2191 671 2213 aut
690 2182 755 2212 inde
776 2182 904 2213 indi-stari
918 2183 1049 2221 appellari
1062 2184 1158 2215 fastan
1173 2183 1253 2213 citari
1268 2191 1315 2212 ex—

255 2224 462 2253 communic-ari
477 2222 628 2259 adjudicari
647 2221 690 2250 vel
704 2222 800 2258 attingi
821 2223 971 2261 contigerit
987 2224 1015 2252 in
1032 2223 1161 2254 futurum
1172 2244 1182 2260 ,

290 2262 336 2292 Ac
352 2271 474 2292 omnem
488 2263 520 2291 ὅς
537 2259 741 2290 omnimodam
759 2260 901 2298 publicam
920 2260 1125 2292 poenitentiam
1135 2269 1210 2301 ‚tam
1225 2261 1253 2291 in
1268 2260 1317 2291 ali-

255 2302 358 2339 quibus
372 2299 503 2330 Ecclcsiis
518 2298 744 2334 Parochialibus‚
762 2299 847 2336 quam
863 2299 926 2329 alibi
944 2301 1118 2338 ubicumque
1167 2300 1260 2329 modo
1274 2300 1316 2328 in-

251 2341 381 2378 junttam
408 2339 452 2368 vel
470 2337 658 2375 imposterum
682 2338 710 2366 in
728 2336 863 2375 aliquibus
880 2337 974 2369 Curiis
999 2338 1100 2369 nostris
1117 2324 1318 2370 Isscclefiasticis

256 2378 302 2409 vel
318 2378 394 2408 aliter
409 2376 609 2414 injungendam
624 2376 668 2405 vel
686 2375 891 2413 peragendam,

294 2415 339 2446 Ac
365 2418 449 2446 etiam
474 2415 571 2444 omnia
592 2416 625 2445 ὅ(
647 2413 753 2451 singula
773 2414 878 2452 judicia
901 2415 935 2445 &
949 2414 1054 2446 Poenas
1077 2415 1257 2454 quascunque
1270 2415 1316 2447 vel

322 2546 368 2580 De
395 2541 630 2576 Proclamatiime
656 2542 750 2586 Regia
767 2550 821 2585 pro
846 2538 1035 2584 Diffolutione
1058 2542 1263 2575 Conventionis

685 2588 892 2621 Parliamemi.

254 2675 261 2682 ‘
264 2678 356 2742 AL
367 2687 411 2708 BE
424 2685 464 2706 ιτ
484 2677 532 2707 the
549 2674 728 2718 Assembling
741 2675 925 2719 contynuing
940 2674 994 2706 and
1009 2675 1161 2721 dissolving
1173 2677 1210 2708 of
1217 2678 1319 2711 Parlia-

343 2725 432 2746 ments
447 2716 483 2745 bc
501 2725 515 2744 a
539 2714 718 2753 Prerogative
732 2716 761 2742 10
779 2714 927 2752 peculiarly
944 2714 1099 2754 belonging
1112 2725 1143 2746 to
1154 2726 1207 2748 our
1222 2716 1318 2756 Impe-

262 2842 294 2863 [ο
313 2842 383 2872 any3
400 2841 468 2871 yet,
484 2829 640 2868 according
658 2838 690 2860 to
709 2839 760 2858 our
778 2830 942 2868 contynuall
961 2829 1091 2860 custome
1111 2840 1143 2862 to
1161 2833 1243 2863 make
1266 2844 1318 2864 our

281 2872 342 2902 ood
368 2871 486 2908 subjects
509 2867 675 2906 acquainted
699 2867 771 2898 with
796 2867 845 2897 the
873 2868 998 2898 Reasons
1014 2869 1051 2899 of
1061 2869 1094 2898 all
1112 2880 1166 2900 our
1184 2871 1320 2910 publique

259 2881 444 2940 {esolutions
463 2907 516 2937 and
538 2907 657 2937 Afftions
671 2929 681 2943 ‚
706 2905 766 2936 We
782 2905 852 2936 have
871 2907 995 2945 thought
1015 2908 1034 2937 it
1054 2908 1201 2945 expedient
1219 2919 1246 2940 at
1264 2911 1320 2941 this

261 2958 340 2987 tyme
358 2957 389 2978 to
408 2946 516 2977 declare
533 2969 542 2984 ‚
567 2954 618 2975 not
643 2944 710 2983 only
735 2954 788 2974 our
808 2944 934 2975 Pleasure
953 2946 1007 2976 and
1026 2946 1197 2978 Resolution
1213 2949 1319 2988 thetin,

259 2986 407 3026 grounded
426 2994 524 3022 uppon
544 2992 652 3013 mature
675 2982 870 3012 Deliberation
882 3005 891 3020 2
909 2983 980 3014 with
1000 2985 1048 3014 the
1068 2985 1171 3016 Advise
1187 2986 1240 3017 and
1260 2990 1321 3018 uni-

263 3028 357 3055 forme
376 3025 496 3054 consent
515 3021 551 3051 of
564 3032 617 3051 our
634 3022 731 3051 whole
748 3021 842 3051 Privie
860 3021 1004 3053 Councell
1017 3046 1027 3059 ,
1046 3024 1096 3053 but
1113 3024 1264 3056 therewith
1283 3026 1322 3056 al-

262 3065 293 3094 so
310 3072 342 3094 to
362 3070 431 3092 note
448 3061 525 3091 some
540 3059 666 3096 especiall
686 3058 874 3097 Proceedings
902 3063 1023 3098 moving
1042 3060 1090 3091 Us
1108 3070 1139 3092 to
1157 3064 1212 3094 this
1231 3063 1324 3094 Reso-

262 3103 355 3133 lution
374 3101 429 3130 and
454 3100 514 3129 that
530 3098 634 3137 chiefly
652 3106 685 3127 to
703 3098 756 3127 this
774 3097 854 3135 end3
879 3098 938 3128 that
963 3109 990 3128 as
1009 3098 1080 3130 God
1098 3102 1127 3130 so
1147 3102 1195 3131 the
1214 3102 1322 3133 World

265 3151 332 3180 may
352 3139 459 3170 witness
480 3138 551 3167 with
576 3136 623 3166 Us
649 3137 707 3166 that
734 3137 754 3166 it
770 3146 826 3166 was
843 3146 897 3166 our
917 3135 1010 3168 Interit
1026 3146 1058 3168 to
1079 3137 1150 3169 have
1168 3140 1250 3170 made
1269 3142 1324 3171 this

265 3181 316 3210 the
335 3176 459 3217 happiest
479 3175 648 3206 Parliament
668 3175 727 3205 that
745 3184 812 3205 ever
830 3184 885 3205 was
904 3175 933 3204 in
952 3185 1006 3205 our
1018 3184 1112 3215 ryme,
1127 3179 1181 3208 and
1199 3179 1260 3209 that
1276 3181 1324 3209 the

268 3218 336 3250 Lett
353 3216 408 3246 and
426 3214 620 3252 [mpediment
646 3213 744 3243 theros
757 3213 843 3251 being
860 3213 1003 3244 discerned
1017 3237 1026 3250 .,
1050 3214 1084 3244 all
1103 3215 1325 3248 Misunderstan-

268 3258 348 3295 dings
364 3254 417 3286 and
432 3253 581 3293 Jealousies
599 3253 693 3291 might
713 3252 748 3282 be
768 3253 903 3283 removed
916 3275 925 3289 ,
940 3253 994 3282 and
1013 3252 1047 3282 all
1065 3262 1118 3283 our
1138 3253 1244 3293 People
1262 3265 1324 3295 may

270 3296 360 3325 know
379 3293 433 3323 and
453 3292 561 3322 believe
580 3292 638 3321 that
654 3300 699 3321 we
716 3299 761 3319 are
779 3300 805 3319 as
824 3290 878 3319 farr
897 3291 974 3320 from
989 3291 1133 3330 imputing
1144 3302 1196 3333 any
1217 3293 1254 3323 of
1263 3295 1327 3324 tho-

271 3334 298 3363 se
320 3333 347 3363 ill
370 3330 524 3362 Accidents
539 3330 598 3360 that
618 3330 691 3360 have
704 3328 847 3364 happened
863 3329 891 3358 in
904 3328 1075 3358 Parliament
1088 3338 1118 3358 to
1134 3341 1187 3369 any
1202 3342 1277 3363 want
1293 3343 1327 3363 or

271 3371 401 3410 Negle&
416 3370 451 3400 of
466 3369 557 3400 Dutie
570 3378 604 3398 or
617 3367 696 3406 good
708 3366 856 3397 Affefflon
877 3367 987 3397 toward
1004 3377 1034 3396 us
1046 3368 1084 3407 by
1101 3368 1182 3398 them
1200 3371 1229 3400 in
1243 3379 1328 3407 gene-

273 3410 321 3440 ral]
336 3432 344 3447 ‚
370 3419 401 3439 oi·
424 3409 461 3446 by
486 3408 534 3438 the
553 3415 660 3444 greater
680 3415 713 3435 or
730 3406 820 3435 better
840 3404 977 3435 Nomber
995 3405 1031 3435 of
1046 3405 1214 3438 Parliament
1234 3408 1327 3447 Men,

274 3458 300 3477 as
317 3458 362 3478 we
378 3456 421 3477 are
440 3445 584 3477 confident
596 3467 606 3482 ‚
633 3445 683 3475 the
707 3452 766 3474 true
785 3442 887 3473 Causes
905 3443 1068 3474 discovered
1087 3466 1096 3480 ‚
1120 3445 1187 3485 they
1211 3447 1270 3477 will
1292 3448 1328 3477 be

274 3486 327 3514 fars
344 3486 418 3515 from
438 3485 580 3521 imputing
599 3484 619 3513 it
639 3492 670 3512 to
686 3492 740 3521 any
759 3481 871 3511 Default
887 3482 914 3511 in
934 3482 997 3519 Us,
1015 3483 1094 3512 there
1110 3483 1214 3523 having
1233 3485 1261 3514 in
1281 3486 1328 3516 the

275 3525 429 3561 beginning
449 3523 485 3552 of
499 3523 554 3552 this
573 3523 624 3552 late
646 3520 802 3552 Assemblie
820 3520 912 3556 paffed
932 3529 1037 3558 greater
1062 3522 1115 3561 and
1135 3531 1215 3552 more
1230 3523 1330 3553 insalli-

276 3561 322 3590 blc
338 3561 458 3590 Tokens
475 3561 512 3590 of
528 3561 611 3590 Love
630 3559 683 3589 and
703 3560 791 3590 Dutie
810 3559 886 3587 from
903 3569 955 3588 oar
977 3559 1105 3596 Subjects
1126 3568 1156 3589 to
1177 3559 1224 3590 Us
1242 3561 1329 3592 [heire

275 3600 448 3636 Soveraigne
462 3622 471 3635 .,
493 3598 545 3628 and
566 3608 648 3628 more
668 3597 841 3627 remirkable
857 3597 1052 3626 Testimonies
1072 3596 1147 3627 from
1165 3597 1211 3628 Us
1227 3599 1263 3628 of
1277 3609 1329 3629 our

275 3637 416 3668 Princelie
438 3637 510 3666 Care
535 3637 587 3666 and
609 3636 696 3666 Zeale
715 3637 751 3665 os
764 3636 838 3665 their
858 3634 985 3666 VVelfaie
1000 3658 1010 3673 ,
1035 3635 1104 3666 then
1129 3636 1202 3667 have
1224 3637 1283 3675 byn
1302 3639 1331 3668 in

276 3685 330 3708 any
353 3675 517 3704 Parlicment
536 3683 604 3704 mett
622 3677 652 3704 in
669 3683 721 3712 any
740 3674 847 3704 former
867 3673 938 3711 Age.

313 3710 374 3743 'ru
384 3722 393 3741 1
404 3722 416 3742 s
444 3712 466 3741 i>
478 3722 496 3741 Λ
510 3722 528 3741 n
539 3722 558 3742 L
570 3722 578 3741 1
590 3723 611 3742 A
621 3720 646 3742 M
658 3722 675 3741 E
688 3721 708 3741 N
719 3721 742 3742 T
769 3721 825 3742 was
850 3712 886 3749 by
916 3711 962 3741 Us
983 3711 1071 3742 called
1088 3735 1098 3751 ‚
1113 3722 1141 3742 as
1154 3712 1199 3742 for
1213 3713 1329 3753 making

280 3754 356 3789 good
378 3751 430 3780 and
454 3750 604 3780 Profitable
628 3751 746 3788 Lawes,
774 3750 804 3779 so
825 3759 904 3779 more
923 3749 1067 3789 especially
1092 3753 1120 3780 in
1137 3751 1190 3781 this
1205 3760 1283 3790 tyme
1298 3754 1334 3783 of

282 3790 423 3818 irriserable
437 3787 598 3818 distraetion
612 3789 787 3826 throughout
796 3786 1002 3817 Christendom
1016 3788 1059 3818 for
1070 3790 1117 3819 the
1128 3790 1217 3819 better
1232 3790 1330 3830 setling

278 3828 314 3856 cf
326 3828 413 3856 Peace
434 3826 487 3855 and
504 3825 639 3861 Religion
656 3849 664 3863 ,
688 3826 742 3855 and
758 3825 894 3864 restoring
908 3836 960 3855 our
977 3826 1116 3856 Children
1132 3837 1162 3858 to
1177 3828 1249 3857 their
1262 3839 1331 3858 aun-

279 3867 356 3894 cient
377 3865 430 3893 and
445 3863 548 3893 lawfull
565 3863 727 3903 Patrimony
741 3888 750 3901 ,
769 3864 867 3894 which
883 3873 929 3893 we
941 3866 1095 3901 attempted
1112 3874 1142 3895 to
1156 3876 1275 3903 procure
1289 3869 1327 3907 by

283 3902 429 3940 peaceable
451 3901 564 3931 Treatie
583 3912 610 3932 at
633 3912 685 3931 out
707 3912 765 3931 oun
788 3901 926 3932 exceffive
942 3902 1072 3941 Charge,
1088 3903 1205 3944 tliereby
1221 3912 1254 3934 to
1268 3905 1329 3937 save

281 3942 336 3971 end
353 3949 471 3976 prevent
494 3939 543 3968 the
561 3938 680 3969 effuiion
698 3941 734 3970 of
749 3939 892 3969 Christian
912 3940 1001 3970 Bioud
1017 3942 1066 3971 the
1081 3942 1225 3972 miserable
1242 3943 1328 3974 effe&

280 3979 315 4009 of
334 3978 420 4009 Visam
442 3977 494 4007 and
516 3976 677 4008 Disseiiiion
691 3989 701 4015 3
727 3987 775 4016 yet
789 3978 863 4009 with
879 3978 930 4009 fun
944 3979 1070 4017 Purpole
1082 3980 1108 4011 if
1120 3981 1179 4014 that
1191 3980 1331 4013 succeded

1281 4029 1332 4052 not

1397 379 1445 407 En
1451 375 1496 415 foi
1509 378 1541 408 de
1553 381 1630 419 quoi,
1650 377 1712 413 &a

1397 455 1518 485 Temoins
1530 455 1706 486 nous-memes
1718 455 1737 486 d
1746 454 1968 494 Westminster‚
1987 454 2012 485 le
2027 461 2174 497 quatrieme
2188 459 2220 489 de
2235 461 2388 491 Decembre.

1855 532 1911 563 Per
1928 531 2017 564 Breve
2033 534 2069 564 de
2085 533 2199 567 Privato
2213 536 2319 576 Sigillo.

1363 655 1569 699 qualescunque
1593 659 1685 689 versus
1702 660 1793 697 ipsum
1810 656 1990 688 Willielmum
2008 660 2159 691 occasione
2173 659 2295 698 ejusdem
2312 660 2422 692 Crimi-

1363 703 1406 724 nis
1423 693 1642 727 Incontinentiae
1658 697 1865 728 Fornicationis
1886 697 1939 726 five
1966 697 2104 729 Adulterii
2120 700 2248 737 praedicti
2268 709 2317 737 per
2332 700 2422 735 ipsum

1364 732 1540 764 Willielmum
1573 746 1641 767 cum
1662 737 1761 767 eadem
1788 734 1931 774 Johanna
1956 737 2096 766 Hawkins
2113 760 2122 774 ,
2147 738 2182 768 sic
2205 749 2235 768 ut
2261 737 2425 777 praefertur,

1363 772 1506 803 commiffi
1529 773 1584 805 sive
1603 777 1766 814 perpetrati,
1790 775 1896 804 redd2ta
1922 774 1994 804 facta
2019 775 2114 806 habita
2136 776 2192 807 sive
2207 776 2362 814 adjudicata
2375 785 2422 808 aut

1361 808 1452 841 fienda
1468 811 1594 843 habenda
1609 814 1750 844 reddenda
1761 813 1941 850 adjudicanda
1956 812 2012 842 sive
2024 815 2196 852 exequenda.

1402 849 1535 881 Necnon
1550 861 1650 882 omnes
1665 854 1698 885 &
1712 851 1893 883 omnimodas
1910 851 2006 881 Sectas
2021 853 2156 890 Qierelas
2169 853 2365 892 Imperitiones
2379 853 2424 884 Fi-

1364 897 1413 918 nes
1427 889 1460 919 &
1476 888 1648 922 Demaunda
1662 901 1844 929 quaecunque
1854 914 1864 928 ‚
1884 899 1948 927 quae
1961 900 2014 920 nos
2029 891 2120 921 versus
2132 893 2223 930 ipsum
2243 892 2424 922 Willielmum

1363 931 1484 971 Capenor
1503 938 1556 965 pro
1572 929 1618 959 vel
1634 931 1834 960 concernentia
1852 929 1973 959 Crimen
1989 930 2157 968 praedictum
2172 932 2309 962 habemus
2322 932 2425 961 habui-

1364 975 1426 997 mus
1443 970 1487 996 {eu
1502 969 1530 996 in
1549 966 1677 998 futurum
1695 969 1797 999 habere
1811 968 1983 1005 poterimus,
2002 969 2048 998 'aut
2061 967 2197 1000 Haeredes
2213 970 2259 1002 vel
2273 969 2425 1001 Successo-

1363 1013 1405 1046 res
1420 1005 1505 1035 nostri
1522 1005 1611 1036 versus
1626 1007 1718 1043 ipsum
1735 1006 1912 1036 Willielmum
1925 1005 2077 1036 occasione
2089 1007 2224 1045 praedieca
2237 1009 2342 1039 habere
2357 1018 2425 1046 pos-

1362 1044 1414 1073 iint
1431 1045 1459 1072 in
1475 1045 1618 1081 futurum,
1636 1045 1816 1082 eundemque
1832 1045 1867 1075 ab
1881 1045 1962 1075 omni
1977 1044 2102 1076 ulteriori
2111 1046 2209 1083 judicii
2217 1046 2425 1078 observatione

1361 1081 1406 1112 seu
1424 1082 1627 1113 Molestatione
1641 1084 1734 1121 quoad
1752 1083 1871 1114 Crimen
1887 1082 2056 1120 praedictum
2066 1106 2076 1122 ,
2090 1093 2140 1122 per
2151 1094 2218 1116 eum
2235 1094 2266 1116 ut
2278 1086 2422 1123 praefertur

1360 1121 1550 1151 commiffum
1561 1143 1571 1158 ,
1588 1121 1755 1152 dimittimus
1772 1132 1821 1159 per
1835 1121 1995 1152 Praesentes.

1395 1158 1430 1189 N
1433 1159 1540 1190 olentes
1554 1161 1634 1197 quod
1650 1160 1726 1190 idem
1746 1163 1788 1189 W
1788 1159 1913 1190 illielmus
1928 1164 2051 1199 Capenor
2070 1162 2178 1192 ratione
2194 1160 2334 1193 Criminis
2347 1172 2422 1201 prae-

1360 1196 1428 1227 dieti
1453 1208 1502 1235 per
1520 1198 1612 1235 ipsum
1633 1208 1702 1230 cum
1723 1198 1824 1230 eadem
1843 1198 1982 1238 Johanna
1998 1200 2159 1239 Hawkins,
2175 1199 2213 1231 fic
2229 1209 2261 1232 ut
2274 1201 2425 1240 praefertur

1361 1236 1521 1273 commissi,
1539 1245 1585 1268 aut
1598 1236 1760 1276 aliquorum
1778 1247 1961 1276 quorumcun
1984 1246 2019 1267 ue
2033 1237 2143 1269 dierum
2159 1238 2279 1270 Crimen
2292 1239 2424 1278 qualiter-

1359 1283 1472 1313 cunque
1496 1277 1676 1312 tangentium
1691 1301 1700 1314 ,
1726 1286 1776 1314 per
1801 1276 1870 1306 Nos
1889 1276 1935 1307 vel
1983 1276 2087 1306 aeredes
2107 1276 2235 1317 nostros,
2251 1278 2295 1308 seu
2311 1288 2361 1316 per
2373 1279 2424 1310 ali-⁵

1358 1322 1431 1350 quos
1441 1313 1556 1352 Judices
1568 1313 1732 1346 Officiarios
1750 1315 1805 1345 sive
1821 1314 1969 1345 Ministros
1985 1313 2114 1354 nostrOS,
2132 1316 2176 1347 vel
2192 1327 2241 1355 per
2257 1317 2322 1348 alios
2336 1327 2424 1355 quos-

1358 1361 1472 1389 cunque
1489 1376 1499 1390 ,
1522 1353 1673 1390 impetatur
1690 1361 1821 1384 oneretur
1843 1353 2008 1384 molestetur
2030 1354 2135 1385 citetur
2154 1357 2423 1387 excommunicetur

1357 1391 1387 1420 in
1401 1390 1497 1429 aliquo
1513 1391 1558 1421 seu
1572 1400 1720 1431 gravetur,
1739 1402 1792 1423 nec
1809 1391 1875 1422 inde
1888 1391 2075 1429 imposterum
2091 1392 2214 1424 trahatur
2230 1394 2259 1424 in
2271 1394 2423 1432 Judicium

1358 1430 1552 1468 quovismodo
1564 1454 1573 1468 ,
1591 1431 1636 1461 sed
1652 1431 1743 1469 ipsum
1754 1431 1821 1462 inde
1835 1430 1973 1462 Haeredes
1987 1429 2162 1462 Executores
2182 1432 2216 1462 &
2229 1433 2425 1471 Administra-⁴

1359 1477 1434 1499 tores
1447 1468 1524 1507 suos,
1542 1478 1728 1501 exoneramus
1743 1470 1777 1501 &
1789 1471 1979 1508 acquietamus
1992 1470 2212 1509 imperpetuum.

1399 1505 1543 1538 Volumus
1569 1508 1679 1546 insuper
1700 1508 1782 1547 quod
1801 1509 1847 1539 hae
1871 1508 1976 1539 Literae
1990 1508 2095 1539 nostrae
2110 1509 2255 1546 Parentes,
2274 1519 2308 1540 ac
2321 1511 2420 1541 omnia

1354 1546 1388 1577 &
1401 1545 1508 1583 singula
1521 1547 1549 1576 in
1567 1546 1673 1577 eisdem
1695 1555 1832 1578 contenta
1857 1546 1948 1577 firmae
1970 1546 2069 1578 validae
2095 1547 2181 1577 bonae
2197 1547 2369 1580 sufficientes
2387 1550 2418 1579 in

1358 1584 1439 1623 Lege
1453 1593 1535 1616 erunt
1551 1585 1585 1615 &
1601 1585 1739 1624 existent,
1757 1594 1858 1616 contra
1874 1585 1944 1615 Nos
1960 1584 2097 1616 Haeredes
2117 1587 2151 1617 ὅ(
2168 1585 2348 1618 Succeffores
2362 1597 2419 1618 no-

1358 1622 1429 1652 stros
1445 1645 1454 1661 2
1478 1633 1511 1654 ac
1533 1623 1733 1663 benigniffime
1750 1625 1779 1654 in
1793 1623 1924 1654 favorem
1939 1623 2067 1662 praedieti
2083 1623 2248 1663 Willielmi,
2264 1635 2298 1656 ac
2312 1627 2342 1655 in
2359 1626 2419 1663 ejus

1357 1660 1600 1692 Exonerationem
1613 1663 1646 1693 &
1664 1663 1894 1700 Acquietantiam
1909 1662 1945 1693 de
1959 1664 1992 1694 &
2006 1672 2058 1699 pro
2073 1662 2226 1694 Praemiffis
2240 1665 2269 1694 in
2283 1665 2420 1695 omnibus

1356 1698 1453 1730 Curiis
1466 1700 1589 1738 nostris,
1603 1710 1636 1731 ac
1653 1701 1718 1730 alibi
1734 1701 1805 1730 infra
1820 1700 1951 1738 Regium
1964 1701 2095 1732 nostrum
2112 1702 2243 1741 Angliae‚
2262 1699 2418 1734 habeantur

1357 1737 1550 1776 adjudicentur
1565 1747 1743 1775 exponantur
1753 1739 1920 1769 allocentur.

1395 1776 1515 1808 Proviso
1538 1776 1649 1814 semper
1669 1776 1749 1815 quod
1770 1777 1816 1807 hae
1832 1777 1937 1809 Literae
1951 1776 2054 1808 nostrae
2071 1777 2201 1809 Parentes
2215 1778 2261 1809 vel
2278 1779 2370 1818 aliqua
2387 1780 2417 1810 in

1357 1814 1463 1846 eisdem
1480 1823 1615 1847 contenta
1624 1838 1634 1854 ‚
1654 1825 1713 1846 non
1727 1823 1904 1853 exponantur
1917 1816 2072 1846 habeantur
2085 1816 2277 1854 adjudicentur
2292 1819 2338 1849 vel
2348 1818 2422 1850 allo-

1357 1863 1459 1885 centur
1475 1856 1504 1884 in
1511 1854 1753 1886 Exonerationem
1766 1854 1946 1886 securitatum
1961 1854 2164 1892 praedictarum
2179 1865 2228 1893 per
2239 1855 2327 1894 ipsum
2343 1857 2421 1887 Wil-

1357 1892 1476 1923 lielmum
1496 1896 1616 1932 capenor
1640 1893 1678 1924 fic
1704 1902 1735 1924 ut
1752 1893 1897 1931 praefertur
1910 1895 2090 1924 inventarum
2105 1893 2151 1925 vel
2167 1894 2357 1931 imposterum
2375 1897 2420 1925 in-

1358 1931 1560 1963 veniendarum
1614 1941 1668 1970 pro
1693 1931 1916 1963 Manutenrione
1937 1932 1971 1963 &
1991 1931 2170 1962 Educatione
2184 1931 2278 1970 Spurii
2294 1933 2423 1971 praedieti

1357 1972 1390 2001 in
1406 1970 1547 2001 Parochia
1560 1955 1610 2001 ubi
1624 1970 1740 2008 Spurius
1762 1970 1913 2008 praedictus
1932 1980 2012 2003 natus
2026 1971 2095 2009 fuit3
2113 1981 2176 2001 non
2188 1970 2318 2002 obstante
2330 1972 2420 2011 aliqua

1358 2009 1525 2040 Omiffione
1544 2010 1590 2041 vel
1607 2008 1724 2040 defectu
1738 2010 1767 2039 in
1780 2008 1834 2039 hiis
1853 2009 1967 2040 Litteris
1990 2008 2152 2040 Parentibus
2167 2012 2323 2047 contentis,
2337 2019 2422 2048 atque

1357 2048 1452 2086 aliquo
1467 2048 1523 2078 alio
1538 2048 1616 2078 Actu
1630 2047 1820 2078 Ordinatione
1836 2047 1947 2078 Statuto
1961 2048 2018 2080 five
2031 2046 2226 2079 Restitutione
2248 2050 2280 2079 in
2295 2047 2418 2081 Contra-

1359 2088 1432 2118 rium
1445 2087 1510 2117 inde
1525 2087 1554 2116 in
1571 2086 1668 2125 aliquo
1684 2097 1745 2117 non
1759 2085 1950 2117 obstantibus:

1396 2125 1415 2145 ⁴⁸
1437 2124 1483 2156 Eo
1498 2125 1579 2163 quod
1594 2125 1718 2163 expreffa
1731 2125 1857 2163 mentio,
1875 2125 1938 2158 &c.

1392 2202 1428 2233 In
1440 2202 1520 2241 cujus
1533 2204 1589 2242 rei,
1607 2204 1669 2235 ἃς.

1377 2278 1483 2349 effigste
1505 2279 1585 2320 Rege
1605 2279 1680 2318 apud
1700 2278 1966 2320 Wstmonasterium
1979 2303 1989 2319 ,
2013 2279 2128 2311 decimo
2150 2279 2270 2319 septimo
2291 2279 2337 2312 die
2357 2280 2420 2312 De-

1357 2328 1374 2349 C
1444 2328 1490 2348 HS.

1858 2398 1912 2426 Per
1926 2399 2020 2425 Breve
2033 2396 2065 2426 de
2082 2398 2203 2427 Privato
2215 2394 2315 2433 Sigillo.

1514 2541 1742 2578 Proclamation
1760 2552 1844 2589 pour
1865 2538 2026 2583 diss'oudre
2044 2539 2071 2574 le
2087 2539 2268 2575 Parlement.

1359 2679 1529 2744 QUoique
1553 2676 1578 2707 le
1600 2679 1684 2707 Droit
1706 2672 1892 2715 d’afflmhler,
1915 2675 1948 2704 de
1964 2678 2103 2705 continuer
2119 2674 2157 2711 ὠ
2180 2675 2212 2705 de
2230 2675 2362 2716 diffiudre
2381 2676 2419 2708 les

1442 2715 1598 2746 Parlemens
1612 2715 1671 2755 fian
1694 2727 1745 2745 une
1765 2717 1942 2751 Pre‘rogative
1956 2714 2238 2754 fiparticulierement
2257 2716 2383 2746 attache'e
2399 2716 2421 2746 a*

1358 2763 1436 2786 notre
1458 2759 1596 2784 Couronne
1616 2752 1778 2797 Impe‘riale,
1799 2752 1836 2787 &t
1854 2764 1903 2793 que
1919 2752 1956 2781 les
1976 2761 2043 2782 tems
2057 2750 2095 2786 d*-
2113 2752 2152 2782 les
2155 2752 2263 2792 fhisbns
2277 2754 2309 2784 de
2322 2754 2359 2784 les
2375 2762 2419 2785 te·

1357 2798 1403 2824 nir
1416 2793 1598 2833 de'pendentfi
1611 2792 1777 2831 absolument
1796 2792 1828 2821 de
1848 2799 1927 2822 notre
1942 2793 2080 2828 Pouvair,
2097 2802 2147 2832 que
2163 2802 2229 2821 nous
2244 2793 2355 2830 n'ayons
2362 2801 2416 2831 pas

1359 2831 1443 2871 hesbin
1458 2832 1519 2862 d'en
1531 2831 1627 2861 rendre
1644 2843 1731 2860 aucun
1747 2838 1861 2868 compte3
1881 2831 2036 2860 ne‘anmotns
2059 2840 2127 2860 nous
2147 2841 2236 2860 avons
2242 2832 2314 2870 juge‘
2326 2831 2343 2861 a*
2354 2841 2421 2871 pro-

1357 2880 1419 2910 pos,
1430 2870 1506 2910 selon
1521 2878 1598 2900 notre
1613 2869 1749 2908 constante
1762 2876 1880 2899 coutume
1895 2867 2054 2906 d'informer
2069 2879 2118 2898 nos
2130 2867 2194 2898 bons
2200 2872 2237 2898 Su
2251 2878 2291 2900 ets
2303 2870 2348 2899 des
2363 2874 2424 2901 rai-

1350 2911 1419 2950 stans
1443 2910 1475 2938 de
1498 2916 1586 2938 tontes
1611 2918 1657 2938 nos
1681 2909 1801 2938 Aeliam
1819 2907 1856 2942 ὼ
1871 2906 2039 2945 Re'sblutions
2049 2906 2202 2945 publiques,
2238 2920 2251 2937 e
2265 2908 2384 2938 declarer
2398 2908 2418 2938 ἃ

1353 2948 1463 2987 prestnt
1478 2959 1531 2978 non
1540 2945 1689 2986 seulement
1703 2954 1780 2977 notre
1795 2945 1911 2976 ‘volante'
1919 2944 1957 2979 ὠ·
1972 2948 2112 2975 intention
2130 2945 2148 2974 ιὶ
2164 2952 2204 2975 cet
2217 2946 2423 2985 fgardfonde'es

1355 2987 1404 3026 fier
1419 2989 1451 3018 de
1471 2987 1556 3017 nnires
1572 2984 1763 3015 deliberations
1781 2982 1819 3018 ό»
1829 2983 1880 3024 ]ἶιν
1895 2983 1933 3013 les
1949 2987 2012 3013 avis
2035 2987 2178 3013 unanimes
2199 2983 2232 3013 de
2255 2992 2316 3015 tout
2341 2993 2422 3016 notre

1360 3024 1467 3066 Confi‘il
1478 3027 1568 3055 Prive
1574 3048 1584 3063 2
1599 3027 1667 3053 mais
1684 3024 1715 3053 de
1732 3033 1858 3063 marquer
1880 3033 1972 3052 encore
1989 3021 2111 3062 quelques
2134 3022 2286 3053 de‘marches
2295 3026 2421 3063 particu-

1361 3065 1438 3096 lieres
1457 3067 1503 3104 qui
1523 3074 1589 3093 nous
1608 3069 1657 3091 ont
1668 3064 1749 3101 porte'
1762 3061 1780 3090 ἃ
1796 3061 1912 3100 prendre
1927 3069 1997 3091 cette
2019 3059 2196 3099 Rerluti0n5
2212 3060 2249 3096 (ῤ’
2258 3061 2422 3102 principale-

1363 3111 1436 3134 ment
1446 3111 1515 3141 pour
1529 3113 1555 3131 ce
1571 3101 1635 3138 but,
1653 3111 1704 3141 que
1715 3111 1810 3129 comme
1833 3103 1905 3129 Dieu
1921 3099 1959 3133 ὠ·
1983 3097 2008 3128 le
2023 3099 2125 3128 Mende
2143 3109 2209 3129 nous
2242 3108 2345 3131 elevent
2359 3110 2420 3130 ren-

1365 3143 1412 3172 dre
1429 3143 1591 3177 te‘moignage
1611 3149 1660 3178 que
1674 3146 1752 3168 notre
1765 3137 1861 3176 deffiin
1878 3139 1943 3167 e‘teit
1960 3137 1991 3166 de
2009 3138 2105 3167 rendre
2119 3148 2145 3166 ce
2152 3139 2209 3167 Par
2220 3146 2310 3170 ement
2325 3137 2351 3168 Ie
2379 3137 2419 3167 lus

1365 3181 1484 3211 heureux
1500 3178 1568 3219 qu'il
1573 3189 1594 3216 y
1608 3177 1655 3206 eu't
1671 3176 1702 3206 de
1717 3187 1765 3207 nos
1773 3177 1869 3214 jours,
1889 3175 1927 3210 &¹
1944 3187 1994 3217 que
2009 3175 2046 3206 les
2057 3175 2180 3216 obstacles
2193 3187 2225 3207 ou
2239 3176 2277 3207 les
2289 3176 2421 3216 empeche-

1364 3230 1439 3250 mens
1460 3228 1494 3246 en
1516 3217 1597 3246 e‘tant
1620 3215 1778 3244 de'couverts
1792 3238 1801 3253 ‚
1824 3221 1910 3244 toutes
1931 3213 1968 3244 les
1988 3213 2218 3255 mcfintelligences
2242 3215 2280 3251 &
2294 3213 2421 3254 jaloufies

1362 3256 1464 3297 puffint
1480 3254 1508 3292 se
1519 3254 1638 3293 diffl‘pem
1655 3251 1693 3287 ὠ·
1712 3261 1772 3284 tout
1787 3260 1863 3283 notre
1878 3252 1975 3291 Peuple
1996 3252 2055 3282 etre
2070 3252 2206 3292 persieade'
2223 3252 2261 3289 ὠ·
2276 3256 2356 3283 croire
2359 3261 2422 3318 jue

1367 3305 1430 3326 nous
1448 3291 1560 3331 sbmmes
1575 3292 1600 3331 st
1621 3291 1734 3329 floigne‘s
1758 3292 1786 3321 d*
1788 3292 1924 3322 attribuer
1947 3301 2035 3321 aucun
2060 3292 2092 3321 de
2110 3302 2149 3321 ces
2160 3290 2286 3330 fdcheux
2307 3293 2360 3320 inci
2377 3300 2424 3320 ens

1367 3338 1412 3375 qui
1420 3331 1487 3372 sbnt
1502 3333 1611 3360 arrive‘s
1625 3330 1692 3359 dans
1707 3330 1730 3360 le
1748 3331 1907 3360 Parlement
1917 3352 1926 3368 ,
1953 3341 1988 3358 au
2010 3341 2123 3370 manque
2141 3330 2172 3358 de
2187 3329 2246 3360 zele
2263 3328 2300 3364 ὀ·
2312 3327 2424 3366 d’affec-

1366 3376 1423 3402 tion
1441 3370 1472 3398 de
1498 3377 1576 3398 notre
1591 3368 1688 3406 Peuple
1710 3380 1742 3398 en
1759 3368 1877 3406 ge‘ncsral
1896 3379 1993 3398 envers
2009 3379 2074 3398 nous
2088 3390 2098 3406 ,
2115 3379 2147 3398 ou
2161 3367 2193 3397 de
2209 3367 2237 3397 la
2247 3366 2308 3407 plus
2316 3366 2424 3402 grande

1363 3411 1455 3450 partie
1468 3419 1500 3437 ou
1513 3408 1548 3437 du
1561 3407 1668 3437 nombre
1682 3405 1705 3435 le
1712 3407 1775 3445 plus
1791 3406 1966 3447 constater-able
1982 3406 2026 3436 des
2044 3406 2180 3436 Membres
2195 3406 2230 3435 du
2245 3402 2422 3443 Parlement‚

1367 3460 1416 3489 que
1441 3456 1505 3476 nous
1524 3456 1586 3475 nous
1608 3444 1729 3484 affluens
1748 3446 1779 3475 de
1795 3454 1871 3476 notre
1888 3444 1952 3476 cdtff
1963 3467 1972 3482 ,
1991 3456 2040 3484 que
2056 3443 2093 3474 les
2115 3442 2261 3475 veritabl'es
2283 3443 2372 3480 causer
2389 3454 2424 3473 en

1368 3489 1449 3516 e'tant
1467 3495 1623 3522 reconnues,
1642 3495 1676 3514 on
1694 3495 1727 3513 ne
1733 3483 1800 3523 sera
1810 3493 1864 3522 pas
1878 3484 1958 3522 porte‘
1970 3481 1987 3512 a*
2000 3493 2064 3512 nous
2074 3487 2188 3520 imputer
2197 3481 2304 3511 d'avoir
2319 3485 2425 3510 commis

1368 3523 1476 3565 quelque
1488 3521 1574 3561 faute
1588 3547 1598 3560 ,
1660 3530 1747 3561 ayant
1765 3534 1796 3552 eu
1817 3522 1864 3552 de‘s
1879 3522 1904 3551 le
1925 3528 2139 3551 commencement
2155 3519 2187 3548 de
2202 3525 2284 3548 cettre
2301 3517 2427 3549 derniere

1369 3563 1520 3601 Affemble‘e
1539 3561 1570 3589 de
1586 3569 1605 3599 p
1618 3572 1648 3590 us
1664 3561 1782 3599 grandes
1802 3561 1840 3596 &
1858 3561 1919 3600 plus
1928 3559 2004 3599 fieres
2019 3558 2236 3597 de‘monstrations
2249 3555 2371 3587 d'amour
2385 3557 2426 3592 &-

1367 3603 1391 3632 d
1396 3599 1581 3631 attachment
1592 3607 1659 3637 pour
1673 3611 1737 3629 nous
1748 3622 1757 3637 ‚
1774 3598 1833 3629 leur
1854 3601 2006 3629 Souverain
2016 3621 2027 3636 ‚
2043 3596 2081 3632 &¹
2090 3595 2151 3636 plus
2165 3595 2197 3624 de
2207 3602 2325 3632 preuves
2341 3603 2426 3626 nota-

1372 3640 1426 3670 hles
1439 3639 1470 3668 de
1485 3645 1564 3668 notre
1575 3645 1642 3675 part
1657 3637 1692 3667 du
1700 3637 1766 3676 sbin
1780 3637 1819 3672 ό·
1835 3637 1870 3666 du
1883 3637 1943 3667 zele
1956 3647 2006 3676 que
2022 3645 2087 3666 nous
2101 3643 2189 3662 avons
2196 3640 2265 3671 pour
2281 3632 2339 3663 leur
2348 3642 2427 3672 pros-

1369 3679 1472 3716 perite,
1489 3675 1557 3714 qu'il
1572 3676 1634 3706 n’en
1650 3687 1667 3704 a
1680 3685 1749 3714 paru
1762 3686 1795 3705 en
1810 3686 1898 3705 aucun
1911 3674 2067 3705 Parlement
2083 3672 2127 3701 des
2144 3670 2364 3709 dgespre‘ce'dens.

1405 3716 1434 3746 C
1444 3725 1461 3746 E
1489 3716 1512 3745 P
1522 3724 1542 3744 A
1552 3723 1574 3744 R
1584 3723 1604 3744 L
1615 3723 1632 3744 E
1643 3722 1669 3743 M
1679 3723 1697 3744 i:
1707 3722 1729 3744 n
1738 3723 1761 3744 T
1789 3727 1807 3744 a
1824 3715 1869 3743 e'te‘
1882 3713 2021 3752 convoque‘
2025 3719 2080 3749 par
2095 3719 2175 3746 nous,
2193 3716 2258 3739 tant
2266 3718 2336 3747 pour
2343 3710 2425 3750 faire

1377 3755 1422 3784 des
1441 3756 1517 3783 Loix
1535 3753 1632 3782 bonncs
1652 3749 1690 3786 ὠ
1715 3752 1793 3782 utiles
1810 3775 1820 3791 ,
1842 3763 1891 3792 que
1899 3760 1968 3790 pour
1980 3752 2069 3779 mieux
2082 3746 2429 3789 etablirprinapalement‚

1369 3793 1438 3822 dans
1453 3802 1490 3821 ces
1506 3790 1682 3821 malheureux
1696 3797 1761 3821 tems
1783 3791 1815 3820 de
1828 3789 1973 3830 confustons
1987 3787 2054 3817 dans
2070 3791 2145 3814 toute
2158 3784 2187 3815 la
2200 3785 2376 3827 Chretiente‘‚
2388 3784 2428 3822 ό·

1370 3831 1399 3860 Ia
1417 3833 1489 3860 Paix
1502 3829 1538 3864 &
1556 3829 1583 3858 la
1599 3829 1718 3865 Religion
1732 3852 1741 3866 ‚
1768 3828 1883 3866 &pour
1899 3824 2014 3856 restablir
2026 3834 2071 3853 nos
2093 3822 2190 3862 enfans
2211 3825 2280 3855 dam·
2305 3826 2363 3856 leur
2377 3837 2431 3856 an·

1370 3873 1425 3899 cien
1445 3867 1482 3903 όν
1503 3867 1618 3904 legitime
1638 3869 1804 3896 Patrimoine
1819 3891 1828 3904 ‚
1855 3877 1882 3895 ce
1900 3875 1950 3905 que
1972 3873 2036 3894 nous
2050 3873 2139 3892 avons
2152 3862 2237 3892 tache
2249 3864 2282 3893 de
2286 3863 2364 3903 faire
2376 3872 2431 3903 par

1369 3908 1414 3937 des
1435 3909 1543 3936 Traite‘s
1560 3905 1579 3934 ἃ
1600 3905 1737 3935 I‘amiable
1757 3904 1775 3934 ἃ
1797 3915 1844 3935 nos
1860 3912 1968 3943 propres
1983 3899 2087 3941 franc,
2101 3908 2168 3938 pour
2177 3904 2310 3940 prevenir
2316 3912 2369 3940 par
2380 3919 2389 3924 -
2400 3901 2430 3934 la*

1367 3945 1494 3984 l'effiefion
1519 3943 1632 3983 dufimg
1653 3944 1782 3973 Chre‘tien
1803 3942 2005 3983 qu’entrainent
2020 3939 2047 3969 la
2060 3949 2155 3976 guerre
2173 3939 2211 3975 ὠ·
2226 3940 2264 3970 les
2279 3941 2408 3981 divisioni·
2420 3948 2434 3976 ‚⁶

1369 3984 1439 4016 dans
1462 3983 1490 4014 la
1499 3981 1589 4023 ferme
1604 3981 1749 4021 rafsblution
1761 3983 1929 4018 ne‘amnoim,
1945 3989 1977 4011 en
1990 3989 2033 4008 cas
2047 3989 2097 4018 que
2112 3977 2168 4008 cela
2182 3989 2216 4010 ne
2231 3978 2329 4019 reussit
2336 3981 2434 4051 perita&

2439 2136 2457 2153 ⁸
2472 2137 2557 2167 xvu

2439 2183 2512 2213 3442.
