2557 4279
682 160 784 202 ET
850 162 1116 204 ACTA
1186 164 1671 215 PUBLICA.

3 249 194 282 Aun.D.tum
218 254 393 279 conventum
416 247 447 277 Sc
472 247 678 290 concordatum
700 247 740 290 est
765 248 844 294 quod
859 247 927 292 Nos
943 249 1030 292 didiae
1048 248 1186 296 Dominae

25 289 108 328 1613.
136 285 310 329 Elizabethaj
325 283 449 328 Coniugi
464 285 566 329 nostrae
582 286 906 335 aiiiunabimusocsolvi
916 288 1076 317 curabimus
1091 298 1185 333 annue

7 327 129 365 iiJac.1.
139 335 174 356 ex
194 325 255 355 casu
271 322 298 353 V
301 323 437 360 iduitaiis,
454 323 606 353 Summam
618 327 717 353 Decem
731 323 853 353 Millium
868 324 1018 355 Librarum
1034 325 1186 363 Sterltnga-

0 2285 98 2314 ‘XVI-

0 2332 56 2360 750·

132 374 194 394 rum
227 362 271 392 vel
296 361 433 391 valorem
455 361 609 392 earundem
633 362 661 391 in
687 361 811 392 Pecunia
835 372 996 407 numerata,
1014 364 1046 408 acl
1066 374 1186 402 quatuor

135 385 213 432 Anni
225 399 377 431 Terminos
393 398 494 429 usuales
507 409 556 438 per
570 400 689 437 aequales
702 399 868 443 Portiones,
878 409 961 438 prout
976 412 1004 431 in
1020 402 1099 432 disto
1113 403 1190 432 Tra-

137 441 230 476 έὶτιω,
248 437 280 468 ad
302 446 387 476 quem
404 437 472 467 Nos
485 437 630 468 referimus
644 440 677 469 &
693 448 744 476 pro
757 438 805 468 hic
823 440 924 470 iulerto
937 440 1073 470 habemus
1088 442 1120 471 &
1134 441 1184 471 ha-

135 478 196 508 beri
210 476 356 513 volumus,
376 475 485 513 plenius
497 474 515 505 li
537 484 584 507 uet
600 477 633 507 &
649 485 775 519 apparet,
807 516 811 521 Ι
894 516 899 521 1
995 517 1000 521 ¹

172 515 240 545 Nos
262 515 361 553 igitur,
380 514 498 551 praefato
547 515 661 545 rastatui
685 515 718 545 &
733 514 825 544 Paetis
836 515 941 545 realiter
955 515 1123 555 satisfacere,
1141 527 1184 547 ea-

132 563 187 592 que
201 553 369 591 perimplei·e
384 553 537 590 cupientes,
555 554 657 584 virtute
670 551 867 589 Praesentium,
885 561 920 583 ex
935 553 1062 600 Decreto
1076 557 1108 585 &
1124 556 1186 586 Au-

135 591 264 623 thoritate
276 590 345 621 dieti
359 589 533 622 Illustrisfimi
551 590 729 621 Palatinatrir
741 590 1001 629 Administratorts,
1019 602 1134 636 necnon
1150 595 1187 624 de

139 631 174 662 ἀ
196 638 264 659 cum
285 628 411 667 expreffo
432 628 550 660 Aliensu
570 631 603 660 ὃς
622 628 767 659 consensu
779 629 947 659 chanffimae
964 629 1066 660 Matris
1082 632 1185 662 nostrae

137 667 282 708 praedietae
296 668 328 698 ὃς
343 675 514 698 caeterorum
530 667 763 698 Concuratorum
777 666 951 710 nostrorum,
968 667 1068 712 damus
1080 680 1184 716 conce-

134 707 228 738 dimus
240 705 407 746 affignamus
421 707 454 737 &
468 706 690 743 confirmamus,
705 714 757 741 pro
769 704 868 734 Nobis
883 705 1050 752 'Hae-redibus
1064 709 1096 737 &
1114 709 1186 754 buc-

135 744 291 775 cefforibus
314 745 432 783 nostris,
448 743 679 775 Praechariffimae
693 742 797 773 nostrae
812 742 1081 789 CouJugisDUommae
1094 746 1187 791 {ihfi-

137 783 225 814 hethae
248 783 391 821 praedictae
425 792 458 814 ex
479 782 556 812 causa
580 781 754 811 Donationis
770 789 882 820 propter
898 781 1042 827 Nuptias,
1060 783 1105 814 seu
1119 785 1187 815 loco

139 823 175 853 &
198 823 315 852 nomine
338 807 485 859 Dot’alitii,
502 818 649 851 annualem
664 818 820 849 Redditum
835 822 932 849 Decem
947 820 1068 851 lelium
1084 824 1187 852 Libra-

136 871 200 892 rum
212 860 418 898 sterlingarum,
425 859 469 890 seu
486 868 576 889 annua
592 861 690 887 Decem
700 857 796 887 Millia
805 859 953 888 Librarum
964 859 1171 899 Sterlingarum,

178 899 355 930 Habendum
373 896 551 936 gaudendum
568 896 606 932 ὠ
623 895 768 926 tenendum
783 895 801 924 ἃ
816 903 930 936 tempore
942 907 1000 941 quo
1016 908 1068 942 nos
1084 902 1191 936 praede-

140 937 243 968 cedere
283 937 462 973 eandemque
485 937 568 964 Dum.
588 934 693 974 Elzfizb.
713 934 889 978 supervivere
910 944 1084 974 contigerit,
1109 939 1191 982 eidem

141 961 330 1009 Serenisiimae
360 977 441 1003 Dom.
464 972 580 1003 Elizab.
613 973 657 1003 seu
687 972 869 1004 Mandatarns
898 975 931 1005 &
963 974 1195 1020 Procuratoribus

140 1015 194 1045 suis
217 1013 350 1052 legitimis
378 1011 501 1042 eundern
529 1011 672 1042 annualem
693 1011 854 1042 Redditum
875 1015 974 1041 Decem
995 1013 1116 1058 Millmm
1140 1017 1193 1044 Li-

142 1054 252 1082 brarum
274 1049 469 1087 Stertingarum
491 1049 547 1080 sive
567 1050 666 1081 eadem
687 1060 777 1079 annua
799 1053 896 1079 Decem
924 1051 1019 1095 Millra
1039 1052 1191 1099 Liprarum

139 1089 351 1127 &effingas-um,
366 1086 496 1118 solvenda
516 1088 700 1125 Heidelbergae
722 1089 750 1117 in
772 1088 841 1118 loco
866 1088 970 1120 AErarii
991 1089 1034 1120 vel
1056 1090 1190 1133 §amerae

139 1127 260 1165 nostrae,
279 1136 328 1165 per
348 1136 415 1157 eum
431 1127 479 1166 qui
494 1125 611 1157 AErario
625 1129 669 1156 vel
681 1126 933 1170 Cameraelnostrae
943 1128 1116 1173 'Praepolitus
1131 1131 1170 1172 el’t
1181 1154 1191 1168 ,

140 1166 265 1197 Camme
465 1165 555 1204 vulgo
569 1164 697 1203 dietum,
714 1165 847 1202 quamdiu
864 1167 996 1202 praedicta
1011 1167 1190 1199 Sereniilima

139 1209 248 1242 conjux
271 1203 360 1244 nostra
384 1203 413 1232 in
436 1202 589 1233 Palatinatu
610 1202 691 1241 deget
714 1205 746 1234 δε
762 1205 1006 1249 commorabitur,
1021 1205 1188 1250 Francofurt-

323 1242 358 1272 ad
376 1244 499 1272 Moenum
517 1242 546 1271 in
565 1240 655 1272 Curis.
668 1242 711 1272 vel
729 1241 815 1272 Loco
833 1243 918 1280 vulgo
931 1243 1150 1286 dfioaRoemer,
1171 1250 1190 1289 .¹¹

136 1281 204 1312 alibi
219 1281 319 1311 eadem
335 1280 464 1310 Domina
479 1279 647 1309 Elizabetha
660 1279 760 1316 fuerit,
778 1283 927 1317 quotannis
942 1286 1066 1318 pra-erate
1083 1283 1190 1313 Domi-

139 1330 187 1350 nae
203 1318 369 1358 Elisabethae
381 1316 426 1350 seu
441 1320 632 1349 Mandatariis
647 1317 685 1353 ω’·
700 1318 921 1348 Procuratoribus
934 1322 990 1358 [uis
1007 1319 1130 1388 legiX’mir
1144 1323 1190 1353 seu

211 1360 219 1387 i
1081 1370 1129 1404 nni
1144 1370 1194 1398 per

134 1367 256 1435 {sigilines
285 1404 372 1434 partes
386 1418 396 1433 ,
420 1396 507 1426 tribus
536 1393 681 1426 Mensibus
700 1395 734 1426 ad
760 1405 993 1441 unumquemque
1014 1397 1191 1443 Terminum

133 1437 292 1473 computatis
314 1436 460 1472 primaque
485 1433 550 1464 inde
576 1433 726 1464 Solutione
749 1435 908 1478 incipienda
927 1434 985 1466 Die
1007 1435 1098 1466 Lunae
1118 1438 1190 1468 illius

133 1474 307 1513 Septimanae
320 1483 384 1510 quae
401 1472 533 1502 Mortem
549 1471 675 1514 nostram
692 1475 822 1515 proxrme
1060 1514 1065 1519 ι
1149 1476 1191 1521 est

133 1512 282 1549 secutura,
301 1511 334 1542 &
355 1510 392 1540 sic
412 1511 446 1541 de
460 1510 547 1541 tribus
563 1509 712 1541 Menlibus
726 1520 755 1540 in
769 1519 824 1541 tres
839 1510 953 1542 Menses
969 1511 1079 1551 singulis
1097 1513 1188 1545 Annis

133 1550 261 1581 facienda
275 1550 308 1580 &
325 1549 530 1579 continuanda:
882 1587 887 1592 .
1037 1591 1042 1595 .
1154 1592 1160 1597 .

168 1588 208 1619 Et
229 1586 295 1617 Nos
315 1597 367 1624 pro
387 1587 488 1617 Nobis
500 1586 670 1617 Haeredibus
683 1588 716 1619 &
729 1587 941 1618 Successoribus
955 1589 1055 1619 nostris
1068 1598 1188 1629 promit-

130 1627 217 1658 timus
232 1627 266 1657 ὅτ
281 1624 464 1663 spondemus,
484 1625 517 1654 &
533 1633 591 1654 tam
607 1624 673 1655 Nos
687 1626 774 1665 quam
854 1664 859 1669 ⁵
1051 1627 1189 1671 lsslaeredes

129 1666 165 1696 &
181 1663 360 1695 Successor-es
375 1662 485 1693 nostros
502 1662 588 1700 quam
607 1662 664 1692 fieri
679 1664 770 1702 potest
788 1662 903 1707 firmiter
917 1664 950 1694 &
965 1664 1121 1697 efficaciter
1133 1669 1189 1698 ob-

129 1704 267 1742 ligamus,
285 1701 320 1732 ad
342 1701 509 1732 solvendum
524 1701 635 1731 dietum
651 1711 777 1733 annuum
792 1700 951 1746 Redditum
964 1704 1009 1733 seu
1023 1714 1112 1735 annua
1128 1708 1187 1749 De-

128 1753 187 1772 cem
209 1738 305 1770 Millia
332 1740 482 1769 Librarum
501 1738 702 1777 Sterlingarnm
723 1740 816 1772 eidem
839 1740 1026 1784 Sereniffimae
1048 1742 1189 1774 Dominae

130 1777 310 1811 Elizahethae
329 1778 525 1817 Temporibus
545 1778 577 1808 &
601 1778 688 1809 Locis
706 1778 846 1817 praediffls
867 1780 1031 1819 ubicunque
1045 1782 1190 1818 praefatam

130 1817 340 1849 Sereniffimam
362 1816 522 1846 Dominam
543 1815 741 1847 Elizabetham
764 1816 828 1854 post
852 1816 982 1847 Mortem
997 1820 1124 1851 nostram
1141 1821 1190 1852 ha-

129 1857 220 1889 bitare
241 1858 275 1888 &
292 1856 411 1891 morari,
428 1855 475 1887 vel
492 1855 526 1885 ad
545 1864 722 1895 quaecunque
736 1855 838 1893 Regna
855 1856 898 1886 vel
913 1856 1005 1901 Partes
1019 1866 1096 1901 extra
1111 1858 1190 1907 [falas

130 1896 255 1927 tinatum
278 1894 304 1924 se
318 1893 463 1924 transferre
481 1893 526 1923 vel
542 1893 661 1933 migrare
698 1894 811 1925 lacuerit
827 1894 871 1938 {tel
885 1903 1056 1934 contigerit,
1073 1897 1191 1942 pacifice

131 1934 244 1972 integre
268 1933 302 1964 &
321 1932 403 1969 plene
429 1932 485 1962 sine
507 1930 643 1962 dilatione
674 1942 709 1963 eu
731 1931 960 1971 Impedimento,
985 1933 1192 1974 Interruptione

132 1971 181 2003 vel
204 1971 440 2003 Contradic‘lione
461 1969 621 2001 Haeredum
647 1970 690 2002 vel
703 1970 906 2003 successorum
923 1971 1089 2005 nostrorum
1102 1983 1150 2006 aut
1164 1986 1194 2008 a-

132 2010 240 2041 liorum
256 2018 523 2048 quorumcumque;
752 2050 757 2056 .

175 2048 214 2080 Et
234 2057 282 2086 per
297 2047 447 2078 Praesentes
460 2048 581 2078 fatemur
593 2048 627 2080 &
641 2048 825 2094 agnoscimus
839 2051 964 2088 expresse
981 2053 1191 2085 concordatum

132 2087 202 2119 'esse
217 2096 251 2118 ex
263 2095 340 2128 parte
354 2085 448 2117 nostra
464 2096 530 2118 curn
545 2086 727 2119 Serenissimo
739 2089 772 2119 &
786 2088 983 2120 Potentiffimo
999 2094 1114 2129 Magnae
1129 2096 1195 2124 Bri-

135 2128 260 2164 tanm'ae,
275 2125 336 2160 &c.
354 2129 424 2163 Rege
444 2124 528 2156 Patre
544 2126 640 2156 nostro
658 2126 822 2158 charissimo
861 2129 893 2158 &
902 2130 964 2167 jam
983 2131 1192 2163 concordamus

137 2165 172 2195 δε
192 2165 384 2203 promittimus
405 2164 423 2193 si
443 2164 592 2200 contingat
604 2164 674 2195 Nos
686 2174 721 2196 ex
736 2165 789 2195 hac
833 2167 870 2196 ita
888 2167 1036 2206 decedere,
1055 2170 1193 2207 praedisti

135 2201 271 2233 Domina
293 2201 467 2232 Elizabethd
489 2201 656 2240 Superstite,
675 2203 759 2234 Prole
774 2204 897 2241 suscepta
912 2207 955 2237 vel
969 2216 1036 2250 non·
1048 2209 1191 2248 suscepta,

136 2241 217 2281 quod
230 2240 350 2271 liberum
364 2241 414 2272 erit
428 2240 515 2271 didtae
531 2240 673 2272 Dominae
688 2241 875 2281 Elizahethae,
893 2245 912 2274 fi
928 2245 1062 2284 voluerit,
1081 2256 1194 2279 manere

137 2280 166 2310 in
188 2278 341 2310 Palatinatu
359 2278 459 2309 nostro
473 2278 626 2318 praediCtO,
645 2280 690 2312 vel
705 2280 724 2299 ²¹²
741 2281 871 2312 recedere
887 2283 915 2312 in
930 2282 1067 2322 Magnam
1086 2285 1194 2331 Britan-

140 2319 234 2356 niam,
253 2317 297 2348 vel
311 2316 526 2348 Habitationem
543 2326 650 2349 mutare
669 2321 697 2350 in
713 2328 925 2359 quemcumque
936 2322 1021 2352 alium
1031 2322 1148 2355 Locum
1163 2326 1196 2355 li-

141 2357 250 2395 buerit,
277 2365 346 2386 cum
367 2356 502 2386 omnibus
521 2355 606 2387 Bonis
631 2358 682 2388 suis
708 2355 956 2396 Parapharnalibus
978 2361 1011 2390 &
1031 2361 1195 2403 jocalibus,

140 2396 197 2426 una
219 2403 286 2426 cum
311 2393 502 2431 Perceptione
522 2405 612 2425 annua
640 2395 782 2434 praedi&ae
802 2396 933 2442 Summae
957 2401 1194 2445 Decem-Mllium

140 2434 291 2464 Librarum
306 2432 505 2469 Sterlingarum
517 2433 574 2464 five
587 2433 698 2465 Valoris
710 2435 889 2477 earumdem,
911 2446 940 2467 in
955 2437 1078 2470 Pecunia
1092 2450 1196 2471 nume-

140 2481 197 2504 rata
207 2495 217 2510 ,
234 2481 269 2503 ex
285 2471 362 2502 causa
379 2470 552 2502 Donationis
567 2481 682 2511 propter
696 2473 821 2509 Nuptias
836 2475 888 2512 ipsi
903 2475 1058 2520 affignatae,

931 2516 993 2544 obis
1005 2518 1200 2553 promittimus

139 2551 173 2582 &
196 2551 299 2580 virtute
319 2549 421 2580 harum
442 2549 612 2587 spondemus
625 2548 708 2588 Nos,
727 2550 1107 2599 constante'Matrimonio,
1124 2556 1196 2600 solu-

139 2598 217 2620 turos
230 2591 276 2619 vel
292 2588 362 2618 solvi
377 2596 521 2618 curaturos
784 2591 982 2621 minutioribus
1000 2592 1033 2622 &
1047 2593 1200 2636 arbitratus

137 2627 224 2658 dietae
240 2626 410 2658 charissimae
423 2626 562 2665 Conjugis
579 2625 684 2656 nostrae
698 2627 732 2657 ad
746 2636 866 2664 quatuor
879 2629 958 2659 Anni
977 2629 1135 2662 Terminos

298 2672 398 2703 quarto
421 2664 529 2695 Mensis
548 2663 691 2696 Februarii
716 2666 820 2697 ultimo
842 2669 975 2705 praeteriti
998 2669 1150 2708 incipiend'
1166 2672 1197 2702 in

139 2713 226 2734 manu
960 2706 1014 2743 ipsa
1026 2708 1198 2748 deputandi,

140 2742 295 2773 Summam
319 2740 401 2770 Mille
421 2741 648 2781 Qingentarum
662 2741 811 2773 Librarum
824 2742 1020 2780 Sterlingarum
1035 2746 1080 2777 seu
1099 2756 1196 2779 earum

144 2780 281 2810 Valorem
303 2778 426 2810 Moneta
449 2780 645 2819 Germanica,
663 2782 796 2821 quodque
813 2782 885 2814 bene
896 2783 993 2815 licebit
1008 2785 1134 2824 praefatae
1149 2796 1198 2817 no-

141 2817 205 2857 strae
224 2818 332 2856 conjugi
344 2817 493 2848 Summam
513 2822 552 2848 M
1079 2865 1084 2870 1
1142 2836 1202 2856 rum

143 2855 208 2887 Prae
436 2856 470 2886 ὃς
490 2857 645 2894 quamlibet
662 2857 726 2888 inde
740 2868 789 2896 pai·
1077 2874 1105 2894 m
1121 2872 1201 2901 temp

379 2894 498 2925 durante
512 2895 571 2926 viti
1024 2903 1152 2942 proprios
1170 2905 1204 2935 &

144 2932 248 2963 alienos
264 2932 325 2963 usus
344 2932 400 2964 sine
417 2931 631 2971 impedimento
952 2938 986 2969 ad
1007 2949 1109 2971 votum
1123 2941 1203 2972 suum

145 2971 312 3008 impendere
520 2972 553 3002 &
760 2973 841 3017 ⁴ultra
857 2974 995 3019 Espensas
1011 2977 1206 3020 Domesticas‚

146 3009 205 3040 sive
218 3011 247 3039 iti
263 3008 374 3039 Vestitu
389 3010 485 3040 sivein
502 3009 676 3040 Viciualibus
689 3009 744 3041 five
759 3021 787 3041 iri
802 3012 925 3052 Salariis3

184 3047 276 3077 Etiam
305 3046 372 3077 Nos
388 3047 545 3086 obligamus
558 3047 592 3077 ad
608 3047 719 3077 firmam
733 3050 960 3083 observationem
976 3064 1079 3086 eorum
1095 3067 1159 3095 quae
1174 3059 1203 3088 in

145 3085 229 3116 dieto
243 3084 380 3115 Tractatu
400 3084 606 3115 Matrimoniali
620 3085 656 3116 de
669 3086 805 3117 Numero
824 3088 1008 3123 Famulorum
1026 3094 1060 3124 δε
1076 3094 1202 3126 Famula-

147 3134 211 3155 rum
229 3122 356 3162 Coniugi
371 3122 473 3154 nostrae
487 3124 515 3153 in
750 3127 783 3156 &
801 3126 912 3158 illorum
1075 3133 1203 3172 stipendi

307 3161 341 3191 δε
499 3161 561 3192 ibus
571 3171 714 3194 conventa
728 3163 762 3194 ὃ(
774 3166 945 3198 concordata
957 3177 1046 3201 erunt.

184 3198 321 3230 Praeterea
336 3198 354 3230 fi
369 3200 514 3239 contingat
530 3200 594 3238 post
618 3201 741 3232 Obitum
760 3202 890 3246 nostrum
909 3213 941 3236 ut
961 3209 1098 3245 praedieta
1112 3211 1203 3251 nostra

146 3238 258 3277 conjux
280 3238 313 3268 ad
331 3238 462 3268 secundas
484 3239 605 3278 Nuptias
627 3240 762 3279 transeat,
783 3242 956 3286 injungimus
978 3245 1148 3281 Haeredibus
1166 3253 1201 3283 &

149 3275 264 3307 Succes.
286 3276 388 3307 nostris
408 3277 509 3316 eosque
536 3278 638 3309 virtute
659 3277 759 3310 harum
781 3289 863 3310 omni
884 3283 995 3314 meliori
1008 3287 1097 3317 modo
1113 3290 1200 3328 quam

149 3315 209 3345 fieri
231 3314 324 3352 potest
348 3314 539 3346 efficacissime
557 3316 715 3355 obligamus
738 3317 771 3348 δί
783 3319 998 3361 adstringimus,
1017 3333 1048 3355 ut
1061 3325 1128 3358 loco
1142 3330 1200 3358 De—

147 3363 203 3383 cem
221 3351 344 3382 Millium
364 3352 513 3383 Librarum
534 3353 731 3392 Sterhngarum
749 3357 798 3394 ipsi
814 3362 929 3398 Conyugi
944 3362 1039 3401 nostra
1053 3367 1199 3398 annuatim

149 3400 185 3422 ex
209 3391 291 3422 causti
310 3392 484 3423 Donationis
500 3401 613 3430 propter
637 3394 759 3432 Nuptias
772 3396 984 3438 assignatarum,
1001 3401 1203 3442 Qadraginta

148 3429 200 3460 illa
218 3429 312 3460 Millia
324 3428 475 3460 Librarum
487 3430 685 3469 Sterlingarum
700 3432 785 3463 Dotis
800 3437 919 3467 nomine
934 3440 1068 3475 promissa
1083 3444 1116 3474 &
1129 3453 1202 3474 con-

152 3476 253 3506 venta,
268 3470 300 3500 ὃς
326 3468 362 3499 iic
384 3468 490 3500 sortem
510 3469 596 3506 ipsam
620 3471 706 3501 dietae
720 3475 833 3515 ConJugi
845 3473 938 3514 nostrae
953 3476 1095 3510 restituant
1111 3482 1144 3512 &
1159 3493 1202 3512 re-

150 3506 272 3538 fundant
285 3508 313 3536 in
329 3508 400 3537 locis
413 3508 477 3538 ali‘as
495 3516 542 3545 per
555 3507 624 3538 Nos
638 3509 758 3553 superius
769 3512 929 3550 ipecificatis
938 3538 948 3553 ,
968 3517 1000 3547 ὃς
1018 3519 1093 3555 juxta
1108 3520 1200 3552 diver·

152 3545 260 3576 {itatem
277 3545 419 3582 Regionis
431 3547 460 3576 in
474 3556 526 3584 qua
542 3554 601 3576 tum
619 3546 823 3579 Sereniffimam
834 3549 995 3584 Dominam
1004 3556 1203 3589 Elizahetham

152 3583 319 3621 praedictam
339 3583 396 3615 esse
420 3586 569 3623 contigerit
581 3606 590 3622 ‚
612 3585 682 3615 {alva
701 3595 793 3616 tamen
813 3587 989 3623 Conditione
1009 3594 1045 3625 de
1068 3596 1148 3628 Dote
1168 3599 1203 3629 ad

152 3621 274 3652 Liberos
288 3622 427 3660 reditura,
444 3623 478 3654 &
491 3624 563 3653 inter
577 3622 645 3653 alios
658 3624 708 3654 suo
722 3625 784 3655 casu
799 3626 948 3660 dividenda
1119 3637 1203 3667 etiam

153 3658 240 3691 liberii
253 3659 386 3692 facultate
398 3659 563 3698 disponendi
577 3660 612 3692 de
798 3701 807 3710 Ᾱ
846 3665 1094 3704 Parapharnalibus
1106 3674 1204 3705 eidem

153 3696 390 3730 Praechariffimae
412 3699 517 3730 nostrae
537 3700 665 3739 conjugi
677 3700 828 3740 reservata,
847 3713 931 3740 prout
946 3707 985 3737 ibi
1001 3710 1108 3748 plenius
1120 3723 1205 3751 appa-

151 3744 203 3766 ret.

194 3773 286 3812 Qiod
299 3775 318 3806 fi
331 3777 416 3806 etiam
430 3777 538 3808 accidat
553 3785 583 3807 ut
598 3786 632 3808 ex
647 3777 836 3809 Matrimonio
853 3781 952 3812 nostro
967 3784 1035 3815 nulli
1050 3786 1112 3817 Filii
1128 3788 1206 3818 Mas-

160 3811 219 3840 culi
230 3815 355 3851 prognati
366 3815 412 3845 sed
542 3816 675 3854 existant,
693 3817 862 3861 spondemus
875 3820 906 3849 δι
923 3824 1113 3858 promittimus
1125 3829 1204 3864 quod

161 3846 221 3878 hoc
243 3852 324 3888 casu3
344 3851 467 3893 scilicet,
485 3854 605 3885 Filiabus
625 3863 736 3885 tantum
761 3856 960 3896 existentibus,
975 3863 1208 3903 quandocunque

161 3895 203 3915 eae
219 3890 316 3924 nuptui
329 3889 486 3930 dabuntur,
503 3894 574 3924 ultra
589 3893 702 3924 Dotem
718 3903 802 3932 quam
820 3895 870 3925 illis
885 3906 918 3926 ex
931 3896 1016 3929 Bonis
1028 3902 1130 3933 nostris
1145 3904 1206 3933 affi-

159 3924 310 3962 gnabimus
324 3929 356 3958 &
369 3930 590 3968 constituemus,
607 3932 691 3969 Nos,
706 3932 848 3971 nostrique
862 3934 1007 3975 Haeredes‚
1024 3939 1085 3976 iplis
1099 3941 1207 3972 solvere

160 3965 195 3992 ὄε
220 3962 360 3994 restituere
377 3970 536 4000 tenebimur
557 3970 661 4000 dietam
683 3971 833 4001 Summam
859 3974 1062 4012 Quadraginta
1083 3979 1206 4009 Millium

162 3999 413 4071 Lssrarmsshcukt'n
425 4010 567 4074 Iolmnibus
587 4009 647 4040 aliis
660 4008 746 4040 Bonis
761 4018 794 4040 ex
810 4020 886 4049 parte
901 4011 1003 4044 Matris
1016 4020 1208 4053 provenienti*

220 4049 270 4070 om.
351 4065 357 4071 .
402 4066 408 4073 ·
460 4068 466 4074 .

2203 202 2280 242 195

1224 251 1290 289 bus,
1308 252 1392 290 idque
1411 254 1512 284 iterum
1536 257 1578 287 vei
1601 259 1796 297 Heidelbergae'

1223 291 1306 319 etiarn
1332 299 1413 328 atque
1441 293 1611 328 spondemus
1634 307 1686 333 pro
1710 298 1806 330 Nobis
1829 303 1997 338 Haeredibus
2012 309 2044 337 ὃς
2059 308 2269 342 Successoribus

1223 327 1337 365 nostris,
1355 329 1539 361 existentibus
1556 332 1665 363 Liberis
1678 344 1711 364 eff<
1725 336 1782 367 hoc

1225 365 1294 395 Nos
1316 367 1362 396 vel
1383 367 1522 397 Haeredes
1536 371 1569 400 ὃς
1585 371 1762 403 Success'orcs
1775 386 1791 404 n

1222 402 1297 434 sensu
1321 404 1448 441 praediffl
1469 405 1640 438 Sereniffimi
1662 412 1738 447 Regis
1757 416 1868 452 Magne
1884 422 2041 451 Britanmae
2054 424 2099 454 sen
2116 424 2273 458 Haeredum

1223 442 1257 471 &
1272 441 1471 473 Successorum
1486 443 1601 475 suorum
1612 469 1620 483 ,
1633 448 1712 477 nullo
1728 453 1817 481 mods
1830 457 1912 486 tacite
1929 459 1973 488 vel
1987 462 2112 497 expresse
2127 465 2276 497 consensu-

1222 488 1269 509 ros
1285 481 1314 509 in
1329 480 1474 511 dictorum
1490 481 1663 515 Liberorum
1678 485 1723 515 vel
1739 496 1839 520 eorum
1851 494 1963 532 alicujus
1980 498 2209 541 Matrimonium,
2227 504 2274 535 [ed

1222 518 1315 548 eidem
1330 519 1365 548 de
1381 527 1514 557 tempore
1528 522 1556 550 in
1571 529 1684 560 tempus
1697 524 1894 560 reclamaturos
1909 538 1976 564 licut
1992 537 2081 567 nullus
2095 550 2193 571 eorum
2209 551 2274 580 pos-

1226 556 1259 586 iit
1279 556 1335 587 fine
1356 558 1403 587 tali
1427 559 1557 589 Consilio
1579 561 1611 591 &
1626 560 1769 593 Consensu
1783 567 1859 602 prius
1873 570 1968 601 habito
1985 574 2017 603 &
2031 577 2152 609 obtento
2165 581 2195 610 in
2210 581 2276 613 Ma-

1226 596 1393 625 trimonium
1408 597 1552 627 collocari.

1263 632 1356 664 Porro
1375 634 1445 666 Nos
1456 635 1535 674 juxta
1548 636 1696 668 Tenoiem
1711 639 1838 678 praeditsti
1853 642 2004 678 Trauaifis
2018 651 2063 682 seu

1464 713 1469 719 ,
1655 717 1661 722 ,
1847 683 1942 721 ’ΝῘῘΜ
1958 688 2080 726 Consortf
2095 692 2280 735 assignamus,

1225 709 1324 742 damus
1348 713 1537 744 concedimus
1550 716 1726 747 conferimus
1738 718 1772 749 &
1785 720 1976 761 conferamus,
1996 735 2046 762 pro
2063 729 2158 760 Nobis
2174 734 2280 766 Haere-

1225 748 1309 779 dibus
1329 750 1361 780 &
1385 751 1599 784 Successbn'bus
1619 755 1738 792 nostriS‚
1758 758 1890 795 Oppidum
1914 757 1951 793 όν
1976 763 2115 795 Palati-‘um
2128 770 2158 797 de
2176 775 2280 803 Franc—

1228 786 1358 819 kenthall
1375 788 1413 824 ὠ·
1434 793 1538 819 Arcem
1561 790 1599 827 ὠ»
1620 795 1742 830 Burgum
1760 795 1794 825 de
1812 797 1982 836 Fridelsbeim
1999 811 2067 831 cum
2082 809 2215 841 omnibus
2228 813 2281 843 suis

1223 824 1340 902 JuriJ-us
1360 826 1487 860 Servitiis
1506 831 1539 861 ὃς
1553 832 1667 869 reliquis
1680 833 1873 874 Pertinentiis‚
1893 837 1983 869 eidem
1997 839 2164 875 chariffimae
2179 850 2282 881 nostrae

1227 866 1284 893 Con
1299 869 1370 902 orti,

1267 901 1442 934 Habendum
1456 906 1634 944 gaudendum
1649 911 1804 943 tenendum
1821 910 1854 945 Sc
1867 915 2068 952 possidendum
2083 920 2173 951 eidem
2188 924 2284 962 nostra*

1235 940 1357 979 Consortt
1377 943 1409 973 δε
1430 943 1483 974 suis
1657 951 1792 988 praedieta
1808 952 1957 992 Oppidum
1974 955 2110 988 Palatium
2127 960 2232 991 Arcem
2250 965 2285 994 ὃς

1235 978 1360 1018 Burgum
1381 990 1450 1011 cum
1472 983 1542 1021 suis,
1560 994 1592 1016 ut
1616 987 1777 1028 praefertur,
1792 989 1908 1028 Juribus
1924 993 2048 1026 Servitiis
2060 997 2094 1027 ὅ(
2107 996 2288 1031 Pei‘tinentiis

1234 1017 1331 1048 statim
1354 1020 1387 1049 &
1409 1020 1574 1052 immediate
1597 1025 1613 1053 a
1638 1035 1768 1066 ternpore
1790 1029 1896 1061 Mortis
1907 1031 2027 1072 nostrae,
2044 1035 2064 1064 si
2080 1033 2177 1066 Nobis
2193 1037 2288 1075 super*

1232 1057 1333 1087 vixerit
1354 1058 1387 1088 &
1408 1057 1540 1094 superstes
1559 1061 1660 1102 fuerit,
1680 1066 1713 1096 &
1728 1076 1785 1104 quo
1805 1067 1924 1100 securius
1938 1071 1971 1100 ὃς
1993 1073 2091 1103 melius
2105 1074 2203 1105 eadem
2219 1076 2290 1107 dilei

1232 1094 1351 1124 &iliima
1375 1094 1466 1135 nostra
1480 1099 1584 1137 conjux
1595 1102 1734 1137 praediffls
1752 1105 1828 1136 Arce
1842 1108 1874 1137 &
1890 1107 1983 1146 Burgo
1999 1109 2120 1148 Oppido
2134 1112 2166 1143 &
2182 1113 2289 1146 Palatio

1233 1133 1274 1162 uti
1289 1133 1343 1170 frui
1358 1134 1391 1164 ὃς
1409 1135 1532 1171 gaudere
1548 1139 1650 1177 poffii‘,
1666 1150 1750 1178 prout
1763 1145 1925 1183 praefenur,
1944 1148 2112 1180 Officialem
2127 1150 2288 1188 supremum

1230 1181 1263 1202 ac
1288 1171 1515 1204 vicedominum
1531 1177 1578 1212 qui
1594 1187 1675 1208 nunc
1690 1179 1747 1218 est,
1767 1182 1800 1210 &
1814 1185 1860 1221 qui
1878 1193 1930 1221 pro
1947 1194 2076 1223 tempore
2091 1190 2157 1226 erit,
2177 1192 2209 1222 ὃς
2225 1193 2292 1222 reli›

1231 1218 1302 1246 quos
1316 1210 1462 1241 Officiales
1478 1222 1512 1243 ac
1528 1213 1693 1256 Ministros‚
1711 1220 1758 1255 qui
1775 1220 1805 1249 in
1826 1221 1876 1252 illis
1891 1223 1962 1253 locis
1976 1225 2037 1256 sunt
2055 1228 2087 1257 &
2102 1237 2155 1264 pro
2175 1239 2292 1268 tempo-

1233 1258 1262 1278 re
1278 1257 1378 1288 erunt‚
1398 1260 1500 1294 omnes
1515 1253 1547 1282 &
1564 1253 1687 1290 singulos
1697 1256 1897 1294 juramentum
1912 1262 2039 1298 praestare
2057 1266 2191 1297 volumus
2203 1269 2293 1307 &ju-

1236 1287 1354 1325 bemus,
1381 1289 1460 1326 quod
1481 1299 1510 1319 in
1535 1291 1597 1321 casu
1620 1294 1763 1329 praedielae
1786 1296 1892 1329 Mortis
1912 1301 2015 1331 nostrae
2031 1325 2040 1339 ‚
2064 1306 2227 1340 permittant
2250 1309 2292 1337 ei-

1233 1325 1299 1355 dem
1320 1326 1510 1358 Sereniffimae
1530 1327 1669 1362 Dominae
1685 1333 1861 1366 Elizabethae
1876 1337 1998 1370 Famulis
2011 1342 2044 1372 &
2061 1343 2210 1382 Deputatis
2222 1345 2293 1383 suis,

1235 1364 1344 1395 Arcem
1367 1365 1494 1403 Burgum
1519 1365 1669 1406 Oppidum
1692 1372 1725 1400 ὅ(
1746 1373 1886 1406 Palatium
1903 1378 2057 1417 praedidka,
2076 1390 2106 1412 ut
2121 1381 2165 1412 sua
2181 1385 2293 1422 propria

1235 1403 1342 1440 ingredi
1356 1405 1389 1434 ὃς
1405 1406 1518 1442 intrare,
1529 1415 1584 1437 nec
1600 1408 1657 1438 ullo
1673 1410 1762 1441 modo
1780 1413 1987 1450 impedimento
2001 1417 2052 1448 sint
2065 1420 2159 1450 eidem
2173 1422 2202 1452 in
2213 1422 2294 1453 Prae-

1235 1440 1338 1480 miffis,
1355 1441 1400 1472 sed
1417 1442 1597 1481 Obsequium
1614 1445 1766 1486 praestent,
1784 1451 1909 1488 &Jussis
1922 1455 1978 1491 eius
1993 1464 2113 1493 pareant.
2276 1490 2277 1493 ,

1269 1477 1308 1511 Et
1332 1480 1455 1512 similiter
1477 1482 1611 1514 volumus
1633 1485 1667 1515 &
1711 1488 1887 1520 romittimus
1901 1493 1981 1529 quod
1996 1493 2109 1526 Subditi
2129 1498 2162 1529 &
2176 1497 2293 1530 Inhabi-

1233 1526 1321 1549 tantes
1336 1519 1508 1550 didioium*
1521 1521 1668 1554 Locorum
1703 1535 1853 1558 uramento
1868 1529 1894 1559 se
1910 1530 2086 1571 obstringant
2099 1534 2184 1566 dietae
2197 1537 2292 1577 nostrae

1234 1556 1347 1594 conjugi
1363 1557 1483 1588 Morem
1505 1561 1531 1590 ei
1552 1570 1646 1599 gerere
1664 1563 1698 1594 &
1712 1564 1847 1604 obedire,
1865 1568 1898 1597 ὃς
1915 1567 2022 1600 Fideles
2032 1572 2090 1609 ejus
2103 1568 2177 1611 effe,
2200 1574 2294 1607 Dam‘-

1232 1604 1303 1624 num
1318 1605 1451 1634 avertere,
1472 1596 1676 1630 Commodum
1691 1611 1858 1643 procurare,
1879 1606 1974 1638 nostra
1987 1616 2083 1640 tamen
2100 1613 2211 1649 conjux
2220 1615 2297 1645 Sub-

1235 1633 1309 1663 ditos
1324 1634 1436 1665 nostros
1449 1635 1502 1665 suis
1517 1636 1672 1676 Privilegiis
1686 1640 1960 1676 &Immunitatibus
1973 1647 2010 1676 ab
2024 1649 2144 1689 antiquo
2157 1653 2296 1684 conceffis

1235 1672 1276 1701 uti
1295 1672 1350 1702 frui
1378 1674 1445 1703 linat
1466 1684 1519 1704 nec
1543 1676 1572 1706 in
1598 1677 1650 1708 illis
1670 1678 1732 1708 illos
1747 1681 1861 1711 turbet:
1899 1682 1938 1714 Et
1953 1686 2015 1716 casu
2033 1696 2092 1724 quo
2108 1689 2137 1718 in
2154 1691 2297 1727 praedietis

1232 1708 1328 1748 Burgo
1350 1710 1386 1740 de
1408 1711 1579 1751 Fridelfheim
1594 1716 1627 1746 ὃς
1644 1715 1765 1756 Oppido
1781 1719 1816 1749 de
1829 1722 2052 1754 Franckenthall
2061 1736 2133 1763 opus
2147 1729 2231 1759 fuerit
2243 1740 2296 1768 po-

1233 1757 1300 1778 nere
1323 1749 1356 1779 &
1376 1750 1506 1781 ordinare
1526 1761 1580 1789 pro
1605 1763 1709 1785 eorum
1725 1756 1865 1789 Custodia
1876 1760 1908 1789 &
1924 1760 2168 1804 conservatione,
2184 1768 2231 1798 vel
2244 1779 2298 1806 pro

1235 1786 1391 1818 securitate
1415 1787 1544 1820 Ditionis
1566 1791 1669 1822 nostrae
1691 1793 1806 1832 aliquod
1822 1796 1988 1830 Praefidium
2006 1801 2150 1834 Gentium
2165 1805 2298 1838 Armata-

1237 1834 1299 1855 rum
1309 1848 1319 1864 ,
1340 1827 1552 1859 concordamus
1574 1832 1767 1870 promittimus
1783 1834 1816 1864 ὅ(
1838 1835 2028 1878 spondemus,
2043 1849 2098 1878 pro
2111 1841 2212 1875 Nobis
2224 1845 2300 1876 Hae-

1237 1863 1351 1894 redibus
1370 1865 1404 1895 δε
1430 1865 1646 1899 Successoribus
1661 1870 1782 1910 nostris,
1802 1873 1881 1911 quod
1896 1875 1966 1907 dieti·
1979 1876 2118 1910 Haeredes
2131 1881 2166 1911 δε
2179 1882 2300 1915 Succes-

1237 1901 1308 1933 sores
1330 1903 1418 1933 nostri
1434 1905 1546 1936 dietum
1565 1906 1730 1940 Praefidium
1746 1911 1781 1942 &
1796 1910 1942 1945 Homines
1956 1924 2092 1954 armatos,
2107 1919 2159 1949 nisi
2174 1923 2300 1959 expresse

1236 1942 1315 1981 prius
1330 1942 1421 1979 petito
1435 1943 1468 1975 &
1482 1943 1584 1976 habito
1598 1947 1735 1979 consensu
1751 1948 1837 1982 distae
1853 1950 2043 1986 Sereniffimae
2057 1955 2150 1988 Dom.
2162 1959 2301 1991 Elizabe-

1238 1978 1312 2018 thae,
1330 1989 1390 2011 non
1408 1991 1518 2019 ponent
1541 1993 1590 2016 aut
1605 1985 1807 2019 introducent:
1837 1987 1926 2029 quue
1947 1993 2031 2023 etiam
2043 2002 2191 2028 teneantur
2204 1998 2299 2034 facere

1237 2018 1290 2049 suis
1305 2018 1439 2057 Expenfis
1455 2022 1507 2053 abs
1520 2033 1555 2054 ue
1569 2033 1606 2054 eo
1620 2024 1700 2063 quod
1716 2025 1979 2062 dictaSereniffima
1987 2031 2116 2066 Domina
2124 2035 2299 2069 Elizabetha

1236 2057 1353 2095 aliquod
1368 2059 1492 2090 omnino
1543 2064 1622 2092 amni
1638 2072 1670 2093 ea
1684 2073 1800 2102 propter
1812 2069 1938 2104 patiatur.

1272 2096 1411 2128 Praeterea
1465 2100 1640 2132 romittimus
1674 2103 1708 2134 δε
1728 2103 1746 2134 s
1759 2105 1901 2137 ondemus
1926 2109 2079 2146 praefatum
2105 2111 2243 2146 Palatium
2264 2116 2300 2147 de

1236 2107 1463 2181 1²·ra2icckenthal·p
1464 2136 1497 2181 ad
1518 2138 1686 2183 proximum
1750 2144 1847 2175 ensem
1868 2146 1996 2186 Aprilem
2012 2149 2091 2181 Anni
2106 2152 2301 2185 sexcentefimt

1237 2173 1340 2204 decimi
1359 2183 1448 2213 quarti
1464 2178 1631 2216 incipiend’,
1644 2187 1722 2216 Juxta
1738 2181 1876 2214 Formam
1897 2185 1931 2216 ὃς
1945 2185 2103 2219 Modulum
2118 2190 2301 2225 Commiffa-

1236 2213 1283 2242 riis
1304 2214 1433 2251 praedicti
1452 2214 1625 2247 Sereniffimi
1643 2220 1721 2256 Regis
1735 2219 1824 2256 Patris
1840 2223 1926 2254 nostri
1940 2226 2092 2258 chariffimi
2106 2229 2167 2267 jam
2186 2231 2300 2261 exhibi-

1239 2259 1314 2289 tam,
1332 2253 1366 2283 &
1386 2253 1419 2283 ad
1440 2253 1591 2291 praefatum
1614 2255 1831 2290 Sereniffimum
1844 2264 1941 2299 Regem
1957 2264 2155 2306 deferendam,
2174 2269 2300 2300 exaedifi-

1240 2299 1321 2328 care,
1340 2290 1373 2321 δε
1395 2291 1574 2325 Utensilibus
1592 2295 1626 2326 &
1648 2294 1707 2327 aliis
1729 2296 1901 2331 Necessariis
1921 2301 2056 2336 instruere
2074 2304 2299 2346 a'ccommodare

1240 2329 1272 2359 &
1287 2330 1420 2361 adornare
1436 2341 1488 2369 pro
1503 2331 1652 2372 Dignitate
1666 2332 1700 2365 &
2158 2345 2302 2377 Dominae

1239 2366 1414 2398 Elizabethae
1429 2378 1514 2409 prout
1527 2370 1696 2410 praediCtam
1711 2372 1822 2407 Arcem
1835 2377 2043 2417 deFridelsheim
2058 2381 2181 2415 similiter
2195 2384 2300 2416 instru-=

1239 2415 1287 2436 ere
1303 2408 1528 2439 accommodare
1541 2410 1575 2441 &
1587 2409 1724 2442 adornare
1756 2413 1929 2447 romittimus
1941 2418 1975 2448 &
1988 2419 2169 2457 spondemus.

1279 2443 1358 2476 Deni
1381 2454 1415 2477 ue
1431 2446 1501 2478 Nos
1520 2447 1691 2487 supradictus
1705 2451 1732 2479 Ε
1745 2453 1817 2481 eclor
1830 2456 2026 2491 promittimus
2040 2459 2211 2496 spoeidemus
2221 2485 2230 2500 ,
2249 2463 2304 2501 &5

1245 2483 1346 2521 vigore
1406 2485 1568 2526 aesentium,
1583 2487 1741 2526 obligamus
1763 2490 1833 2522 Nos
1854 2491 1991 2525 Haeredes
2006 2496 2039 2526 &
2053 2496 2232 2531 Successores
2248 2511 2303 2530 no-

1242 2519 1333 2560 stros,
1352 2523 1433 2560 quod
1454 2524 1544 2562 siquid
1566 2524 1671 2556 firmius
1694 2526 1815 2559 securius
1833 2532 1918 2561 tutius
1931 2541 1977 2563 aut
1993 2533 2091 2565 melius
2107 2546 2160 2573 pro
2173 2537 2304 2569 Praemis-

1241 2559 1337 2590 sorum
1353 2561 1485 2592 firmitate
1679 2565 1827 2597 cu'uslibet
1842 2570 1949 2600 cautius
1969 2572 2003 2602 &
2025 2572 2167 2606 efficacius
2184 2574 2304 2614 posthac

1241 2599 1408 2637 inveniatur,
1428 2599 1497 2630 Nos
1508 2599 1644 2634 Haeredes
1655 2603 1689 2634 ὃς
1726 2605 1883 2637 ucceffores
1898 2607 1997 2647 nostri,
2016 2610 2085 2641 cum
2104 2615 2228 2652 requiliti
2241 2616 2305 2646 fue-

1241 2636 1348 2675 rimus,
1366 2637 1421 2668 sive
1445 2647 1478 2668 ex
1501 2647 1579 2676 parte
1599 2641 1770 2673 Sereniffiini
1794 2646 1871 2682 Regis
1893 2649 2009 2684 Magne
2030 2652 2192 2682 Britannia
2215 2653 2306 2685 Patris

1242 2674 1331 2705 nostri
1353 2674 1526 2715 charissimi,
1552 2679 1609 2709 five
1629 2684 1755 2717 Conyagir
1774 2681 1871 2720 nostrae
1892 2685 2098 2727 dileffiffimae,
2115 2691 2145 2719 in
2166 2693 2302 2723 omnibus

1242 2713 1276 2744 &
1299 2722 1349 2750 per
1373 2716 1471 2745 omnia
1493 2716 1522 2747 id
1546 2718 1636 2755 ipsum
1657 2720 1852 2759 perficiemus,
1869 2722 1904 2753 &
1924 2723 2031 2755 realiter
2052 2727 2086 2759 &
2106 2737 2175 2759 cum
2196 2728 2304 2762 effectu

1243 2752 1484 2791 perimplebimus.

1795 378 1901 417 ostros,
1921 382 1976 413 fine
1992 383 2121 416 Consilio
2139 388 2171 416 ὅ(
2187 387 2271 419 Cou-

1281 2829 1316 2862 In
1333 2831 1416 2870 hujus
1429 2830 1485 2863 Rei
1501 2832 1599 2864 Fidem
1609 2858 1618 2871 ‚
1636 2834 1717 2874 quod
1735 2845 1837 2875 nempe
1848 2837 1911 2870 haec
1927 2839 2081 2880 supi-adleta
2096 2845 2194 2875 omnia
2209 2845 2303 2876 invio-

1247 2869 1365 2901 labiliter
1381 2871 1480 2901 servati
1513 2873 1616 2903 raestari
1631 2874 1664 2904 δι’
1679 2874 1712 2905 ad
1728 2875 1863 2907 effectum
1876 2878 1980 2910 deduci
1997 2882 2126 2920 debeant,
2146 2893 2197 2913 nos
2211 2884 2304 2922 supra-

1248 2908 1340 2939 diCtus
1351 2908 1463 2939 Eleazar
1485 2881 1593 2942 ierimus
1608 2911 1712 2942 nostrae
1728 2914 1945 2955 subscriptione,
1964 2919 1997 2949 &
2014 2918 2101 2957 Sigilli
2119 2921 2238 2964 Maioris
2252 2931 2301 2966 apa

1247 2947 1382 2985 pensione
1397 2949 1509 2980 munire
1523 2948 1557 2979 δί
1570 2949 1660 2981 testari
1676 2951 1834 2992 voluimus,
1856 2953 2067 2988 Renunciantes
2080 2959 2302 2998 omnibusJuri·

1246 2986 1298 3016 bus
1319 2985 1433 3023 Legum
1450 2987 1495 3016 vel
1516 2988 1711 3027 statutorum,
1730 2992 1762 3021 ὃς
1784 2991 1929 3024 Beneficiis
1949 2995 2163 3034 quibuscunque
2187 2999 2216 3028 in
2230 3008 2303 3028 con-

1245 3024 1365 3054 trarium
1380 3023 1564 3063 facientibus,
1582 3027 1692 3066 eisque,
1710 3030 1738 3058 in
1755 3039 1890 3067 quantum
1912 3041 2012 3064 contra
2048 3035 2163 3065 raedieta
2178 3035 2304 3075 faciunt,

1247 3071 1281 3091 ex
1303 3061 1388 3101 plena
1406 3062 1533 3094 Scientia
1554 3067 1723 3104 proprioque
1747 3066 1836 3099 Motu
1857 3071 1932 3101 &in
1948 3073 2008 3101 vim
2024 3043 2103 3104 fiaffi
2119 3074 2189 3104 dero
2210 3083 2303 3114 antes,

1247 3100 1450 3138 statuentesque
1473 3111 1504 3132 ea
1526 3104 1622 3132 omnia
1645 3104 1678 3134 ὃς
1695 3106 1797 3144 lingula
1810 3107 1913 3138 debere
1929 3110 1957 3139 in
1972 3112 2107 3142 omnibus
2120 3112 2172 3142 suis
2212 3114 2306 3143 unctis

1247 3139 1281 3169 &
1303 3139 1437 3169 Articulis
1456 3138 1536 3171 firma
1559 3151 1689 3181 manere,
1709 3145 1742 3175 &
1763 3154 1958 3184 perpetuarum
1974 3150 2172 3181 immobilium
2188 3151 2301 3190 Legum

1245 3178 1307 3208 vim
1325 3178 1465 3209 othnere.

1281 3214 1320 3247 Et
1341 3216 1408 3246 Nos
1427 3215 1591 3256 Johannes,
1609 3218 1668 3249 Dei
1682 3219 1797 3259 Gratifi,
1816 3226 1905 3253 comes
1920 3225 2067 3255 Palatinus
2081 3225 2168 3256 Rheni
2183 3226 2301 3259 Eleem-

1247 3254 1307 3284 ralis
1322 3254 1492 3286 Palatinatsis
1509 3255 1744 3298 Administrator,
1761 3261 1820 3291 &c.

1244 3292 1320 3363 V‘gt
1343 3293 1411 3324 Nos
1432 3294 1579 3324 Ludovica
1599 3295 1724 3334 Juliana
1744 3298 1871 3330 Electria:
1892 3299 1971 3332 Nata
1993 3301 2119 3333 Araufini
2143 3302 2302 3344 Principis,

1273 3342 1280 3361 i
1302 3341 1351 3370 ua,

1279 3368 1451 3414 ¹Christianus·
1464 3372 1592 3412 Princeps
1607 3372 1784 3405 Anhaltinus
1797 3379 1929 3407 Mauritii
1944 3377 2079 3417 Principis
2090 3378 2215 3410 Arausini
2228 3380 2302 3418 Νοδξ

1243 3417 1428 3485 ωἷξῑξὲαηηες
1441 3448 1578 3479 Albertus
1593 3453 1683 3480 Comes
1697 3450 1834 3492 Solmenfis
1848 3451 2013 3485 Eleetoraijs
2030 3455 2199 3488 Palatinatfis
2214 3456 2301 3497 Mag-

1245 3494 1297 3516 nus
1313 3486 1467 3518 Praefe&us
1487 3487 1604 3526 Palatio,
1618 3490 1718 3525 vigore
1737 3489 1867 3520 Mandaii
1884 3493 2004 3527 eiusdem
2018 3496 2152 3534 Principis
2166 3499 2301 3526 Mauritil

1244 3524 1502 3601 ᾖίέιῃίἀξὲεζιὲἓεῑὲἳῗ
1525 3526 1592 3557 faeti
1606 3527 1750 3565 Johannis
1762 3532 1872 3558 Comitis
1887 3530 2027 3569 Nafflviae
2044 3532 2181 3564 Nomine
2199 3536 2300 3573 vigore

1506 3585 1514 3600 ³

1243 3640 1252 3670 l
1280 3601 1428 3640 Johannes
1447 3601 1646 3641 christophorus
1665 3603 1698 3632 de
1720 3606 1797 3634 Gran
1812 3604 1974 3636 Electoralis
1989 3606 2160 3641 Palatinatsis
2175 3610 2299 3643 Cancei‘2

1255 3650 1340 3678 arius,

1278 3678 1384 3747 131³&OE
1396 3715 1543 3755 Johannes
1557 3712 1694 3747 Alhertus
1711 3721 1800 3748 Comes
1810 3718 1949 3760 Solmevfis
1961 3721 2093 3755 Nomine
2105 3727 2236 3765 proprio,

1281 3754 1436 3793 Tanquam
1459 3755 1634 3786 Contutores
1653 3756 1823 3788 Sereniffimi
1838 3759 1970 3789 EleHoris
1979 3761 2125 3802 defuutsti,
2145 3763 2293 3797 laudatiffi«

1249 3801 1306 3822 rnae
1328 3793 1496 3831 Memoriae,
1514 3793 1703 3825 Testamento
1722 3794 1885 3834 constituti,
1905 3798 2060 3835 supradieta
2075 3805 2176 3833 omnia
2190 3805 2224 3834 &
2240 3804 2293 3833 sm-

1245 3831 1309 3869 gula
1331 3831 1413 3862 fuiffe
1434 3834 1466 3863 &
1489 3831 1545 3862 esse
1568 3832 1700 3862 conceffa
1721 3834 1856 3870 promiffa
1878 3836 2051 3876 &stipulata
2066 3840 2164 3871 nostro
2179 3841 2297 3872 Assensu

1246 3871 1278 3900 &
1301 3870 1481 3901 Authoritate
1497 3892 1506 3907 ,
1533 3870 1654 3900 similiter
1679 3870 1821 3901 Mannum
1843 3873 2001 3905 nostrarum
2018 3876 2236 3919 subscriptione,
2261 3881 2295 3911 &

1246 3907 1408 3976 ¹{igulorum
1431 3907 1614 3946 appensione,
1630 3908 1754 3940 dilucide
1775 3910 1926 3951 testamur,
1945 3914 1978 3945 &
1992 3923 2042 3952 per
2057 3916 2211 3949 Praeientes
2225 3928 2297 3949 con-

1266 3956 1400 3977 rmamus.

1284 4021 1399 4054 Datum
1418 4024 1446 4053 in
1471 4021 1547 4054 Arce
1570 4021 1744 4055 Residentiae
1755 4024 1867 4094 ss‘ssstgae
1893 4027 2111 4073 Heidelbergenfi
2124 4054 2134 4070 ‚
2160 4032 2300 4100 vicegmtg

2203 4080 2222 4107 ς

1804 264 1846 294 vel
1867 269 2058 307 Francofhrti3
2078 268 2273 304 Promittimus
2292 269 2369 300 Atm-
2388 270 2427 303 De

2312 310 2399 348 1613.

1792 339 1981 375 Matrimonia·
1997 347 2096 376 nostro
2110 351 2271 389 procreatis,
2294 348 2428 384 11Jam:

2331 1542 2345 1561 0
2365 1534 2452 1573 X'v'lil

2314 1591 2381 1619 75¹:
