<?xml version="1.0" encoding="UTF-8"?>
<!DOCTYPE html PUBLIC "-//W3C//DTD XHTML 1.0 Transitional//EN"
    "http://www.w3.org/TR/xhtml1/DTD/xhtml1-transitional.dtd">
<html xmlns="http://www.w3.org/1999/xhtml" xml:lang="en" lang="en">
 <head>
  <title>
</title>
<meta http-equiv="Content-Type" content="text/html;charset=utf-8" />
  <meta name='ocr-system' content='tesseract 3.04.00' />
  <meta name='ocr-capabilities' content='ocr_page ocr_carea ocr_par ocr_line ocrx_word'/>
</head>
<body>
  <div class='ocr_page' id='page_1' title='image "./fderaconventione07ryme_0867.png"; bbox 0 0 2557 4279; ppageno 0'>
   <div class='ocr_carea' id='block_1_1' title="bbox 97 734 227 810">
    <p class='ocr_par' dir='ltr' id='par_1_1' title="bbox 97 734 227 810">
     <span class='ocr_line' id='line_1_1' title="bbox 97 734 227 765; baseline 0.015 -2"><span class='ocrx_word' id='word_1_1' title='bbox 97 734 227 765; x_wconf 71' lang='lat' dir='ltr'>*XVIL</span> 
     </span>
     <span class='ocr_line' id='line_1_2' title="bbox 136 777 202 810; baseline 0 -8"><span class='ocrx_word' id='word_1_2' title='bbox 136 777 202 810; x_wconf 87' lang='lat'>607.</span> 
     </span>
    </p>
   </div>
   <div class='ocr_carea' id='block_1_2' title="bbox 96 1383 232 1528">
    <p class='ocr_par' dir='ltr' id='par_1_2' title="bbox 96 1383 232 1498">
     <span class='ocr_line' id='line_1_3' title="bbox 101 1383 232 1414; baseline 0 0"><span class='ocrx_word' id='word_1_3' title='bbox 101 1383 178 1414; x_wconf 78' lang='lat' dir='ltr'>Ann.</span> <span class='ocrx_word' id='word_1_4' title='bbox 190 1383 232 1414; x_wconf 91' lang='lat' dir='ltr'>D.</span> 
     </span>
     <span class='ocr_line' id='line_1_4' title="bbox 124 1423 207 1460; baseline 0 -9"><span class='ocrx_word' id='word_1_5' title='bbox 124 1423 207 1460; x_wconf 77' lang='lat'>1624.</span> 
     </span>
     <span class='ocr_line' id='line_1_5' title="bbox 96 1461 232 1498; baseline 0.022 -11"><span class='ocrx_word' id='word_1_6' title='bbox 96 1461 177 1498; x_wconf 55' lang='lat' dir='ltr'>walp</span> <span class='ocrx_word' id='word_1_7' title='bbox 191 1470 232 1490; x_wconf 81' lang='lat'>12.</span> 
     </span>
    </p>

    <p class='ocr_par' dir='ltr' id='par_1_3' title="bbox 100 1508 193 1528">
     <span class='ocr_line' id='line_1_6' title="bbox 100 1508 193 1528; baseline 0 -2"><span class='ocrx_word' id='word_1_8' title='bbox 100 1508 126 1528; x_wconf 74' lang='lat' dir='ltr'>n.</span> <span class='ocrx_word' id='word_1_9' title='bbox 152 1509 193 1527; x_wconf 79' lang='lat'>11.</span> 
     </span>
    </p>
   </div>
   <div class='ocr_carea' id='block_1_3' title="bbox 105 3354 236 3501">
    <p class='ocr_par' dir='ltr' id='par_1_4' title="bbox 105 3354 236 3501">
     <span class='ocr_line' id='line_1_7' title="bbox 105 3354 235 3387; baseline -0.008 0"><span class='ocrx_word' id='word_1_10' title='bbox 105 3356 182 3387; x_wconf 85' lang='lat' dir='ltr'>Ann.</span> <span class='ocrx_word' id='word_1_11' title='bbox 193 3354 235 3386; x_wconf 89' lang='lat' dir='ltr'>D.</span> 
     </span>
     <span class='ocr_line' id='line_1_8' title="bbox 126 3397 212 3434; baseline -0.012 -9"><span class='ocrx_word' id='word_1_12' title='bbox 126 3397 212 3434; x_wconf 78' lang='lat'>1624.</span> 
     </span>
     <span class='ocr_line' id='line_1_9' title="bbox 108 3434 236 3471; baseline 0.016 -11"><span class='ocrx_word' id='word_1_13' title='bbox 108 3434 200 3471; x_wconf 79' lang='lat' dir='ltr'>lbid.p.</span> <span class='ocrx_word' id='word_1_14' title='bbox 212 3444 220 3461; x_wconf 80' lang='grc' dir='ltr'>Ι</span> <span class='ocrx_word' id='word_1_15' title='bbox 230 3456 236 3464; x_wconf 93' lang='grc'><strong><em>.</em></strong></span> 
     </span>
     <span class='ocr_line' id='line_1_10' title="bbox 109 3473 217 3501; baseline 0.019 -2"><span class='ocrx_word' id='word_1_16' title='bbox 109 3482 135 3499; x_wconf 81' lang='lat' dir='ltr'>n.</span> <span class='ocrx_word' id='word_1_17' title='bbox 146 3482 173 3500; x_wconf 87' lang='lat'>2.</span> <span class='ocrx_word' id='word_1_18' title='bbox 192 3473 217 3501; x_wconf 80' lang='lat' dir='ltr'>d.</span> 
     </span>
    </p>
   </div>
   <div class='ocr_carea' id='block_1_4' title="bbox 839 158 1304 201">
    <p class='ocr_par' dir='ltr' id='par_1_5' title="bbox 839 158 1304 201">
     <span class='ocr_line' id='line_1_11' title="bbox 839 158 1304 201; baseline -0.006 0"><span class='ocrx_word' id='word_1_19' title='bbox 839 158 951 201; x_wconf 86' lang='lat' dir='ltr'>ET</span> <span class='ocrx_word' id='word_1_20' title='bbox 1036 158 1304 201; x_wconf 91' lang='lat' dir='ltr'><strong>ACTA</strong></span> 
     </span>
    </p>
   </div>
   <div class='ocr_carea' id='block_1_5' title="bbox 102 233 1316 316">
    <p class='ocr_par' dir='ltr' id='par_1_6' title="bbox 102 233 1316 316">
     <span class='ocr_line' id='line_1_12' title="bbox 102 233 1316 316; baseline -0.011 -30"><span class='ocrx_word' id='word_1_21' title='bbox 102 233 233 311; x_wconf 42' lang='grc' dir='ltr'>Αξξὲξ·</span> <span class='ocrx_word' id='word_1_22' title='bbox 260 238 377 316; x_wconf 42' lang='grc' dir='ltr'>ἓξὲξ</span> <span class='ocrx_word' id='word_1_23' title='bbox 398 240 454 272; x_wconf 82' lang='lat' dir='ltr'>and</span> <span class='ocrx_word' id='word_1_24' title='bbox 478 242 583 274; x_wconf 76' lang='lat' dir='ltr'>refined</span> <span class='ocrx_word' id='word_1_25' title='bbox 607 244 705 276; x_wconf 69' lang='lat' dir='ltr'>which</span> <span class='ocrx_word' id='word_1_26' title='bbox 730 243 796 276; x_wconf 70' lang='lat' dir='ltr'>than</span> <span class='ocrx_word' id='word_1_27' title='bbox 821 245 945 285; x_wconf 80' lang='lat' dir='ltr'>proceed</span> <span class='ocrx_word' id='word_1_28' title='bbox 970 255 1005 276; x_wconf 81' lang='lat' dir='ltr'>or</span> <span class='ocrx_word' id='word_1_29' title='bbox 1030 251 1118 277; x_wconf 79' lang='lat' dir='ltr'>come</span> <span class='ocrx_word' id='word_1_30' title='bbox 1143 245 1180 276; x_wconf 86' lang='lat' dir='ltr'>of</span> <span class='ocrx_word' id='word_1_31' title='bbox 1191 246 1242 276; x_wconf 74' lang='lat' dir='ltr'>the</span> <span class='ocrx_word' id='word_1_32' title='bbox 1259 243 1316 275; x_wconf 71' lang='lat' dir='ltr'>saia</span> 
     </span>
    </p>
   </div>
   <div class='ocr_carea' id='block_1_6' title="bbox 102 312 232 349">
    <p class='ocr_par' dir='ltr' id='par_1_7' title="bbox 102 312 232 349">
     <span class='ocr_line' id='line_1_13' title="bbox 102 312 232 349; baseline 0.023 -12"><span class='ocrx_word' id='word_1_33' title='bbox 102 312 232 349; x_wconf 81' lang='lat' dir='ltr'>zzJac.1.</span> 
     </span>
    </p>
   </div>
   <div class='ocr_carea' id='block_1_7' title="bbox 244 316 1315 958">
    <p class='ocr_par' dir='ltr' id='par_1_8' title="bbox 244 316 1315 587">
     <span class='ocr_line' id='line_1_14' title="bbox 294 316 1315 359; baseline 0.004 -14"><span class='ocrx_word' id='word_1_34' title='bbox 294 316 360 346; x_wconf 87' lang='lat' dir='ltr'>And</span> <span class='ocrx_word' id='word_1_35' title='bbox 380 317 424 348; x_wconf 89' lang='lat' dir='ltr'>for</span> <span class='ocrx_word' id='word_1_36' title='bbox 440 320 486 349; x_wconf 89' lang='lat' dir='ltr'>the</span> <span class='ocrx_word' id='word_1_37' title='bbox 505 330 584 351; x_wconf 88' lang='lat' dir='ltr'>more</span> <span class='ocrx_word' id='word_1_38' title='bbox 600 319 669 351; x_wconf 88' lang='lat' dir='ltr'>Ease</span> <span class='ocrx_word' id='word_1_39' title='bbox 686 321 740 351; x_wconf 87' lang='lat' dir='ltr'>and</span> <span class='ocrx_word' id='word_1_40' title='bbox 759 321 932 359; x_wconf 79' lang='lat' dir='ltr'>Expedition</span> <span class='ocrx_word' id='word_1_41' title='bbox 949 322 986 353; x_wconf 88' lang='lat' dir='ltr'>of</span> <span class='ocrx_word' id='word_1_42' title='bbox 998 322 1067 353; x_wconf 90' lang='lat' dir='ltr'>such</span> <span class='ocrx_word' id='word_1_43' title='bbox 1084 332 1111 352; x_wconf 88' lang='lat' dir='ltr'>as</span> <span class='ocrx_word' id='word_1_44' title='bbox 1130 321 1197 352; x_wconf 83' lang='lat' dir='ltr'>shall</span> <span class='ocrx_word' id='word_1_45' title='bbox 1212 321 1257 351; x_wconf 89' lang='lat' dir='ltr'>sue</span> <span class='ocrx_word' id='word_1_46' title='bbox 1270 318 1315 349; x_wconf 92' lang='lat' dir='ltr'>for</span> 
     </span>
     <span class='ocr_line' id='line_1_15' title="bbox 256 354 1313 395; baseline 0.004 -12"><span class='ocrx_word' id='word_1_47' title='bbox 256 363 314 391; x_wconf 86' lang='lat' dir='ltr'>any</span> <span class='ocrx_word' id='word_1_48' title='bbox 332 354 402 386; x_wconf 90' lang='lat' dir='ltr'>such</span> <span class='ocrx_word' id='word_1_49' title='bbox 422 357 537 395; x_wconf 79' lang='lat' dir='ltr'>Leases,</span> <span class='ocrx_word' id='word_1_50' title='bbox 564 358 614 391; x_wconf 82' lang='lat' dir='ltr'>the</span> <span class='ocrx_word' id='word_1_51' title='bbox 642 359 722 390; x_wconf 90' lang='lat' dir='ltr'>Lord</span> <span class='ocrx_word' id='word_1_52' title='bbox 748 360 899 391; x_wconf 72' lang='lat' dir='ltr'>Treasorer</span> <span class='ocrx_word' id='word_1_53' title='bbox 924 361 979 392; x_wconf 90' lang='lat' dir='ltr'>and</span> <span class='ocrx_word' id='word_1_54' title='bbox 1005 360 1199 391; x_wconf 87' lang='lat' dir='ltr'>Chauncellor</span> <span class='ocrx_word' id='word_1_55' title='bbox 1215 359 1251 389; x_wconf 91' lang='lat' dir='ltr'>of</span> <span class='ocrx_word' id='word_1_56' title='bbox 1263 358 1313 388; x_wconf 88' lang='lat' dir='ltr'>the</span> 
     </span>
     <span class='ocr_line' id='line_1_16' title="bbox 254 391 1312 437; baseline 0.004 -16"><span class='ocrx_word' id='word_1_57' title='bbox 254 391 432 432; x_wconf 86' lang='lat' dir='ltr'>Exchequer</span> <span class='ocrx_word' id='word_1_58' title='bbox 450 397 553 427; x_wconf 85' lang='lat' dir='ltr'>within</span> <span class='ocrx_word' id='word_1_59' title='bbox 569 397 619 427; x_wconf 89' lang='lat' dir='ltr'>the</span> <span class='ocrx_word' id='word_1_60' title='bbox 638 396 739 428; x_wconf 88' lang='lat' dir='ltr'>Realrn</span> <span class='ocrx_word' id='word_1_61' title='bbox 758 398 796 427; x_wconf 84' lang='lat' dir='ltr'>of</span> <span class='ocrx_word' id='word_1_62' title='bbox 810 397 939 437; x_wconf 77' lang='lat' dir='ltr'>England</span> <span class='ocrx_word' id='word_1_63' title='bbox 956 409 990 429; x_wconf 90' lang='lat' dir='ltr'>or</span> <span class='ocrx_word' id='word_1_64' title='bbox 1007 400 1098 430; x_wconf 88' lang='lat' dir='ltr'>either</span> <span class='ocrx_word' id='word_1_65' title='bbox 1120 399 1156 428; x_wconf 91' lang='lat' dir='ltr'>of</span> <span class='ocrx_word' id='word_1_66' title='bbox 1176 398 1255 427; x_wconf 78' lang='lat' dir='ltr'>thern</span> <span class='ocrx_word' id='word_1_67' title='bbox 1271 396 1312 425; x_wconf 80' lang='grc'><strong>’111</strong></span> 
     </span>
     <span class='ocr_line' id='line_1_17' title="bbox 255 431 1311 477; baseline 0.002 -16"><span class='ocrx_word' id='word_1_68' title='bbox 255 431 304 461; x_wconf 92' lang='lat' dir='ltr'>the</span> <span class='ocrx_word' id='word_1_69' title='bbox 324 432 474 475; x_wconf 69' lang='lat' dir='ltr'>Yacancye</span> <span class='ocrx_word' id='word_1_70' title='bbox 488 434 526 464; x_wconf 87' lang='lat' dir='ltr'>of</span> <span class='ocrx_word' id='word_1_71' title='bbox 536 434 585 465; x_wconf 90' lang='lat' dir='ltr'>the</span> <span class='ocrx_word' id='word_1_72' title='bbox 598 434 698 473; x_wconf 83' lang='lat' dir='ltr'>other,</span> <span class='ocrx_word' id='word_1_73' title='bbox 717 435 785 466; x_wconf 71' lang='lat' dir='ltr'>ssiall</span> <span class='ocrx_word' id='word_1_74' title='bbox 801 436 856 466; x_wconf 90' lang='lat' dir='ltr'>and</span> <span class='ocrx_word' id='word_1_75' title='bbox 873 446 957 477; x_wconf 85' lang='lat' dir='ltr'>may,</span> <span class='ocrx_word' id='word_1_76' title='bbox 980 437 1105 467; x_wconf 75' lang='lat' dir='ltr'>without</span> <span class='ocrx_word' id='word_1_77' title='bbox 1128 436 1212 466; x_wconf 89' lang='lat' dir='ltr'>other</span> <span class='ocrx_word' id='word_1_78' title='bbox 1233 434 1311 464; x_wconf 88' lang='lat' dir='ltr'>Suite</span> 
     </span>
     <span class='ocr_line' id='line_1_18' title="bbox 254 469 1310 513; baseline 0.005 -15"><span class='ocrx_word' id='word_1_79' title='bbox 254 475 285 498; x_wconf 90' lang='lat' dir='ltr'>to</span> <span class='ocrx_word' id='word_1_80' title='bbox 302 469 344 513; x_wconf 69' lang='lat' dir='ltr'>his</span> <span class='ocrx_word' id='word_1_81' title='bbox 360 470 495 509; x_wconf 76' lang='lat' dir='ltr'>Maycstr,</span> <span class='ocrx_word' id='word_1_82' title='bbox 514 473 648 510; x_wconf 84' lang='lat' dir='ltr'>appointe</span> <span class='ocrx_word' id='word_1_83' title='bbox 662 474 710 504; x_wconf 85' lang='lat' dir='ltr'>the</span> <span class='ocrx_word' id='word_1_84' title='bbox 728 473 852 511; x_wconf 85' lang='lat' dir='ltr'>Lymitts</span> <span class='ocrx_word' id='word_1_85' title='bbox 866 474 921 505; x_wconf 90' lang='lat' dir='ltr'>and</span> <span class='ocrx_word' id='word_1_86' title='bbox 936 474 1067 505; x_wconf 89' lang='lat' dir='ltr'>Boundes</span> <span class='ocrx_word' id='word_1_87' title='bbox 1090 483 1122 504; x_wconf 91' lang='lat' dir='ltr'>to</span> <span class='ocrx_word' id='word_1_88' title='bbox 1137 475 1173 504; x_wconf 91' lang='lat' dir='ltr'>be</span> <span class='ocrx_word' id='word_1_89' title='bbox 1190 481 1310 510; x_wconf 90' lang='lat' dir='ltr'>contey-</span> 
     </span>
     <span class='ocr_line' id='line_1_19' title="bbox 254 507 1309 551; baseline 0.005 -15"><span class='ocrx_word' id='word_1_90' title='bbox 254 507 310 537; x_wconf 88' lang='lat' dir='ltr'>ned</span> <span class='ocrx_word' id='word_1_91' title='bbox 324 517 354 537; x_wconf 86' lang='lat' dir='ltr'>m</span> <span class='ocrx_word' id='word_1_92' title='bbox 370 509 439 539; x_wconf 88' lang='lat' dir='ltr'>each</span> <span class='ocrx_word' id='word_1_93' title='bbox 454 509 549 540; x_wconf 83' lang='lat' dir='ltr'>Man&#39;s</span> <span class='ocrx_word' id='word_1_94' title='bbox 568 511 669 549; x_wconf 88' lang='lat' dir='ltr'>Lease,</span> <span class='ocrx_word' id='word_1_95' title='bbox 682 512 736 542; x_wconf 86' lang='lat' dir='ltr'>and</span> <span class='ocrx_word' id='word_1_96' title='bbox 750 513 816 550; x_wconf 85' lang='lat' dir='ltr'>give</span> <span class='ocrx_word' id='word_1_97' title='bbox 832 512 928 542; x_wconf 90' lang='lat' dir='ltr'>Order</span> <span class='ocrx_word' id='word_1_98' title='bbox 941 512 1125 551; x_wconf 84' lang='lat' dir='ltr'>accordingly</span> <span class='ocrx_word' id='word_1_99' title='bbox 1136 519 1168 542; x_wconf 90' lang='lat' dir='ltr'>to</span> <span class='ocrx_word' id='word_1_100' title='bbox 1181 511 1222 542; x_wconf 78' lang='lat' dir='ltr'>his</span> <span class='ocrx_word' id='word_1_101' title='bbox 1238 513 1309 541; x_wconf 84' lang='lat' dir='ltr'>Ma-</span> 
     </span>
     <span class='ocr_line' id='line_1_20' title="bbox 244 544 656 587; baseline 0.012 -13"><span class='ocrx_word' id='word_1_102' title='bbox 244 544 346 584; x_wconf 72' lang='lat' dir='ltr'>Jestie&#39;s</span> <span class='ocrx_word' id='word_1_103' title='bbox 361 547 499 587; x_wconf 87' lang='lat' dir='ltr'>Attorney</span> <span class='ocrx_word' id='word_1_104' title='bbox 512 549 656 580; x_wconf 78' lang='lat' dir='ltr'>Generall.</span> 
     </span>
    </p>

    <p class='ocr_par' dir='ltr' id='par_1_9' title="bbox 245 583 1308 958">
     <span class='ocr_line' id='line_1_21' title="bbox 283 583 1308 626; baseline 0.002 -13"><span class='ocrx_word' id='word_1_105' title='bbox 283 583 355 626; x_wconf 73' lang='lat' dir='ltr'>And</span> <span class='ocrx_word' id='word_1_106' title='bbox 379 584 421 615; x_wconf 86' lang='lat' dir='ltr'>his</span> <span class='ocrx_word' id='word_1_107' title='bbox 448 586 594 626; x_wconf 72' lang='lat' dir='ltr'>Majestie,</span> <span class='ocrx_word' id='word_1_108' title='bbox 620 589 649 617; x_wconf 91' lang='lat' dir='ltr'>in</span> <span class='ocrx_word' id='word_1_109' title='bbox 674 587 766 618; x_wconf 87' lang='lat' dir='ltr'>Favor</span> <span class='ocrx_word' id='word_1_110' title='bbox 791 595 822 617; x_wconf 87' lang='lat' dir='ltr'>to</span> <span class='ocrx_word' id='word_1_111' title='bbox 848 589 899 619; x_wconf 85' lang='lat' dir='ltr'>the</span> <span class='ocrx_word' id='word_1_112' title='bbox 924 587 1048 618; x_wconf 86' lang='lat' dir='ltr'>Owners</span> <span class='ocrx_word' id='word_1_113' title='bbox 1073 588 1110 618; x_wconf 87' lang='lat' dir='ltr'>of</span> <span class='ocrx_word' id='word_1_114' title='bbox 1130 588 1178 618; x_wconf 88' lang='lat' dir='ltr'>the</span> <span class='ocrx_word' id='word_1_115' title='bbox 1202 585 1308 617; x_wconf 66' lang='lat' dir='ltr'>[andes</span> 
     </span>
     <span class='ocr_line' id='line_1_22' title="bbox 250 622 1308 666; baseline 0.006 -17"><span class='ocrx_word' id='word_1_116' title='bbox 250 622 352 651; x_wconf 81' lang='lat' dir='ltr'>within</span> <span class='ocrx_word' id='word_1_117' title='bbox 371 624 469 654; x_wconf 87' lang='lat' dir='ltr'>which</span> <span class='ocrx_word' id='word_1_118' title='bbox 489 626 538 656; x_wconf 91' lang='lat' dir='ltr'>the</span> <span class='ocrx_word' id='word_1_119' title='bbox 556 625 610 656; x_wconf 83' lang='lat' dir='ltr'>said</span> <span class='ocrx_word' id='word_1_120' title='bbox 628 625 730 664; x_wconf 81' lang='lat' dir='ltr'>Mynes</span> <span class='ocrx_word' id='word_1_121' title='bbox 751 636 813 663; x_wconf 86' lang='lat' dir='ltr'>are,</span> <span class='ocrx_word' id='word_1_122' title='bbox 841 635 874 663; x_wconf 73' lang='lat' dir='ltr'>ys</span> <span class='ocrx_word' id='word_1_123' title='bbox 892 626 996 665; x_wconf 85' lang='lat' dir='ltr'>pleased</span> <span class='ocrx_word' id='word_1_124' title='bbox 1024 626 1083 656; x_wconf 85' lang='lat' dir='ltr'>that</span> <span class='ocrx_word' id='word_1_125' title='bbox 1101 626 1168 666; x_wconf 84' lang='lat' dir='ltr'>they</span> <span class='ocrx_word' id='word_1_126' title='bbox 1187 635 1221 655; x_wconf 92' lang='lat' dir='ltr'>or</span> <span class='ocrx_word' id='word_1_127' title='bbox 1240 625 1308 655; x_wconf 90' lang='lat' dir='ltr'>such</span> 
     </span>
     <span class='ocr_line' id='line_1_23' title="bbox 248 660 1305 704; baseline 0.004 -16"><span class='ocrx_word' id='word_1_128' title='bbox 248 668 277 688; x_wconf 86' lang='lat' dir='ltr'>as</span> <span class='ocrx_word' id='word_1_129' title='bbox 295 660 364 701; x_wconf 87' lang='lat' dir='ltr'><strong>they</strong></span> <span class='ocrx_word' id='word_1_130' title='bbox 385 661 452 693; x_wconf 73' lang='grc'><strong>111311</strong></span> <span class='ocrx_word' id='word_1_131' title='bbox 471 672 646 704; x_wconf 77' lang='lat' dir='ltr'>nomynate,</span> <span class='ocrx_word' id='word_1_132' title='bbox 673 665 708 694; x_wconf 91' lang='lat' dir='ltr'>be</span> <span class='ocrx_word' id='word_1_133' title='bbox 727 664 870 701; x_wconf 82' lang='lat' dir='ltr'><strong>preferred</strong></span> <span class='ocrx_word' id='word_1_134' title='bbox 890 673 920 694; x_wconf 90' lang='lat' dir='ltr'>to</span> <span class='ocrx_word' id='word_1_135' title='bbox 941 664 989 694; x_wconf 85' lang='lat' dir='ltr'>the</span> <span class='ocrx_word' id='word_1_136' title='bbox 1007 663 1061 693; x_wconf 86' lang='lat' dir='ltr'>said</span> <span class='ocrx_word' id='word_1_137' title='bbox 1082 663 1179 694; x_wconf 78' lang='lat' dir='ltr'>Leases</span> <span class='ocrx_word' id='word_1_138' title='bbox 1206 664 1305 694; x_wconf 86' lang='lat' dir='ltr'>before</span> 
     </span>
     <span class='ocr_line' id='line_1_24' title="bbox 245 696 1304 740; baseline 0.004 -14"><span class='ocrx_word' id='word_1_139' title='bbox 245 696 280 726; x_wconf 87' lang='lat' dir='ltr'>all</span> <span class='ocrx_word' id='word_1_140' title='bbox 306 700 402 730; x_wconf 86' lang='lat' dir='ltr'>others</span> <span class='ocrx_word' id='word_1_141' title='bbox 420 723 430 738; x_wconf 94' lang='lat'>,</span> <span class='ocrx_word' id='word_1_142' title='bbox 461 701 507 732; x_wconf 92' lang='lat' dir='ltr'>soe</span> <span class='ocrx_word' id='word_1_143' title='bbox 532 713 560 732; x_wconf 85' lang='lat' dir='ltr'>as</span> <span class='ocrx_word' id='word_1_144' title='bbox 586 702 652 740; x_wconf 82' lang='lat' dir='ltr'>they</span> <span class='ocrx_word' id='word_1_145' title='bbox 679 702 790 732; x_wconf 85' lang='lat' dir='ltr'>attende</span> <span class='ocrx_word' id='word_1_146' title='bbox 815 703 865 732; x_wconf 83' lang='lat' dir='ltr'>the</span> <span class='ocrx_word' id='word_1_147' title='bbox 890 702 945 732; x_wconf 87' lang='lat' dir='ltr'>said</span> <span class='ocrx_word' id='word_1_148' title='bbox 972 702 1068 732; x_wconf 89' lang='lat' dir='ltr'>Lorde</span> <span class='ocrx_word' id='word_1_149' title='bbox 1095 701 1245 732; x_wconf 85' lang='lat' dir='ltr'>Treasorer</span> <span class='ocrx_word' id='word_1_150' title='bbox 1270 711 1304 730; x_wconf 93' lang='lat' dir='ltr'>or</span> 
     </span>
     <span class='ocr_line' id='line_1_25' title="bbox 246 734 1303 777; baseline 0.003 -12"><span class='ocrx_word' id='word_1_151' title='bbox 246 734 459 777; x_wconf 87' lang='lat' dir='ltr'>Chauncellor,</span> <span class='ocrx_word' id='word_1_152' title='bbox 485 739 540 770; x_wconf 91' lang='lat' dir='ltr'>and</span> <span class='ocrx_word' id='word_1_153' title='bbox 566 741 630 770; x_wconf 88' lang='lat' dir='ltr'>take</span> <span class='ocrx_word' id='word_1_154' title='bbox 649 740 698 770; x_wconf 89' lang='lat' dir='ltr'>the</span> <span class='ocrx_word' id='word_1_155' title='bbox 717 740 791 770; x_wconf 87' lang='lat' dir='ltr'>same</span> <span class='ocrx_word' id='word_1_156' title='bbox 809 741 914 770; x_wconf 87' lang='lat' dir='ltr'>within</span> <span class='ocrx_word' id='word_1_157' title='bbox 932 740 1010 770; x_wconf 85' lang='lat' dir='ltr'>three</span> <span class='ocrx_word' id='word_1_158' title='bbox 1037 739 1176 770; x_wconf 86' lang='lat' dir='ltr'>Moneths</span> <span class='ocrx_word' id='word_1_159' title='bbox 1194 741 1213 760; x_wconf 44' lang='grc' dir='ltr'>*ὃ</span> <span class='ocrx_word' id='word_1_160' title='bbox 1233 739 1303 770; x_wconf 84' lang='lat' dir='ltr'>after</span> 
     </span>
     <span class='ocr_line' id='line_1_26' title="bbox 248 774 1302 816; baseline 0.004 -13"><span class='ocrx_word' id='word_1_161' title='bbox 248 774 296 804; x_wconf 86' lang='lat' dir='ltr'>the</span> <span class='ocrx_word' id='word_1_162' title='bbox 319 776 483 816; x_wconf 82' lang='lat' dir='ltr'>publilhing</span> <span class='ocrx_word' id='word_1_163' title='bbox 509 778 546 808; x_wconf 92' lang='lat' dir='ltr'>of</span> <span class='ocrx_word' id='word_1_164' title='bbox 564 778 617 808; x_wconf 86' lang='lat' dir='ltr'>this</span> <span class='ocrx_word' id='word_1_165' title='bbox 636 778 678 808; x_wconf 90' lang='lat' dir='ltr'>his</span> <span class='ocrx_word' id='word_1_166' title='bbox 694 777 804 816; x_wconf 91' lang='lat' dir='ltr'>Royall</span> <span class='ocrx_word' id='word_1_167' title='bbox 824 778 1038 809; x_wconf 84' lang='lat' dir='ltr'>Proclamation</span> <span class='ocrx_word' id='word_1_168' title='bbox 1058 779 1087 808; x_wconf 91' lang='lat' dir='ltr'>in</span> <span class='ocrx_word' id='word_1_169' title='bbox 1113 779 1162 808; x_wconf 88' lang='lat' dir='ltr'>the</span> <span class='ocrx_word' id='word_1_170' title='bbox 1181 777 1302 815; x_wconf 90' lang='lat' dir='ltr'>County</span> 
     </span>
     <span class='ocr_line' id='line_1_27' title="bbox 247 812 1302 856; baseline 0.004 -15"><span class='ocrx_word' id='word_1_171' title='bbox 247 812 344 843; x_wconf 87' lang='lat' dir='ltr'>where</span> <span class='ocrx_word' id='word_1_172' title='bbox 361 815 410 845; x_wconf 91' lang='lat' dir='ltr'>the</span> <span class='ocrx_word' id='word_1_173' title='bbox 427 815 480 846; x_wconf 89' lang='lat' dir='ltr'>said</span> <span class='ocrx_word' id='word_1_174' title='bbox 502 816 611 846; x_wconf 81' lang='lat' dir='ltr'>Laudes</span> <span class='ocrx_word' id='word_1_175' title='bbox 628 816 691 855; x_wconf 75' lang='lat' dir='ltr'>lye3</span> <span class='ocrx_word' id='word_1_176' title='bbox 705 817 761 845; x_wconf 90' lang='lat' dir='ltr'>and</span> <span class='ocrx_word' id='word_1_177' title='bbox 780 817 808 845; x_wconf 91' lang='lat' dir='ltr'>in</span> <span class='ocrx_word' id='word_1_178' title='bbox 828 816 899 847; x_wconf 81' lang='lat' dir='ltr'>Case</span> <span class='ocrx_word' id='word_1_179' title='bbox 916 817 985 856; x_wconf 90' lang='lat' dir='ltr'>they</span> <span class='ocrx_word' id='word_1_180' title='bbox 1004 817 1043 846; x_wconf 93' lang='lat' dir='ltr'>do</span> <span class='ocrx_word' id='word_1_181' title='bbox 1062 825 1112 847; x_wconf 85' lang='lat' dir='ltr'>not</span> <span class='ocrx_word' id='word_1_182' title='bbox 1130 816 1241 847; x_wconf 84' lang='lat' dir='ltr'>attende</span> <span class='ocrx_word' id='word_1_183' title='bbox 1248 816 1302 845; x_wconf 90' lang='lat' dir='ltr'>and</span> 
     </span>
     <span class='ocr_line' id='line_1_28' title="bbox 247 851 1304 895; baseline 0.003 -15"><span class='ocrx_word' id='word_1_184' title='bbox 247 851 384 895; x_wconf 37' lang='lat' dir='ltr'>take-the</span> <span class='ocrx_word' id='word_1_185' title='bbox 410 852 484 885; x_wconf 70' lang='lat' dir='ltr'>firme</span> <span class='ocrx_word' id='word_1_186' title='bbox 510 854 609 886; x_wconf 88' lang='lat' dir='ltr'>within</span> <span class='ocrx_word' id='word_1_187' title='bbox 628 856 687 885; x_wconf 81' lang='lat' dir='ltr'>that</span> <span class='ocrx_word' id='word_1_188' title='bbox 711 853 803 892; x_wconf 85' lang='lat' dir='ltr'>Space</span> <span class='ocrx_word' id='word_1_189' title='bbox 820 878 830 892; x_wconf 92' lang='lat'>,</span> <span class='ocrx_word' id='word_1_190' title='bbox 867 855 933 884; x_wconf 86' lang='lat' dir='ltr'>then</span> <span class='ocrx_word' id='word_1_191' title='bbox 950 855 1019 885; x_wconf 92' lang='lat' dir='ltr'>such</span> <span class='ocrx_word' id='word_1_192' title='bbox 1038 854 1157 884; x_wconf 85' lang='lat' dir='ltr'>Persons</span> <span class='ocrx_word' id='word_1_193' title='bbox 1176 854 1243 884; x_wconf 72' lang='lat' dir='ltr'>shall</span> <span class='ocrx_word' id='word_1_194' title='bbox 1267 854 1304 883; x_wconf 92' lang='lat' dir='ltr'>be</span> 
     </span>
     <span class='ocr_line' id='line_1_29' title="bbox 249 889 1304 956; baseline 0.004 -38"><span class='ocrx_word' id='word_1_195' title='bbox 249 889 386 956; x_wconf 49' lang='lat' dir='ltr'>admitted</span> <span class='ocrx_word' id='word_1_196' title='bbox 406 899 438 922; x_wconf 94' lang='lat' dir='ltr'>to</span> <span class='ocrx_word' id='word_1_197' title='bbox 457 892 521 923; x_wconf 86' lang='lat' dir='ltr'>take</span> <span class='ocrx_word' id='word_1_198' title='bbox 541 893 638 923; x_wconf 82' lang='lat' dir='ltr'>Leases</span> <span class='ocrx_word' id='word_1_199' title='bbox 656 893 769 923; x_wconf 83' lang='lat' dir='ltr'>thereos</span> <span class='ocrx_word' id='word_1_200' title='bbox 789 902 816 922; x_wconf 89' lang='lat' dir='ltr'>as</span> <span class='ocrx_word' id='word_1_201' title='bbox 835 892 905 922; x_wconf 81' lang='grc'><strong>111311</strong></span> <span class='ocrx_word' id='word_1_202' title='bbox 921 892 978 922; x_wconf 84' lang='lat' dir='ltr'>first</span> <span class='ocrx_word' id='word_1_203' title='bbox 997 892 1079 923; x_wconf 88' lang='lat' dir='ltr'>make</span> <span class='ocrx_word' id='word_1_204' title='bbox 1097 893 1174 923; x_wconf 88' lang='lat' dir='ltr'>Suite</span> <span class='ocrx_word' id='word_1_205' title='bbox 1192 892 1237 922; x_wconf 87' lang='lat' dir='ltr'>for</span> <span class='ocrx_word' id='word_1_206' title='bbox 1256 892 1304 922; x_wconf 89' lang='lat' dir='ltr'>the</span> 
     </span>
     <span class='ocr_line' id='line_1_30' title="bbox 261 937 334 958; baseline 0.027 -2"><span class='ocrx_word' id='word_1_207' title='bbox 261 937 334 958; x_wconf 86' lang='lat' dir='ltr'>ame.</span> 
     </span>
    </p>
   </div>
   <div class='ocr_carea' id='block_1_8' title="bbox 287 1002 1308 1046">
    <p class='ocr_par' dir='ltr' id='par_1_10' title="bbox 287 1002 1308 1046">
     <span class='ocr_line' id='line_1_31' title="bbox 287 1002 1308 1046; baseline 0 -13"><span class='ocrx_word' id='word_1_208' title='bbox 287 1002 387 1034; x_wconf 89' lang='lat' dir='ltr'>Given</span> <span class='ocrx_word' id='word_1_209' title='bbox 407 1011 439 1034; x_wconf 86' lang='lat' dir='ltr'>at</span> <span class='ocrx_word' id='word_1_210' title='bbox 457 1016 506 1035; x_wconf 88' lang='lat' dir='ltr'>our</span> <span class='ocrx_word' id='word_1_211' title='bbox 525 1009 620 1036; x_wconf 77' lang='lat' dir='ltr'>Courte</span> <span class='ocrx_word' id='word_1_212' title='bbox 637 1013 670 1036; x_wconf 86' lang='lat' dir='ltr'>at</span> <span class='ocrx_word' id='word_1_213' title='bbox 689 1005 821 1045; x_wconf 79' lang='lat' dir='ltr'>Wansted</span> <span class='ocrx_word' id='word_1_214' title='bbox 835 1005 884 1037; x_wconf 84' lang='lat' dir='ltr'>the</span> <span class='ocrx_word' id='word_1_215' title='bbox 901 1006 981 1038; x_wconf 87' lang='lat' dir='ltr'>tenth</span> <span class='ocrx_word' id='word_1_216' title='bbox 1001 1006 1067 1046; x_wconf 88' lang='lat' dir='ltr'>Day</span> <span class='ocrx_word' id='word_1_217' title='bbox 1090 1005 1126 1036; x_wconf 92' lang='lat' dir='ltr'>of</span> <span class='ocrx_word' id='word_1_218' title='bbox 1145 1005 1211 1045; x_wconf 90' lang='lat' dir='ltr'>July</span> <span class='ocrx_word' id='word_1_219' title='bbox 1230 1028 1241 1043; x_wconf 91' lang='lat'>,</span> <span class='ocrx_word' id='word_1_220' title='bbox 1276 1004 1308 1034; x_wconf 79' lang='lat' dir='ltr'>in‘</span> 
     </span>
    </p>
   </div>
   <div class='ocr_carea' id='block_1_9' title="bbox 250 1041 1305 1114">
    <p class='ocr_par' dir='ltr' id='par_1_11' title="bbox 250 1041 1305 1114">
     <span class='ocr_line' id='line_1_32' title="bbox 250 1041 1305 1086; baseline 0.003 -15"><span class='ocrx_word' id='word_1_221' title='bbox 250 1041 299 1072; x_wconf 85' lang='lat' dir='ltr'>the</span> <span class='ocrx_word' id='word_1_222' title='bbox 322 1050 398 1073; x_wconf 89' lang='lat' dir='ltr'>twoe</span> <span class='ocrx_word' id='word_1_223' title='bbox 424 1044 477 1074; x_wconf 89' lang='lat' dir='ltr'>and</span> <span class='ocrx_word' id='word_1_224' title='bbox 506 1045 639 1076; x_wconf 90' lang='lat' dir='ltr'>twentith</span> <span class='ocrx_word' id='word_1_225' title='bbox 663 1044 737 1076; x_wconf 88' lang='lat' dir='ltr'>Yere</span> <span class='ocrx_word' id='word_1_226' title='bbox 760 1044 797 1075; x_wconf 89' lang='lat' dir='ltr'>of</span> <span class='ocrx_word' id='word_1_227' title='bbox 810 1055 862 1075; x_wconf 89' lang='lat' dir='ltr'>our</span> <span class='ocrx_word' id='word_1_228' title='bbox 883 1044 994 1086; x_wconf 85' lang='lat' dir='ltr'>Raigne</span> <span class='ocrx_word' id='word_1_229' title='bbox 1012 1045 1048 1075; x_wconf 83' lang='lat' dir='ltr'>of</span> <span class='ocrx_word' id='word_1_230' title='bbox 1071 1043 1161 1076; x_wconf 82' lang='lat' dir='ltr'>Great</span> <span class='ocrx_word' id='word_1_231' title='bbox 1180 1044 1305 1083; x_wconf 79' lang='lat' dir='ltr'>Brittayn</span> 
     </span>
     <span class='ocr_line' id='line_1_33' title="bbox 252 1079 589 1114; baseline 0.012 -6"><span class='ocrx_word' id='word_1_232' title='bbox 252 1079 380 1111; x_wconf 80' lang='lat' dir='ltr'>Fraunce</span> <span class='ocrx_word' id='word_1_233' title='bbox 400 1081 456 1112; x_wconf 81' lang='lat' dir='ltr'>and</span> <span class='ocrx_word' id='word_1_234' title='bbox 471 1081 589 1114; x_wconf 85' lang='lat' dir='ltr'>Ireland.</span> 
     </span>
    </p>
   </div>
   <div class='ocr_carea' id='block_1_10' title="bbox 924 1158 1198 1198">
    <p class='ocr_par' dir='ltr' id='par_1_12' title="bbox 924 1158 1198 1198">
     <span class='ocr_line' id='line_1_34' title="bbox 924 1158 1198 1198; baseline -0.011 -7"><span class='ocrx_word' id='word_1_235' title='bbox 924 1162 979 1191; x_wconf 84' lang='lat' dir='ltr'>Per</span> <span class='ocrx_word' id='word_1_236' title='bbox 993 1158 1076 1198; x_wconf 65' lang='lat' dir='ltr'>ipspm</span> <span class='ocrx_word' id='word_1_237' title='bbox 1092 1162 1198 1196; x_wconf 82' lang='lat' dir='ltr'>Regem.</span> 
     </span>
    </p>
   </div>
   <div class='ocr_carea' id='block_1_11' title="bbox 489 1238 1157 1241">
    <p class='ocr_par' dir='ltr' id='par_1_13' title="bbox 489 1238 1157 1241">
     <span class='ocr_line' id='line_1_35' title="bbox 489 1238 1157 1241; baseline 0 0"><span class='ocrx_word' id='word_1_238' title='bbox 489 1238 1157 1241; x_wconf 95' lang='lat' dir='ltr'> </span> 
     </span>
    </p>
   </div>
   <div class='ocr_carea' id='block_1_12' title="bbox 399 1283 1149 1329">
    <p class='ocr_par' dir='ltr' id='par_1_14' title="bbox 399 1283 1149 1329">
     <span class='ocr_line' id='line_1_36' title="bbox 399 1283 1149 1329; baseline 0 -11"><span class='ocrx_word' id='word_1_239' title='bbox 399 1283 535 1329; x_wconf 74' lang='lat' dir='ltr'>Conceffio</span> <span class='ocrx_word' id='word_1_240' title='bbox 558 1284 687 1320; x_wconf 85' lang='lat' dir='ltr'>Ricardo</span> <span class='ocrx_word' id='word_1_241' title='bbox 711 1287 839 1318; x_wconf 58' lang='lat' dir='ltr'>Zinzan</span> <span class='ocrx_word' id='word_1_242' title='bbox 862 1286 939 1319; x_wconf 78' lang='lat' dir='ltr'>alias</span> <span class='ocrx_word' id='word_1_243' title='bbox 964 1283 1149 1320; x_wconf 79' lang='lat' dir='ltr'>Alexander.</span> 
     </span>
    </p>
   </div>
   <div class='ocr_carea' id='block_1_13' title="bbox 244 1368 1312 3125">
    <p class='ocr_par' dir='ltr' id='par_1_15' title="bbox 255 1368 939 1424">
     <span class='ocr_line' id='line_1_37' title="bbox 255 1368 939 1424; baseline 0 -24"><span class='ocrx_word' id='word_1_244' title='bbox 255 1368 343 1424; x_wconf 75' lang='lat' dir='ltr'>RE</span> <span class='ocrx_word' id='word_1_245' title='bbox 354 1372 379 1398; x_wconf 80' lang='lat' dir='ltr'>X</span> <span class='ocrx_word' id='word_1_246' title='bbox 399 1372 536 1402; x_wconf 88' lang='lat' dir='ltr'>omnibus</span> <span class='ocrx_word' id='word_1_247' title='bbox 552 1370 587 1402; x_wconf 90' lang='lat' dir='ltr'>ad</span> <span class='ocrx_word' id='word_1_248' title='bbox 600 1380 689 1409; x_wconf 86' lang='lat' dir='ltr'>quos,</span> <span class='ocrx_word' id='word_1_249' title='bbox 706 1370 768 1401; x_wconf 90' lang='lat' dir='ltr'>&amp;c.</span> <span class='ocrx_word' id='word_1_250' title='bbox 805 1369 939 1401; x_wconf 85' lang='lat' dir='ltr'>Salutem.</span> 
     </span>
    </p>

    <p class='ocr_par' dir='ltr' id='par_1_16' title="bbox 248 1406 1307 1752">
     <span class='ocr_line' id='line_1_38' title="bbox 347 1406 1307 1448; baseline 0.001 -10"><span class='ocrx_word' id='word_1_251' title='bbox 347 1408 430 1439; x_wconf 76' lang='lat' dir='ltr'>Cum</span> <span class='ocrx_word' id='word_1_252' title='bbox 447 1410 579 1440; x_wconf 87' lang='lat' dir='ltr'>Domina</span> <span class='ocrx_word' id='word_1_253' title='bbox 594 1408 766 1439; x_wconf 80' lang='lat' dir='ltr'>Elizabetha</span> <span class='ocrx_word' id='word_1_254' title='bbox 780 1418 867 1448; x_wconf 87' lang='lat' dir='ltr'>nuper</span> <span class='ocrx_word' id='word_1_255' title='bbox 882 1411 985 1445; x_wconf 83' lang='lat' dir='ltr'>Regina</span> <span class='ocrx_word' id='word_1_256' title='bbox 1002 1406 1187 1447; x_wconf 77' lang='lat' dir='ltr'>Angliae‚per</span> <span class='ocrx_word' id='word_1_257' title='bbox 1202 1407 1307 1439; x_wconf 78' lang='lat' dir='ltr'>Literas</span> 
     </span>
     <span class='ocr_line' id='line_1_39' title="bbox 254 1446 1305 1487; baseline 0.001 -11"><span class='ocrx_word' id='word_1_258' title='bbox 254 1446 310 1476; x_wconf 81' lang='lat' dir='ltr'>suas</span> <span class='ocrx_word' id='word_1_259' title='bbox 329 1447 458 1478; x_wconf 83' lang='lat' dir='ltr'>Patentes</span> <span class='ocrx_word' id='word_1_260' title='bbox 482 1448 532 1479; x_wconf 85' lang='lat' dir='ltr'>sub</span> <span class='ocrx_word' id='word_1_261' title='bbox 557 1447 672 1484; x_wconf 87' lang='lat' dir='ltr'>Magno</span> <span class='ocrx_word' id='word_1_262' title='bbox 687 1447 786 1487; x_wconf 84' lang='lat' dir='ltr'>Sigillo</span> <span class='ocrx_word' id='word_1_263' title='bbox 802 1447 850 1478; x_wconf 87' lang='lat' dir='ltr'>suo</span> <span class='ocrx_word' id='word_1_264' title='bbox 866 1447 978 1484; x_wconf 81' lang='lat' dir='ltr'>Angliae</span> <span class='ocrx_word' id='word_1_265' title='bbox 994 1447 1157 1484; x_wconf 70' lang='lat' dir='ltr'>contestas,</span> <span class='ocrx_word' id='word_1_266' title='bbox 1179 1455 1305 1484; x_wconf 75' lang='lat' dir='ltr'>gerentes</span> 
     </span>
     <span class='ocr_line' id='line_1_40' title="bbox 253 1483 1303 1524; baseline -0.001 -9"><span class='ocrx_word' id='word_1_267' title='bbox 253 1484 361 1516; x_wconf 83' lang='lat' dir='ltr'>Datam</span> <span class='ocrx_word' id='word_1_268' title='bbox 383 1485 457 1523; x_wconf 87' lang='lat' dir='ltr'>apud</span> <span class='ocrx_word' id='word_1_269' title='bbox 476 1485 763 1516; x_wconf 88' lang='lat' dir='ltr'>Westmonasterium</span> <span class='ocrx_word' id='word_1_270' title='bbox 789 1485 905 1524; x_wconf 73' lang='lat' dir='ltr'>vicefimo</span> <span class='ocrx_word' id='word_1_271' title='bbox 922 1484 1003 1524; x_wconf 84' lang='lat' dir='ltr'>sexto</span> <span class='ocrx_word' id='word_1_272' title='bbox 1018 1488 1071 1515; x_wconf 84' lang='lat' dir='ltr'>Die</span> <span class='ocrx_word' id='word_1_273' title='bbox 1092 1483 1198 1522; x_wconf 75' lang='lat' dir='ltr'>Aprilis</span> <span class='ocrx_word' id='word_1_274' title='bbox 1218 1486 1303 1515; x_wconf 87' lang='lat' dir='ltr'>Anno</span> 
     </span>
     <span class='ocr_line' id='line_1_41' title="bbox 253 1522 1304 1562; baseline -0.001 -9"><span class='ocrx_word' id='word_1_275' title='bbox 253 1523 351 1561; x_wconf 86' lang='lat' dir='ltr'>Regni</span> <span class='ocrx_word' id='word_1_276' title='bbox 364 1523 402 1553; x_wconf 92' lang='lat' dir='ltr'>sui</span> <span class='ocrx_word' id='word_1_277' title='bbox 417 1524 554 1554; x_wconf 77' lang='lat' dir='ltr'>ViCCfimO</span> <span class='ocrx_word' id='word_1_278' title='bbox 571 1523 713 1562; x_wconf 83' lang='lat' dir='ltr'>secundo,</span> <span class='ocrx_word' id='word_1_279' title='bbox 739 1525 768 1554; x_wconf 90' lang='lat' dir='ltr'>in</span> <span class='ocrx_word' id='word_1_280' title='bbox 785 1524 1009 1554; x_wconf 83' lang='lat' dir='ltr'>conlideratione</span> <span class='ocrx_word' id='word_1_281' title='bbox 1026 1522 1137 1554; x_wconf 87' lang='lat' dir='ltr'>Servitii</span> <span class='ocrx_word' id='word_1_282' title='bbox 1153 1523 1304 1554; x_wconf 81' lang='lat' dir='ltr'>Servientis</span> 
     </span>
     <span class='ocr_line' id='line_1_42' title="bbox 251 1561 1303 1600; baseline -0.001 -9"><span class='ocrx_word' id='word_1_283' title='bbox 251 1561 291 1592; x_wconf 88' lang='lat' dir='ltr'>sui</span> <span class='ocrx_word' id='word_1_284' title='bbox 312 1562 438 1592; x_wconf 82' lang='lat' dir='ltr'>Andreae</span> <span class='ocrx_word' id='word_1_285' title='bbox 461 1564 578 1592; x_wconf 83' lang='lat' dir='ltr'>Zinzan</span> <span class='ocrx_word' id='word_1_286' title='bbox 597 1563 664 1593; x_wconf 71' lang='lat' dir='ltr'>alias</span> <span class='ocrx_word' id='word_1_287' title='bbox 683 1561 848 1592; x_wconf 79' lang='lat' dir='ltr'>Alexander</span> <span class='ocrx_word' id='word_1_288' title='bbox 871 1562 1009 1592; x_wconf 82' lang='lat' dir='ltr'>Generosi</span> <span class='ocrx_word' id='word_1_289' title='bbox 1031 1571 1099 1592; x_wconf 88' lang='lat' dir='ltr'>tunc</span> <span class='ocrx_word' id='word_1_290' title='bbox 1117 1561 1303 1600; x_wconf 76' lang='lat' dir='ltr'>imposterum</span> 
     </span>
     <span class='ocr_line' id='line_1_43' title="bbox 250 1598 1306 1639; baseline 0.001 -10"><span class='ocrx_word' id='word_1_291' title='bbox 250 1600 435 1637; x_wconf 90' lang='lat' dir='ltr'>impendendi</span> <span class='ocrx_word' id='word_1_292' title='bbox 450 1600 601 1638; x_wconf 84' lang='lat' dir='ltr'>equitando</span> <span class='ocrx_word' id='word_1_293' title='bbox 625 1599 754 1637; x_wconf 83' lang='lat' dir='ltr'>Magnos</span> <span class='ocrx_word' id='word_1_294' title='bbox 777 1600 874 1637; x_wconf 83' lang='lat' dir='ltr'>Equos</span> <span class='ocrx_word' id='word_1_295' title='bbox 894 1600 979 1630; x_wconf 65' lang='lat' dir='ltr'>dietae</span> <span class='ocrx_word' id='word_1_296' title='bbox 1004 1599 1142 1629; x_wconf 80' lang='lat' dir='ltr'>Dominae</span> <span class='ocrx_word' id='word_1_297' title='bbox 1168 1598 1306 1639; x_wconf 85' lang='lat' dir='ltr'>Reginae,</span> 
     </span>
     <span class='ocr_line' id='line_1_44' title="bbox 249 1637 1299 1675; baseline 0.002 -8"><span class='ocrx_word' id='word_1_298' title='bbox 249 1637 357 1668; x_wconf 84' lang='lat' dir='ltr'>dederit</span> <span class='ocrx_word' id='word_1_299' title='bbox 378 1639 412 1669; x_wconf 88' lang='lat'>&amp;</span> <span class='ocrx_word' id='word_1_300' title='bbox 433 1638 603 1670; x_wconf 81' lang='lat' dir='ltr'>concefferit</span> <span class='ocrx_word' id='word_1_301' title='bbox 622 1638 715 1668; x_wconf 88' lang='lat' dir='ltr'>eidem</span> <span class='ocrx_word' id='word_1_302' title='bbox 739 1639 863 1669; x_wconf 80' lang='lat' dir='ltr'>Arzdreae</span> <span class='ocrx_word' id='word_1_303' title='bbox 885 1637 1024 1675; x_wconf 88' lang='lat' dir='ltr'>quandam</span> <span class='ocrx_word' id='word_1_304' title='bbox 1040 1637 1225 1668; x_wconf 84' lang='lat' dir='ltr'>Annuitatem</span> <span class='ocrx_word' id='word_1_305' title='bbox 1242 1637 1299 1669; x_wconf 79' lang='lat' dir='ltr'>sive</span> 
     </span>
     <span class='ocr_line' id='line_1_45' title="bbox 248 1675 1305 1715; baseline -0.002 -8"><span class='ocrx_word' id='word_1_306' title='bbox 248 1676 402 1707; x_wconf 79' lang='lat' dir='ltr'>annualem</span> <span class='ocrx_word' id='word_1_307' title='bbox 416 1676 576 1707; x_wconf 90' lang='lat' dir='ltr'>Redditum</span> <span class='ocrx_word' id='word_1_308' title='bbox 589 1679 740 1713; x_wconf 85' lang='lat' dir='ltr'>Sexaginta</span> <span class='ocrx_word' id='word_1_309' title='bbox 749 1676 802 1715; x_wconf 75' lang='lat' dir='ltr'>sex</span> <span class='ocrx_word' id='word_1_310' title='bbox 824 1676 974 1705; x_wconf 87' lang='lat' dir='ltr'>Librarum</span> <span class='ocrx_word' id='word_1_311' title='bbox 996 1675 1135 1714; x_wconf 82' lang='lat' dir='ltr'>tresdecim</span> <span class='ocrx_word' id='word_1_312' title='bbox 1157 1675 1305 1706; x_wconf 87' lang='lat' dir='ltr'>Solidorum</span> 
     </span>
     <span class='ocr_line' id='line_1_46' title="bbox 249 1713 840 1752; baseline -0.007 -7"><span class='ocrx_word' id='word_1_313' title='bbox 249 1713 289 1750; x_wconf 57' lang='grc' dir='ltr'>ό</span> <span class='ocrx_word' id='word_1_314' title='bbox 324 1722 422 1745; x_wconf 87' lang='lat' dir='ltr'>uatuor</span> <span class='ocrx_word' id='word_1_315' title='bbox 437 1718 621 1745; x_wconf 86' lang='lat' dir='ltr'>Denariorum</span> <span class='ocrx_word' id='word_1_316' title='bbox 635 1714 840 1752; x_wconf 84' lang='lat' dir='ltr'>Sterlingorum‚</span> 
     </span>
    </p>

    <p class='ocr_par' dir='ltr' id='par_1_17' title="bbox 244 1726 1304 2214">
     <span class='ocr_line' id='line_1_47' title="bbox 288 1726 1304 1790; baseline -0.002 -5"><span class='ocrx_word' id='word_1_317' title='bbox 288 1726 461 1785; x_wconf 68' lang='lat' dir='ltr'>l-qlabendam</span> <span class='ocrx_word' id='word_1_318' title='bbox 477 1752 656 1790; x_wconf 84' lang='lat' dir='ltr'>gaudendam</span> <span class='ocrx_word' id='word_1_319' title='bbox 669 1752 702 1783; x_wconf 90' lang='lat'>&amp;</span> <span class='ocrx_word' id='word_1_320' title='bbox 719 1753 928 1790; x_wconf 82' lang='lat' dir='ltr'>percipiendam</span> <span class='ocrx_word' id='word_1_321' title='bbox 950 1751 1057 1782; x_wconf 61' lang='lat' dir='ltr'>dietam</span> <span class='ocrx_word' id='word_1_322' title='bbox 1071 1751 1254 1783; x_wconf 88' lang='lat' dir='ltr'>Annuitatem</span> <span class='ocrx_word' id='word_1_323' title='bbox 1268 1752 1304 1783; x_wconf 85' lang='lat' dir='ltr'>fi-</span> 
     </span>
     <span class='ocr_line' id='line_1_48' title="bbox 249 1789 1304 1829; baseline -0.004 -6"><span class='ocrx_word' id='word_1_324' title='bbox 249 1802 287 1823; x_wconf 92' lang='lat' dir='ltr'>ve</span> <span class='ocrx_word' id='word_1_325' title='bbox 303 1791 451 1823; x_wconf 86' lang='lat' dir='ltr'>annualem</span> <span class='ocrx_word' id='word_1_326' title='bbox 469 1791 627 1822; x_wconf 89' lang='lat' dir='ltr'>Redditum</span> <span class='ocrx_word' id='word_1_327' title='bbox 640 1793 790 1827; x_wconf 85' lang='lat' dir='ltr'>Sexaginta</span> <span class='ocrx_word' id='word_1_328' title='bbox 802 1791 854 1829; x_wconf 77' lang='lat' dir='ltr'>sex</span> <span class='ocrx_word' id='word_1_329' title='bbox 874 1791 1022 1820; x_wconf 85' lang='lat' dir='ltr'>Librarum</span> <span class='ocrx_word' id='word_1_330' title='bbox 1043 1789 1182 1829; x_wconf 84' lang='lat' dir='ltr'>tresdecim</span> <span class='ocrx_word' id='word_1_331' title='bbox 1204 1789 1304 1820; x_wconf 86' lang='lat' dir='ltr'>Solido-</span> 
     </span>
     <span class='ocr_line' id='line_1_49' title="bbox 249 1827 1301 1872; baseline -0.002 -13"><span class='ocrx_word' id='word_1_332' title='bbox 249 1841 309 1859; x_wconf 85' lang='lat' dir='ltr'>rum</span> <span class='ocrx_word' id='word_1_333' title='bbox 325 1827 363 1864; x_wconf 53' lang='grc' dir='ltr'>ρξ’</span> <span class='ocrx_word' id='word_1_334' title='bbox 377 1837 493 1871; x_wconf 79' lang='lat' dir='ltr'>quatuor</span> <span class='ocrx_word' id='word_1_335' title='bbox 508 1832 686 1859; x_wconf 87' lang='lat' dir='ltr'>Denariorum</span> <span class='ocrx_word' id='word_1_336' title='bbox 702 1829 820 1866; x_wconf 79' lang='lat' dir='ltr'>praefato</span> <span class='ocrx_word' id='word_1_337' title='bbox 834 1829 957 1858; x_wconf 82' lang='lat' dir='ltr'>Andreae</span> <span class='ocrx_word' id='word_1_338' title='bbox 971 1831 1086 1858; x_wconf 82' lang='lat' dir='ltr'>Zinzan</span> <span class='ocrx_word' id='word_1_339' title='bbox 1099 1828 1161 1872; x_wconf 65' lang='lat' dir='ltr'>alias</span> <span class='ocrx_word' id='word_1_340' title='bbox 1168 1828 1301 1858; x_wconf 82' lang='lat' dir='ltr'>Alexan-</span> 
     </span>
     <span class='ocr_line' id='line_1_50' title="bbox 247 1866 1299 1905; baseline -0.003 -6"><span class='ocrx_word' id='word_1_341' title='bbox 247 1870 296 1899; x_wconf 86' lang='lat' dir='ltr'>der</span> <span class='ocrx_word' id='word_1_342' title='bbox 314 1868 432 1899; x_wconf 83' lang='lat' dir='ltr'>durante</span> <span class='ocrx_word' id='word_1_343' title='bbox 446 1867 512 1899; x_wconf 71' lang='lat' dir='ltr'>Vita</span> <span class='ocrx_word' id='word_1_344' title='bbox 525 1867 570 1898; x_wconf 66' lang='lat' dir='ltr'>sua</span> <span class='ocrx_word' id='word_1_345' title='bbox 585 1868 722 1904; x_wconf 89' lang='lat' dir='ltr'>naturali,</span> <span class='ocrx_word' id='word_1_346' title='bbox 740 1867 774 1897; x_wconf 92' lang='lat' dir='ltr'>ad</span> <span class='ocrx_word' id='word_1_347' title='bbox 790 1866 951 1905; x_wconf 82' lang='lat' dir='ltr'>Receptam</span> <span class='ocrx_word' id='word_1_348' title='bbox 965 1867 1107 1898; x_wconf 80' lang='lat' dir='ltr'>scaccarii</span> <span class='ocrx_word' id='word_1_349' title='bbox 1128 1866 1212 1897; x_wconf 67' lang='lat' dir='ltr'>clustae</span> <span class='ocrx_word' id='word_1_350' title='bbox 1231 1866 1299 1896; x_wconf 86' lang='lat' dir='ltr'>Do-</span> 
     </span>
     <span class='ocr_line' id='line_1_51' title="bbox 248 1904 1297 1945; baseline -0.001 -9"><span class='ocrx_word' id='word_1_351' title='bbox 248 1909 336 1937; x_wconf 86' lang='lat' dir='ltr'>minae</span> <span class='ocrx_word' id='word_1_352' title='bbox 358 1906 479 1945; x_wconf 83' lang='lat' dir='ltr'>Reginae</span> <span class='ocrx_word' id='word_1_353' title='bbox 500 1905 628 1937; x_wconf 90' lang='lat' dir='ltr'>Westm.</span> <span class='ocrx_word' id='word_1_354' title='bbox 650 1905 686 1936; x_wconf 90' lang='lat' dir='ltr'>de</span> <span class='ocrx_word' id='word_1_355' title='bbox 700 1905 844 1936; x_wconf 82' lang='lat' dir='ltr'>Thesauro</span> <span class='ocrx_word' id='word_1_356' title='bbox 858 1905 909 1937; x_wconf 88' lang='lat' dir='ltr'>suo</span> <span class='ocrx_word' id='word_1_357' title='bbox 918 1929 927 1945; x_wconf 87' lang='lat'>,</span> <span class='ocrx_word' id='word_1_358' title='bbox 941 1915 990 1944; x_wconf 88' lang='lat' dir='ltr'>per</span> <span class='ocrx_word' id='word_1_359' title='bbox 1005 1905 1108 1935; x_wconf 87' lang='lat' dir='ltr'>Manus</span> <span class='ocrx_word' id='word_1_360' title='bbox 1122 1904 1297 1936; x_wconf 89' lang='lat' dir='ltr'>Thesaurarii</span> 
     </span>
     <span class='ocr_line' id='line_1_52' title="bbox 249 1942 1296 1982; baseline -0.002 -6"><span class='ocrx_word' id='word_1_361' title='bbox 249 1946 284 1976; x_wconf 71' lang='grc' dir='ltr'>δε</span> <span class='ocrx_word' id='word_1_362' title='bbox 309 1944 540 1976; x_wconf 88' lang='lat' dir='ltr'>Camerariorum</span> <span class='ocrx_word' id='word_1_363' title='bbox 563 1944 676 1975; x_wconf 89' lang='lat' dir='ltr'>suorum</span> <span class='ocrx_word' id='word_1_364' title='bbox 697 1943 805 1974; x_wconf 89' lang='lat' dir='ltr'>ibidem</span> <span class='ocrx_word' id='word_1_365' title='bbox 830 1954 883 1982; x_wconf 88' lang='lat' dir='ltr'>pro</span> <span class='ocrx_word' id='word_1_366' title='bbox 899 1953 1028 1981; x_wconf 86' lang='lat' dir='ltr'>tempore</span> <span class='ocrx_word' id='word_1_367' title='bbox 1048 1942 1244 1982; x_wconf 85' lang='lat' dir='ltr'>existentium,</span> <span class='ocrx_word' id='word_1_368' title='bbox 1261 1944 1296 1974; x_wconf 92' lang='lat' dir='ltr'>ad</span> 
     </span>
     <span class='ocr_line' id='line_1_53' title="bbox 248 1982 1297 2022; baseline -0.001 -8"><span class='ocrx_word' id='word_1_369' title='bbox 248 1992 370 2022; x_wconf 86' lang='lat' dir='ltr'>quatuor</span> <span class='ocrx_word' id='word_1_370' title='bbox 387 1983 465 2014; x_wconf 90' lang='lat' dir='ltr'>Anni</span> <span class='ocrx_word' id='word_1_371' title='bbox 479 1983 651 2021; x_wconf 84' lang='lat' dir='ltr'>Terminos,</span> <span class='ocrx_word' id='word_1_372' title='bbox 670 1982 820 2020; x_wconf 83' lang='lat' dir='ltr'>videlicet,</span> <span class='ocrx_word' id='word_1_373' title='bbox 843 1982 877 2013; x_wconf 91' lang='lat' dir='ltr'>ad</span> <span class='ocrx_word' id='word_1_374' title='bbox 902 1982 980 2013; x_wconf 88' lang='lat' dir='ltr'>Festa</span> <span class='ocrx_word' id='word_1_375' title='bbox 1003 1984 1182 2012; x_wconf 84' lang='lat' dir='ltr'>Nativitatis</span> <span class='ocrx_word' id='word_1_376' title='bbox 1202 1984 1297 2013; x_wconf 63' lang='lat' dir='ltr'>Sancti</span> 
     </span>
     <span class='ocr_line' id='line_1_54' title="bbox 247 2020 1298 2060; baseline 0 -10"><span class='ocrx_word' id='word_1_377' title='bbox 247 2021 409 2060; x_wconf 83' lang='lat' dir='ltr'>Johannis,</span> <span class='ocrx_word' id='word_1_378' title='bbox 431 2023 524 2051; x_wconf 63' lang='lat' dir='ltr'>Sancti</span> <span class='ocrx_word' id='word_1_379' title='bbox 543 2020 689 2051; x_wconf 80' lang='lat' dir='ltr'>Michaelis</span> <span class='ocrx_word' id='word_1_380' title='bbox 708 2020 896 2058; x_wconf 82' lang='lat' dir='ltr'>Archangeli,</span> <span class='ocrx_word' id='word_1_381' title='bbox 919 2020 1035 2051; x_wconf 87' lang='lat' dir='ltr'>Natalis</span> <span class='ocrx_word' id='word_1_382' title='bbox 1056 2022 1216 2052; x_wconf 85' lang='lat' dir='ltr'>Domini&amp;</span> <span class='ocrx_word' id='word_1_383' title='bbox 1231 2024 1298 2051; x_wconf 83' lang='lat' dir='ltr'>An·</span> 
     </span>
     <span class='ocr_line' id='line_1_55' title="bbox 248 2058 1298 2097; baseline 0 -7"><span class='ocrx_word' id='word_1_384' title='bbox 248 2063 428 2090; x_wconf 81' lang='lat' dir='ltr'>nunciationis</span> <span class='ocrx_word' id='word_1_385' title='bbox 440 2060 527 2090; x_wconf 83' lang='lat' dir='ltr'>beatae</span> <span class='ocrx_word' id='word_1_386' title='bbox 543 2063 646 2089; x_wconf 87' lang='lat' dir='ltr'>Mariae</span> <span class='ocrx_word' id='word_1_387' title='bbox 659 2061 784 2096; x_wconf 83' lang='lat' dir='ltr'>Virginis</span> <span class='ocrx_word' id='word_1_388' title='bbox 802 2060 945 2090; x_wconf 87' lang='lat' dir='ltr'>annuatim</span> <span class='ocrx_word' id='word_1_389' title='bbox 954 2069 1002 2097; x_wconf 88' lang='lat' dir='ltr'>per</span> <span class='ocrx_word' id='word_1_390' title='bbox 1017 2058 1135 2097; x_wconf 82' lang='lat' dir='ltr'>ae-quales</span> <span class='ocrx_word' id='word_1_391' title='bbox 1149 2058 1298 2091; x_wconf 87' lang='lat' dir='ltr'>Portiones</span> 
     </span>
     <span class='ocr_line' id='line_1_56' title="bbox 248 2097 1296 2137; baseline -0.002 -8"><span class='ocrx_word' id='word_1_392' title='bbox 248 2099 414 2130; x_wconf 85' lang='lat' dir='ltr'>solvendam</span> <span class='ocrx_word' id='word_1_393' title='bbox 424 2121 434 2137; x_wconf 86' lang='lat'>,</span> <span class='ocrx_word' id='word_1_394' title='bbox 445 2106 530 2137; x_wconf 87' lang='lat' dir='ltr'>prout</span> <span class='ocrx_word' id='word_1_395' title='bbox 547 2099 575 2128; x_wconf 90' lang='lat' dir='ltr'>in</span> <span class='ocrx_word' id='word_1_396' title='bbox 589 2097 691 2129; x_wconf 89' lang='lat' dir='ltr'>eisdem</span> <span class='ocrx_word' id='word_1_397' title='bbox 708 2098 809 2128; x_wconf 86' lang='lat' dir='ltr'>Literis</span> <span class='ocrx_word' id='word_1_398' title='bbox 820 2098 985 2129; x_wconf 73' lang='lat' dir='ltr'>Parentibus</span> <span class='ocrx_word' id='word_1_399' title='bbox 998 2098 1107 2136; x_wconf 74' lang='lat' dir='ltr'>plenius</span> <span class='ocrx_word' id='word_1_400' title='bbox 1119 2099 1296 2136; x_wconf 86' lang='lat' dir='ltr'>continetur;</span> 
     </span>
     <span class='ocr_line' id='line_1_57' title="bbox 247 2136 1298 2177; baseline 0.001 -10"><span class='ocrx_word' id='word_1_401' title='bbox 247 2138 311 2176; x_wconf 79' lang='lat' dir='ltr'>Qii</span> <span class='ocrx_word' id='word_1_402' title='bbox 327 2137 442 2175; x_wconf 88' lang='lat' dir='ltr'>quidem</span> <span class='ocrx_word' id='word_1_403' title='bbox 463 2138 595 2167; x_wconf 82' lang='lat' dir='ltr'>Andreas</span> <span class='ocrx_word' id='word_1_404' title='bbox 609 2139 723 2167; x_wconf 80' lang='lat' dir='ltr'>Zinzan</span> <span class='ocrx_word' id='word_1_405' title='bbox 736 2136 801 2167; x_wconf 73' lang='lat' dir='ltr'>alias</span> <span class='ocrx_word' id='word_1_406' title='bbox 814 2136 980 2167; x_wconf 80' lang='lat' dir='ltr'>Alexander</span> <span class='ocrx_word' id='word_1_407' title='bbox 994 2137 1088 2167; x_wconf 85' lang='lat' dir='ltr'>adhuc</span> <span class='ocrx_word' id='word_1_408' title='bbox 1111 2136 1251 2177; x_wconf 86' lang='lat' dir='ltr'>Superstes</span> <span class='ocrx_word' id='word_1_409' title='bbox 1264 2137 1298 2168; x_wconf 68' lang='grc' dir='ltr'>ὃς</span> 
     </span>
     <span class='ocr_line' id='line_1_58' title="bbox 244 2175 1142 2214; baseline -0.001 -8"><span class='ocrx_word' id='word_1_410' title='bbox 244 2176 276 2206; x_wconf 85' lang='grc'>111</span> <span class='ocrx_word' id='word_1_411' title='bbox 293 2176 373 2214; x_wconf 87' lang='lat' dir='ltr'>plena</span> <span class='ocrx_word' id='word_1_412' title='bbox 389 2176 454 2206; x_wconf 91' lang='lat' dir='ltr'>Vita</span> <span class='ocrx_word' id='word_1_413' title='bbox 466 2175 576 2214; x_wconf 82' lang='lat' dir='ltr'>existit,</span> <span class='ocrx_word' id='word_1_414' title='bbox 594 2184 624 2206; x_wconf 89' lang='lat' dir='ltr'>ut</span> <span class='ocrx_word' id='word_1_415' title='bbox 638 2184 744 2206; x_wconf 88' lang='lat' dir='ltr'>certam</span> <span class='ocrx_word' id='word_1_416' title='bbox 758 2175 823 2206; x_wconf 88' lang='lat' dir='ltr'>inde</span> <span class='ocrx_word' id='word_1_417' title='bbox 834 2175 970 2206; x_wconf 86' lang='lat' dir='ltr'>habemus</span> <span class='ocrx_word' id='word_1_418' title='bbox 983 2175 1142 2206; x_wconf 83' lang='lat' dir='ltr'>Notitiam.</span> 
     </span>
    </p>

    <p class='ocr_par' dir='ltr' id='par_1_18' title="bbox 247 2212 1306 2559">
     <span class='ocr_line' id='line_1_59' title="bbox 286 2212 1299 2252; baseline -0.001 -7"><span class='ocrx_word' id='word_1_419' title='bbox 286 2215 387 2246; x_wconf 86' lang='lat' dir='ltr'>Sciatis</span> <span class='ocrx_word' id='word_1_420' title='bbox 408 2214 486 2252; x_wconf 80' lang='lat' dir='ltr'>quod</span> <span class='ocrx_word' id='word_1_421' title='bbox 513 2213 598 2252; x_wconf 88' lang='lat' dir='ltr'>Nos,</span> <span class='ocrx_word' id='word_1_422' title='bbox 621 2214 651 2244; x_wconf 92' lang='lat' dir='ltr'>in</span> <span class='ocrx_word' id='word_1_423' title='bbox 668 2213 891 2245; x_wconf 71' lang='lat' dir='ltr'>consideratione</span> <span class='ocrx_word' id='word_1_424' title='bbox 915 2214 983 2244; x_wconf 90' lang='lat' dir='ltr'>boni</span> <span class='ocrx_word' id='word_1_425' title='bbox 1002 2214 1035 2245; x_wconf 88' lang='lat'>&amp;</span> <span class='ocrx_word' id='word_1_426' title='bbox 1053 2212 1141 2244; x_wconf 83' lang='lat' dir='ltr'>fidelis</span> <span class='ocrx_word' id='word_1_427' title='bbox 1168 2213 1299 2252; x_wconf 69' lang='lat' dir='ltr'>Servkii,</span> 
     </span>
     <span class='ocr_line' id='line_1_60' title="bbox 248 2251 1302 2290; baseline -0.001 -8"><span class='ocrx_word' id='word_1_428' title='bbox 248 2260 300 2290; x_wconf 85' lang='lat' dir='ltr'>per</span> <span class='ocrx_word' id='word_1_429' title='bbox 317 2252 454 2283; x_wconf 66' lang='lat' dir='ltr'>dilectum</span> <span class='ocrx_word' id='word_1_430' title='bbox 473 2252 650 2283; x_wconf 85' lang='lat' dir='ltr'>Servientem</span> <span class='ocrx_word' id='word_1_431' title='bbox 668 2251 796 2282; x_wconf 87' lang='lat' dir='ltr'>nostrum</span> <span class='ocrx_word' id='word_1_432' title='bbox 815 2252 960 2282; x_wconf 75' lang='lat' dir='ltr'>Ricardum</span> <span class='ocrx_word' id='word_1_433' title='bbox 968 2254 1086 2283; x_wconf 79' lang='lat' dir='ltr'>Zinzan</span> <span class='ocrx_word' id='word_1_434' title='bbox 1101 2252 1164 2283; x_wconf 75' lang='lat' dir='ltr'>alias</span> <span class='ocrx_word' id='word_1_435' title='bbox 1172 2252 1302 2282; x_wconf 83' lang='lat' dir='ltr'>Alexan-</span> 
     </span>
     <span class='ocr_line' id='line_1_61' title="bbox 247 2289 1304 2329; baseline 0.001 -9"><span class='ocrx_word' id='word_1_436' title='bbox 247 2292 297 2321; x_wconf 83' lang='lat' dir='ltr'>der</span> <span class='ocrx_word' id='word_1_437' title='bbox 312 2290 493 2321; x_wconf 87' lang='lat' dir='ltr'>Generosum</span> <span class='ocrx_word' id='word_1_438' title='bbox 510 2290 609 2320; x_wconf 91' lang='lat' dir='ltr'>Nobis</span> <span class='ocrx_word' id='word_1_439' title='bbox 626 2289 814 2328; x_wconf 75' lang='lat' dir='ltr'>imposterum</span> <span class='ocrx_word' id='word_1_440' title='bbox 825 2290 1166 2329; x_wconf 85' lang='lat' dir='ltr'>impendendiequitando</span> <span class='ocrx_word' id='word_1_441' title='bbox 1177 2290 1304 2328; x_wconf 87' lang='lat' dir='ltr'>Magnos</span> 
     </span>
     <span class='ocr_line' id='line_1_62' title="bbox 247 2328 1302 2368; baseline -0.001 -8"><span class='ocrx_word' id='word_1_442' title='bbox 247 2329 348 2367; x_wconf 87' lang='lat' dir='ltr'>Equos</span> <span class='ocrx_word' id='word_1_443' title='bbox 367 2328 496 2367; x_wconf 83' lang='lat' dir='ltr'>nostros,</span> <span class='ocrx_word' id='word_1_444' title='bbox 513 2338 548 2359; x_wconf 85' lang='lat' dir='ltr'>ex</span> <span class='ocrx_word' id='word_1_445' title='bbox 567 2328 668 2359; x_wconf 82' lang='lat' dir='ltr'>Gratia</span> <span class='ocrx_word' id='word_1_446' title='bbox 686 2328 780 2359; x_wconf 89' lang='lat' dir='ltr'>nostra</span> <span class='ocrx_word' id='word_1_447' title='bbox 798 2330 924 2368; x_wconf 84' lang='lat' dir='ltr'>speciali,</span> <span class='ocrx_word' id='word_1_448' title='bbox 942 2339 975 2360; x_wconf 85' lang='lat' dir='ltr'>ac</span> <span class='ocrx_word' id='word_1_449' title='bbox 993 2338 1028 2360; x_wconf 87' lang='lat' dir='ltr'>ex</span> <span class='ocrx_word' id='word_1_450' title='bbox 1046 2337 1123 2360; x_wconf 88' lang='lat' dir='ltr'>certa</span> <span class='ocrx_word' id='word_1_451' title='bbox 1138 2329 1302 2360; x_wconf 86' lang='lat' dir='ltr'>Scientia&amp;</span> 
     </span>
     <span class='ocr_line' id='line_1_63' title="bbox 249 2367 1303 2407; baseline 0.001 -9"><span class='ocrx_word' id='word_1_452' title='bbox 249 2378 333 2399; x_wconf 88' lang='lat' dir='ltr'>mero</span> <span class='ocrx_word' id='word_1_453' title='bbox 350 2367 438 2398; x_wconf 90' lang='lat' dir='ltr'>Motu</span> <span class='ocrx_word' id='word_1_454' title='bbox 453 2367 571 2406; x_wconf 82' lang='lat' dir='ltr'>nostris,</span> <span class='ocrx_word' id='word_1_455' title='bbox 588 2367 717 2397; x_wconf 85' lang='lat' dir='ltr'>dedimus</span> <span class='ocrx_word' id='word_1_456' title='bbox 732 2368 765 2398; x_wconf 89' lang='lat'>&amp;</span> <span class='ocrx_word' id='word_1_457' title='bbox 783 2367 988 2406; x_wconf 79' lang='lat' dir='ltr'>conceffimus,</span> <span class='ocrx_word' id='word_1_458' title='bbox 1005 2378 1038 2399; x_wconf 90' lang='lat' dir='ltr'>ac</span> <span class='ocrx_word' id='word_1_459' title='bbox 1062 2377 1111 2406; x_wconf 90' lang='lat' dir='ltr'>per</span> <span class='ocrx_word' id='word_1_460' title='bbox 1133 2367 1303 2407; x_wconf 77' lang='lat' dir='ltr'>Praesente8‚</span> 
     </span>
     <span class='ocr_line' id='line_1_64' title="bbox 249 2405 1304 2444; baseline 0 -8"><span class='ocrx_word' id='word_1_461' title='bbox 249 2415 305 2444; x_wconf 80' lang='lat' dir='ltr'>pro</span> <span class='ocrx_word' id='word_1_462' title='bbox 319 2405 417 2436; x_wconf 87' lang='lat' dir='ltr'>Nobis</span> <span class='ocrx_word' id='word_1_463' title='bbox 430 2405 597 2436; x_wconf 82' lang='lat' dir='ltr'>Haeredibus</span> <span class='ocrx_word' id='word_1_464' title='bbox 609 2406 642 2436; x_wconf 91' lang='lat'>&amp;</span> <span class='ocrx_word' id='word_1_465' title='bbox 656 2405 864 2436; x_wconf 80' lang='lat' dir='ltr'>Succefforibus</span> <span class='ocrx_word' id='word_1_466' title='bbox 877 2405 995 2443; x_wconf 87' lang='lat' dir='ltr'>nostris,</span> <span class='ocrx_word' id='word_1_467' title='bbox 1021 2406 1119 2437; x_wconf 90' lang='lat' dir='ltr'>damus</span> <span class='ocrx_word' id='word_1_468' title='bbox 1138 2407 1172 2438; x_wconf 92' lang='lat'>&amp;</span> <span class='ocrx_word' id='word_1_469' title='bbox 1197 2416 1304 2437; x_wconf 91' lang='lat' dir='ltr'>conce-</span> 
     </span>
     <span class='ocr_line' id='line_1_65' title="bbox 252 2444 1306 2482; baseline -0.001 -7"><span class='ocrx_word' id='word_1_470' title='bbox 252 2444 347 2476; x_wconf 89' lang='lat' dir='ltr'>dimus</span> <span class='ocrx_word' id='word_1_471' title='bbox 361 2444 456 2475; x_wconf 87' lang='lat' dir='ltr'>eidem</span> <span class='ocrx_word' id='word_1_472' title='bbox 471 2445 585 2474; x_wconf 87' lang='lat' dir='ltr'>Ricardo</span> <span class='ocrx_word' id='word_1_473' title='bbox 601 2444 743 2482; x_wconf 87' lang='lat' dir='ltr'>quandam</span> <span class='ocrx_word' id='word_1_474' title='bbox 760 2444 941 2475; x_wconf 90' lang='lat' dir='ltr'>Annuitatem</span> <span class='ocrx_word' id='word_1_475' title='bbox 954 2444 1009 2474; x_wconf 86' lang='lat' dir='ltr'>five</span> <span class='ocrx_word' id='word_1_476' title='bbox 1026 2445 1175 2476; x_wconf 90' lang='lat' dir='ltr'>annualem</span> <span class='ocrx_word' id='word_1_477' title='bbox 1195 2444 1306 2476; x_wconf 84' lang='lat' dir='ltr'>Reddi-</span> 
     </span>
     <span class='ocr_line' id='line_1_66' title="bbox 253 2481 1302 2523; baseline -0.001 -9"><span class='ocrx_word' id='word_1_478' title='bbox 253 2492 319 2514; x_wconf 85' lang='lat' dir='ltr'>tum</span> <span class='ocrx_word' id='word_1_479' title='bbox 332 2486 482 2521; x_wconf 80' lang='lat' dir='ltr'>Sexaginta</span> <span class='ocrx_word' id='word_1_480' title='bbox 495 2482 548 2523; x_wconf 75' lang='lat' dir='ltr'>fix</span> <span class='ocrx_word' id='word_1_481' title='bbox 563 2483 713 2513; x_wconf 80' lang='lat' dir='ltr'>Librarum</span> <span class='ocrx_word' id='word_1_482' title='bbox 727 2481 864 2521; x_wconf 76' lang='lat' dir='ltr'>tresdecim</span> <span class='ocrx_word' id='word_1_483' title='bbox 878 2482 1027 2513; x_wconf 77' lang='lat' dir='ltr'>solidorum</span> <span class='ocrx_word' id='word_1_484' title='bbox 1050 2482 1089 2519; x_wconf 67' lang='grc' dir='ltr'>ό·</span> <span class='ocrx_word' id='word_1_485' title='bbox 1106 2489 1225 2523; x_wconf 81' lang='lat' dir='ltr'>quatuor</span> <span class='ocrx_word' id='word_1_486' title='bbox 1244 2486 1302 2513; x_wconf 82' lang='lat' dir='ltr'>De-</span> 
     </span>
     <span class='ocr_line' id='line_1_67' title="bbox 253 2521 636 2559; baseline -0.003 -7"><span class='ocrx_word' id='word_1_487' title='bbox 253 2525 393 2553; x_wconf 73' lang='lat' dir='ltr'>uariorum</span> <span class='ocrx_word' id='word_1_488' title='bbox 413 2521 636 2559; x_wconf 86' lang='lat' dir='ltr'>Sterlingorum:</span> 
     </span>
    </p>

    <p class='ocr_par' dir='ltr' id='par_1_19' title="bbox 249 2559 1312 3124">
     <span class='ocr_line' id='line_1_68' title="bbox 292 2559 1307 2598; baseline -0.001 -7"><span class='ocrx_word' id='word_1_489' title='bbox 292 2559 466 2591; x_wconf 87' lang='lat' dir='ltr'>Habendam</span> <span class='ocrx_word' id='word_1_490' title='bbox 483 2559 658 2590; x_wconf 75' lang='lat' dir='ltr'>‹raudendam</span> <span class='ocrx_word' id='word_1_491' title='bbox 676 2559 710 2590; x_wconf 89' lang='lat'>&amp;</span> <span class='ocrx_word' id='word_1_492' title='bbox 727 2559 936 2598; x_wconf 85' lang='lat' dir='ltr'>percipiendam</span> <span class='ocrx_word' id='word_1_493' title='bbox 953 2559 1060 2591; x_wconf 63' lang='lat' dir='ltr'>dietam</span> <span class='ocrx_word' id='word_1_494' title='bbox 1077 2559 1260 2591; x_wconf 87' lang='lat' dir='ltr'>Annuitatem</span> <span class='ocrx_word' id='word_1_495' title='bbox 1275 2559 1307 2590; x_wconf 89' lang='lat' dir='ltr'>fi-</span> 
     </span>
     <span class='ocr_line' id='line_1_69' title="bbox 255 2585 1308 2638; baseline 0 -9"><span class='ocrx_word' id='word_1_496' title='bbox 255 2608 293 2629; x_wconf 88' lang='lat' dir='ltr'>ve</span> <span class='ocrx_word' id='word_1_497' title='bbox 307 2599 458 2629; x_wconf 87' lang='lat' dir='ltr'>annualem</span> <span class='ocrx_word' id='word_1_498' title='bbox 476 2585 633 2629; x_wconf 56' lang='lat' dir='ltr'>fiedditum</span> <span class='ocrx_word' id='word_1_499' title='bbox 650 2600 797 2635; x_wconf 81' lang='lat' dir='ltr'>Sexaginta</span> <span class='ocrx_word' id='word_1_500' title='bbox 808 2599 862 2638; x_wconf 79' lang='lat' dir='ltr'>sex</span> <span class='ocrx_word' id='word_1_501' title='bbox 880 2598 1028 2629; x_wconf 89' lang='lat' dir='ltr'>Librarum</span> <span class='ocrx_word' id='word_1_502' title='bbox 1047 2598 1185 2638; x_wconf 84' lang='lat' dir='ltr'>tresdecim</span> <span class='ocrx_word' id='word_1_503' title='bbox 1203 2598 1308 2629; x_wconf 88' lang='lat' dir='ltr'>Solido-</span> 
     </span>
     <span class='ocr_line' id='line_1_70' title="bbox 256 2634 1307 2677; baseline 0.002 -11"><span class='ocrx_word' id='word_1_504' title='bbox 256 2648 316 2667; x_wconf 86' lang='lat' dir='ltr'>rum</span> <span class='ocrx_word' id='word_1_505' title='bbox 335 2634 373 2671; x_wconf 59' lang='lat'>&amp;⁶</span> <span class='ocrx_word' id='word_1_506' title='bbox 390 2644 508 2677; x_wconf 81' lang='lat' dir='ltr'>quatuor</span> <span class='ocrx_word' id='word_1_507' title='bbox 526 2640 709 2666; x_wconf 82' lang='lat' dir='ltr'>Denariorum</span> <span class='ocrx_word' id='word_1_508' title='bbox 721 2634 843 2676; x_wconf 84' lang='lat' dir='ltr'>praefato</span> <span class='ocrx_word' id='word_1_509' title='bbox 860 2639 1042 2668; x_wconf 83' lang='lat' dir='ltr'>Ric.Zinzan</span> <span class='ocrx_word' id='word_1_510' title='bbox 1061 2636 1307 2675; x_wconf 76' lang='lat' dir='ltr'>aliasAlexander,</span> 
     </span>
     <span class='ocr_line' id='line_1_71' title="bbox 254 2674 1306 2714; baseline 0.001 -9"><span class='ocrx_word' id='word_1_511' title='bbox 254 2677 271 2705; x_wconf 71' lang='lat' dir='ltr'>a</span> <span class='ocrx_word' id='word_1_512' title='bbox 289 2684 420 2712; x_wconf 88' lang='lat' dir='ltr'>tempore</span> <span class='ocrx_word' id='word_1_513' title='bbox 437 2674 543 2706; x_wconf 87' lang='lat' dir='ltr'>Mortis</span> <span class='ocrx_word' id='word_1_514' title='bbox 561 2675 670 2712; x_wconf 77' lang='lat' dir='ltr'>praefati</span> <span class='ocrx_word' id='word_1_515' title='bbox 689 2675 814 2705; x_wconf 81' lang='lat' dir='ltr'>Andreae</span> <span class='ocrx_word' id='word_1_516' title='bbox 831 2678 949 2706; x_wconf 83' lang='lat' dir='ltr'>Zinzan</span> <span class='ocrx_word' id='word_1_517' title='bbox 974 2676 1038 2706; x_wconf 73' lang='lat' dir='ltr'>alias</span> <span class='ocrx_word' id='word_1_518' title='bbox 1061 2675 1242 2714; x_wconf 84' lang='lat' dir='ltr'>Alexander,</span> <span class='ocrx_word' id='word_1_519' title='bbox 1260 2677 1306 2708; x_wconf 89' lang='lat' dir='ltr'>vel</span> 
     </span>
     <span class='ocr_line' id='line_1_72' title="bbox 251 2713 1307 2753; baseline 0.002 -10"><span class='ocrx_word' id='word_1_520' title='bbox 251 2722 321 2743; x_wconf 90' lang='lat' dir='ltr'>cum</span> <span class='ocrx_word' id='word_1_521' title='bbox 341 2715 466 2751; x_wconf 84' lang='lat' dir='ltr'>primum</span> <span class='ocrx_word' id='word_1_522' title='bbox 484 2714 517 2744; x_wconf 88' lang='lat'>&amp;</span> <span class='ocrx_word' id='word_1_523' title='bbox 533 2714 682 2752; x_wconf 87' lang='lat' dir='ltr'>quamcito</span> <span class='ocrx_word' id='word_1_524' title='bbox 701 2713 784 2744; x_wconf 66' lang='lat' dir='ltr'>dietae</span> <span class='ocrx_word' id='word_1_525' title='bbox 800 2715 905 2746; x_wconf 84' lang='lat' dir='ltr'>Literae</span> <span class='ocrx_word' id='word_1_526' title='bbox 922 2715 1051 2745; x_wconf 81' lang='lat' dir='ltr'>Patentes</span> <span class='ocrx_word' id='word_1_527' title='bbox 1068 2714 1250 2752; x_wconf 83' lang='lat' dir='ltr'>praerecitatae</span> <span class='ocrx_word' id='word_1_528' title='bbox 1257 2724 1307 2753; x_wconf 85' lang='lat' dir='ltr'>per</span> 
     </span>
     <span class='ocr_line' id='line_1_73' title="bbox 251 2750 1306 2792; baseline 0.001 -10"><span class='ocrx_word' id='word_1_529' title='bbox 251 2750 572 2782; x_wconf 89' lang='lat' dir='ltr'>Sursum-redditionem</span> <span class='ocrx_word' id='word_1_530' title='bbox 589 2751 809 2782; x_wconf 64' lang='lat' dir='ltr'>Forisfadturam</span> <span class='ocrx_word' id='word_1_531' title='bbox 827 2752 884 2784; x_wconf 87' lang='lat' dir='ltr'>five</span> <span class='ocrx_word' id='word_1_532' title='bbox 900 2753 956 2783; x_wconf 90' lang='lat' dir='ltr'>alio</span> <span class='ocrx_word' id='word_1_533' title='bbox 963 2762 1132 2792; x_wconf 90' lang='lat' dir='ltr'>quocunque</span> <span class='ocrx_word' id='word_1_534' title='bbox 1149 2752 1231 2792; x_wconf 82' lang='lat' dir='ltr'>legali</span> <span class='ocrx_word' id='word_1_535' title='bbox 1239 2762 1306 2783; x_wconf 88' lang='lat' dir='ltr'>mo-</span> 
     </span>
     <span class='ocr_line' id='line_1_74' title="bbox 255 2789 1311 2829; baseline 0.001 -10"><span class='ocrx_word' id='word_1_536' title='bbox 255 2789 297 2819; x_wconf 93' lang='lat' dir='ltr'>do</span> <span class='ocrx_word' id='word_1_537' title='bbox 315 2791 475 2820; x_wconf 85' lang='lat' dir='ltr'>vacaverint</span> <span class='ocrx_word' id='word_1_538' title='bbox 494 2791 539 2820; x_wconf 75' lang='lat' dir='ltr'>ieu</span> <span class='ocrx_word' id='word_1_539' title='bbox 557 2791 654 2820; x_wconf 90' lang='lat' dir='ltr'>vacari</span> <span class='ocrx_word' id='word_1_540' title='bbox 671 2791 858 2828; x_wconf 80' lang='lat' dir='ltr'>contigerint,</span> <span class='ocrx_word' id='word_1_541' title='bbox 877 2790 994 2822; x_wconf 90' lang='lat' dir='ltr'>durante</span> <span class='ocrx_word' id='word_1_542' title='bbox 1012 2790 1079 2821; x_wconf 65' lang='lat' dir='ltr'>Vita</span> <span class='ocrx_word' id='word_1_543' title='bbox 1094 2791 1210 2821; x_wconf 88' lang='lat' dir='ltr'>naturali</span> <span class='ocrx_word' id='word_1_544' title='bbox 1229 2791 1311 2829; x_wconf 82' lang='lat' dir='ltr'>ipfius</span> 
     </span>
     <span class='ocr_line' id='line_1_75' title="bbox 253 2827 1307 2867; baseline -0.001 -7"><span class='ocrx_word' id='word_1_545' title='bbox 253 2828 368 2860; x_wconf 83' lang='lat' dir='ltr'>Ricardi</span> <span class='ocrx_word' id='word_1_546' title='bbox 393 2829 508 2858; x_wconf 84' lang='lat' dir='ltr'>Zinzan</span> <span class='ocrx_word' id='word_1_547' title='bbox 532 2827 595 2858; x_wconf 62' lang='lat' dir='ltr'>alias</span> <span class='ocrx_word' id='word_1_548' title='bbox 620 2827 800 2865; x_wconf 80' lang='lat' dir='ltr'>Alexander,</span> <span class='ocrx_word' id='word_1_549' title='bbox 824 2829 859 2859; x_wconf 87' lang='lat' dir='ltr'>ad</span> <span class='ocrx_word' id='word_1_550' title='bbox 877 2829 1036 2867; x_wconf 88' lang='lat' dir='ltr'>Receptam</span> <span class='ocrx_word' id='word_1_551' title='bbox 1056 2829 1200 2860; x_wconf 88' lang='lat' dir='ltr'>Scaccarii</span> <span class='ocrx_word' id='word_1_552' title='bbox 1220 2829 1307 2859; x_wconf 87' lang='lat' dir='ltr'>nostri</span> 
     </span>
     <span class='ocr_line' id='line_1_76' title="bbox 253 2865 1312 2906; baseline 0.001 -9"><span class='ocrx_word' id='word_1_553' title='bbox 253 2865 383 2897; x_wconf 88' lang='lat' dir='ltr'>Westm.</span> <span class='ocrx_word' id='word_1_554' title='bbox 401 2865 561 2896; x_wconf 86' lang='lat' dir='ltr'>Haeredum</span> <span class='ocrx_word' id='word_1_555' title='bbox 578 2866 611 2896; x_wconf 71' lang='grc' dir='ltr'>ὃ(</span> <span class='ocrx_word' id='word_1_556' title='bbox 627 2865 827 2897; x_wconf 81' lang='lat' dir='ltr'>Succefforum</span> <span class='ocrx_word' id='word_1_557' title='bbox 845 2866 1022 2906; x_wconf 88' lang='lat' dir='ltr'>nostrorum,</span> <span class='ocrx_word' id='word_1_558' title='bbox 1042 2877 1092 2905; x_wconf 87' lang='lat' dir='ltr'>per</span> <span class='ocrx_word' id='word_1_559' title='bbox 1114 2867 1312 2898; x_wconf 90' lang='lat' dir='ltr'>ManusThe·</span> 
     </span>
     <span class='ocr_line' id='line_1_77' title="bbox 254 2903 1306 2937; baseline 0.002 -3"><span class='ocrx_word' id='word_1_560' title='bbox 254 2903 362 2935; x_wconf 89' lang='lat' dir='ltr'>saurarii</span> <span class='ocrx_word' id='word_1_561' title='bbox 380 2904 413 2935; x_wconf 71' lang='grc' dir='ltr'>ὅ(</span> <span class='ocrx_word' id='word_1_562' title='bbox 434 2905 666 2935; x_wconf 82' lang='lat' dir='ltr'>Camerariorum</span> <span class='ocrx_word' id='word_1_563' title='bbox 685 2904 853 2934; x_wconf 89' lang='lat' dir='ltr'>nostrorum</span> <span class='ocrx_word' id='word_1_564' title='bbox 870 2904 1030 2936; x_wconf 87' lang='lat' dir='ltr'>Haeredum</span> <span class='ocrx_word' id='word_1_565' title='bbox 1050 2907 1084 2937; x_wconf 92' lang='lat'>&amp;</span> <span class='ocrx_word' id='word_1_566' title='bbox 1103 2905 1306 2937; x_wconf 86' lang='lat' dir='ltr'>Successorum</span> 
     </span>
     <span class='ocr_line' id='line_1_78' title="bbox 249 2942 1308 2981; baseline 0.001 -9"><span class='ocrx_word' id='word_1_567' title='bbox 249 2942 419 2973; x_wconf 78' lang='lat' dir='ltr'>nostrorum</span> <span class='ocrx_word' id='word_1_568' title='bbox 437 2943 544 2973; x_wconf 85' lang='lat' dir='ltr'>ibidem</span> <span class='ocrx_word' id='word_1_569' title='bbox 563 2951 616 2980; x_wconf 89' lang='lat' dir='ltr'>pro</span> <span class='ocrx_word' id='word_1_570' title='bbox 633 2951 763 2978; x_wconf 85' lang='lat' dir='ltr'>tempore</span> <span class='ocrx_word' id='word_1_571' title='bbox 779 2943 957 2974; x_wconf 85' lang='lat' dir='ltr'>existentium</span> <span class='ocrx_word' id='word_1_572' title='bbox 976 2965 986 2981; x_wconf 90' lang='lat'>,</span> <span class='ocrx_word' id='word_1_573' title='bbox 1024 2944 1060 2973; x_wconf 92' lang='lat' dir='ltr'>ad</span> <span class='ocrx_word' id='word_1_574' title='bbox 1083 2952 1204 2981; x_wconf 86' lang='lat' dir='ltr'>quatuor</span> <span class='ocrx_word' id='word_1_575' title='bbox 1229 2944 1308 2974; x_wconf 88' lang='lat' dir='ltr'>Anni</span> 
     </span>
     <span class='ocr_line' id='line_1_79' title="bbox 255 2980 1308 3019; baseline 0.002 -10"><span class='ocrx_word' id='word_1_576' title='bbox 255 2980 411 3011; x_wconf 86' lang='lat' dir='ltr'>Terminos</span> <span class='ocrx_word' id='word_1_577' title='bbox 428 3003 438 3018; x_wconf 92' lang='lat'>,</span> <span class='ocrx_word' id='word_1_578' title='bbox 474 2980 607 3010; x_wconf 89' lang='lat' dir='ltr'>videlicet</span> <span class='ocrx_word' id='word_1_579' title='bbox 623 3002 633 3017; x_wconf 96' lang='lat'>,</span> <span class='ocrx_word' id='word_1_580' title='bbox 668 2982 702 3010; x_wconf 89' lang='lat' dir='ltr'>ad</span> <span class='ocrx_word' id='word_1_581' title='bbox 721 2980 802 3011; x_wconf 93' lang='lat' dir='ltr'>Festa</span> <span class='ocrx_word' id='word_1_582' title='bbox 818 2982 914 3011; x_wconf 67' lang='lat' dir='ltr'>sancti</span> <span class='ocrx_word' id='word_1_583' title='bbox 932 2981 1093 3019; x_wconf 76' lang='lat' dir='ltr'>Michaelis,</span> <span class='ocrx_word' id='word_1_584' title='bbox 1111 2980 1229 3011; x_wconf 81' lang='lat' dir='ltr'>Natalis</span> <span class='ocrx_word' id='word_1_585' title='bbox 1246 2984 1308 3011; x_wconf 89' lang='lat' dir='ltr'>Do-</span> 
     </span>
     <span class='ocr_line' id='line_1_80' title="bbox 256 3017 1307 3057; baseline 0 -9"><span class='ocrx_word' id='word_1_586' title='bbox 256 3022 323 3048; x_wconf 82' lang='lat' dir='ltr'>mini</span> <span class='ocrx_word' id='word_1_587' title='bbox 340 3041 350 3056; x_wconf 91' lang='lat'>,</span> <span class='ocrx_word' id='word_1_588' title='bbox 388 3021 620 3048; x_wconf 74' lang='lat' dir='ltr'>Annuntiationis</span> <span class='ocrx_word' id='word_1_589' title='bbox 649 3017 735 3048; x_wconf 84' lang='lat' dir='ltr'>beatae</span> <span class='ocrx_word' id='word_1_590' title='bbox 760 3022 864 3049; x_wconf 83' lang='lat' dir='ltr'>Mariae</span> <span class='ocrx_word' id='word_1_591' title='bbox 887 3023 1007 3057; x_wconf 81' lang='lat' dir='ltr'>Virginis</span> <span class='ocrx_word' id='word_1_592' title='bbox 1025 3042 1034 3057; x_wconf 90' lang='lat'>,</span> <span class='ocrx_word' id='word_1_593' title='bbox 1069 3020 1102 3050; x_wconf 90' lang='lat'>&amp;</span> <span class='ocrx_word' id='word_1_594' title='bbox 1130 3020 1307 3049; x_wconf 76' lang='lat' dir='ltr'>Nativitatis</span> 
     </span>
     <span class='ocr_line' id='line_1_81' title="bbox 255 3055 1304 3124; baseline 0.005 -39"><span class='ocrx_word' id='word_1_595' title='bbox 255 3058 351 3124; x_wconf 56' lang='lat' dir='ltr'>{aneti</span> <span class='ocrx_word' id='word_1_596' title='bbox 368 3057 511 3096; x_wconf 80' lang='lat' dir='ltr'>Johannis</span> <span class='ocrx_word' id='word_1_597' title='bbox 529 3055 660 3095; x_wconf 69' lang='lat' dir='ltr'>Baptista</span> <span class='ocrx_word' id='word_1_598' title='bbox 677 3058 819 3088; x_wconf 81' lang='lat' dir='ltr'>annuatim</span> <span class='ocrx_word' id='word_1_599' title='bbox 835 3067 882 3096; x_wconf 86' lang='lat' dir='ltr'>per</span> <span class='ocrx_word' id='word_1_600' title='bbox 900 3059 1019 3096; x_wconf 83' lang='lat' dir='ltr'>aequales</span> <span class='ocrx_word' id='word_1_601' title='bbox 1027 3057 1176 3089; x_wconf 85' lang='lat' dir='ltr'>Portiones</span> <span class='ocrx_word' id='word_1_602' title='bbox 1191 3057 1304 3089; x_wconf 88' lang='lat' dir='ltr'>solven-</span> 
     </span>
    </p>

    <p class='ocr_par' dir='ltr' id='par_1_20' title="bbox 278 3104 340 3125">
     <span class='ocr_line' id='line_1_82' title="bbox 278 3104 340 3125; baseline -0.016 0"><span class='ocrx_word' id='word_1_603' title='bbox 278 3104 340 3125; x_wconf 82' lang='lat' dir='ltr'>am:</span> 
     </span>
    </p>
   </div>
   <div class='ocr_carea' id='block_1_14' title="bbox 283 3217 1285 3301">
    <p class='ocr_par' dir='ltr' id='par_1_21' title="bbox 283 3217 1285 3301">
     <span class='ocr_line' id='line_1_83' title="bbox 283 3217 1285 3298; baseline 0 -46"><span class='ocrx_word' id='word_1_604' title='bbox 283 3220 321 3251; x_wconf 91' lang='lat' dir='ltr'><em>A</em></span> <span class='ocrx_word' id='word_1_605' title='bbox 342 3218 561 3252; x_wconf 84' lang='lat' dir='ltr'>Proclamation</span> <span class='ocrx_word' id='word_1_606' title='bbox 584 3221 765 3298; x_wconf 65' lang='lat' dir='ltr'>concerningd</span> <span class='ocrx_word' id='word_1_607' title='bbox 779 3217 920 3265; x_wconf 84' lang='lat' dir='ltr'>Building</span> <span class='ocrx_word' id='word_1_608' title='bbox 940 3222 970 3251; x_wconf 89' lang='lat' dir='ltr'>in</span> <span class='ocrx_word' id='word_1_609' title='bbox 1002 3217 1067 3251; x_wconf 85' lang='lat' dir='ltr'>and</span> <span class='ocrx_word' id='word_1_610' title='bbox 1088 3217 1182 3252; x_wconf 84' lang='lat' dir='ltr'>about</span> <span class='ocrx_word' id='word_1_611' title='bbox 1207 3220 1285 3252; x_wconf 83' lang='lat' dir='ltr'>Lou-</span> 
     </span>
     <span class='ocr_line' id='line_1_84' title="bbox 764 3279 809 3301; baseline 0 -3"><span class='ocrx_word' id='word_1_612' title='bbox 764 3279 809 3301; x_wconf 80' lang='lat' dir='ltr'>on.</span> 
     </span>
    </p>
   </div>
   <div class='ocr_carea' id='block_1_15' title="bbox 257 3350 1312 3656">
    <p class='ocr_par' dir='ltr' id='par_1_22' title="bbox 257 3350 1312 3656">
     <span class='ocr_line' id='line_1_85' title="bbox 258 3350 1307 3409; baseline 0.003 -27"><span class='ocrx_word' id='word_1_613' title='bbox 258 3350 443 3409; x_wconf 41' lang='lat' dir='ltr'>QVI-{ereas</span> <span class='ocrx_word' id='word_1_614' title='bbox 466 3350 543 3382; x_wconf 87' lang='lat' dir='ltr'>Wee</span> <span class='ocrx_word' id='word_1_615' title='bbox 552 3375 561 3389; x_wconf 89' lang='lat'>,</span> <span class='ocrx_word' id='word_1_616' title='bbox 585 3350 624 3390; x_wconf 90' lang='lat' dir='ltr'>by</span> <span class='ocrx_word' id='word_1_617' title='bbox 647 3350 737 3382; x_wconf 83' lang='lat' dir='ltr'>divers</span> <span class='ocrx_word' id='word_1_618' title='bbox 757 3360 810 3394; x_wconf 75' lang='lat' dir='ltr'>our</span> <span class='ocrx_word' id='word_1_619' title='bbox 832 3350 935 3391; x_wconf 88' lang='lat' dir='ltr'>Royall</span> <span class='ocrx_word' id='word_1_620' title='bbox 959 3351 1186 3388; x_wconf 77' lang='lat' dir='ltr'>Proclamations</span> <span class='ocrx_word' id='word_1_621' title='bbox 1207 3362 1254 3395; x_wconf 90' lang='lat' dir='ltr'>yet</span> <span class='ocrx_word' id='word_1_622' title='bbox 1278 3355 1307 3385; x_wconf 89' lang='lat' dir='ltr'>in</span> 
     </span>
     <span class='ocr_line' id='line_1_86' title="bbox 314 3388 1309 3436; baseline 0.004 -16"><span class='ocrx_word' id='word_1_623' title='bbox 314 3431 320 3435; x_wconf 40' lang='grc' dir='ltr'>Ι</span> <span class='ocrx_word' id='word_1_624' title='bbox 351 3390 459 3427; x_wconf 84' lang='lat' dir='ltr'>Force,</span> <span class='ocrx_word' id='word_1_625' title='bbox 477 3389 548 3420; x_wconf 90' lang='lat' dir='ltr'>have</span> <span class='ocrx_word' id='word_1_626' title='bbox 563 3389 722 3419; x_wconf 83' lang='lat' dir='ltr'>heretofore</span> <span class='ocrx_word' id='word_1_627' title='bbox 736 3388 882 3426; x_wconf 79' lang='lat' dir='ltr'>publilhed</span> <span class='ocrx_word' id='word_1_628' title='bbox 896 3399 947 3420; x_wconf 91' lang='lat' dir='ltr'>our</span> <span class='ocrx_word' id='word_1_629' title='bbox 965 3389 1091 3421; x_wconf 86' lang='lat' dir='ltr'>Pleasure</span> <span class='ocrx_word' id='word_1_630' title='bbox 1106 3393 1241 3436; x_wconf 78' lang='lat' dir='ltr'>gouuded</span> <span class='ocrx_word' id='word_1_631' title='bbox 1257 3404 1309 3433; x_wconf 88' lang='lat' dir='ltr'>up-</span> 
     </span>
     <span class='ocr_line' id='line_1_87' title="bbox 257 3426 1310 3509; baseline -0.001 -8"><span class='ocrx_word' id='word_1_632' title='bbox 257 3426 1310 3509; x_wconf 44' lang='lat' dir='ltr'>&amp;21³1ss²r‘sslaeryeff1ffiffg‘ass‘li1fflssags0555n‘Q‘Zsssgssfidssl‘sssffliffae?</span> 
     </span>
     <span class='ocr_line' id='line_1_88' title="bbox 257 3504 1308 3550; baseline 0 -11"><span class='ocrx_word' id='word_1_633' title='bbox 257 3519 287 3539; x_wconf 85' lang='lat' dir='ltr'>re</span> <span class='ocrx_word' id='word_1_634' title='bbox 301 3505 466 3550; x_wconf 34' lang='lat' dir='ltr'>the-Cittye</span> <span class='ocrx_word' id='word_1_635' title='bbox 480 3505 516 3535; x_wconf 89' lang='lat' dir='ltr'>of</span> <span class='ocrx_word' id='word_1_636' title='bbox 527 3504 651 3534; x_wconf 84' lang='lat' dir='ltr'>London</span> <span class='ocrx_word' id='word_1_637' title='bbox 661 3514 706 3543; x_wconf 84' lang='lat' dir='ltr'>,as</span> <span class='ocrx_word' id='word_1_638' title='bbox 720 3504 763 3534; x_wconf 86' lang='lat' dir='ltr'>for</span> <span class='ocrx_word' id='word_1_639' title='bbox 772 3505 939 3543; x_wconf 78' lang='lat' dir='ltr'>prescribing</span> <span class='ocrx_word' id='word_1_640' title='bbox 955 3506 1002 3549; x_wconf 78' lang='lat' dir='ltr'>the</span> <span class='ocrx_word' id='word_1_641' title='bbox 1016 3505 1160 3550; x_wconf 32' lang='lat' dir='ltr'>M‘aterials</span> <span class='ocrx_word' id='word_1_642' title='bbox 1167 3508 1221 3539; x_wconf 80' lang='lat' dir='ltr'>and</span> <span class='ocrx_word' id='word_1_643' title='bbox 1229 3518 1308 3539; x_wconf 88' lang='lat' dir='ltr'>man-</span> 
     </span>
     <span class='ocr_line' id='line_1_89' title="bbox 257 3542 1309 3583; baseline -0.001 -5"><span class='ocrx_word' id='word_1_644' title='bbox 257 3557 307 3578; x_wconf 85' lang='lat' dir='ltr'>ner</span> <span class='ocrx_word' id='word_1_645' title='bbox 322 3548 352 3576; x_wconf 84' lang='grc'>01</span> <span class='ocrx_word' id='word_1_646' title='bbox 371 3543 500 3583; x_wconf 81' lang='lat' dir='ltr'>Building</span> <span class='ocrx_word' id='word_1_647' title='bbox 515 3543 608 3580; x_wconf 80' lang='lat' dir='ltr'>there,</span> <span class='ocrx_word' id='word_1_648' title='bbox 622 3542 679 3573; x_wconf 84' lang='lat' dir='ltr'>and</span> <span class='ocrx_word' id='word_1_649' title='bbox 691 3542 809 3582; x_wconf 89' lang='lat' dir='ltr'>sundrye</span> <span class='ocrx_word' id='word_1_650' title='bbox 825 3543 908 3573; x_wconf 76' lang='lat' dir='ltr'>other</span> <span class='ocrx_word' id='word_1_651' title='bbox 923 3543 1033 3582; x_wconf 83' lang='lat' dir='ltr'>thinges</span> <span class='ocrx_word' id='word_1_652' title='bbox 1048 3555 1079 3575; x_wconf 83' lang='grc' dir='ltr'>ιη</span> <span class='ocrx_word' id='word_1_653' title='bbox 1093 3545 1142 3576; x_wconf 91' lang='lat' dir='ltr'>the</span> <span class='ocrx_word' id='word_1_654' title='bbox 1155 3543 1229 3578; x_wconf 72' lang='lat' dir='ltr'>salne</span> <span class='ocrx_word' id='word_1_655' title='bbox 1237 3547 1309 3577; x_wconf 92' lang='lat' dir='ltr'>Pro-</span> 
     </span>
     <span class='ocr_line' id='line_1_90' title="bbox 258 3583 616 3616; baseline -0.014 0"><span class='ocrx_word' id='word_1_656' title='bbox 258 3585 427 3616; x_wconf 80' lang='lat' dir='ltr'>clamations</span> <span class='ocrx_word' id='word_1_657' title='bbox 443 3583 616 3612; x_wconf 87' lang='lat' dir='ltr'>mentioned.</span> 
     </span>
     <span class='ocr_line' id='line_1_91' title="bbox 297 3617 1312 3656; baseline -0.001 -3"><span class='ocrx_word' id='word_1_658' title='bbox 297 3622 367 3653; x_wconf 87' lang='lat' dir='ltr'>And</span> <span class='ocrx_word' id='word_1_659' title='bbox 380 3630 412 3652; x_wconf 90' lang='lat' dir='ltr'>to</span> <span class='ocrx_word' id='word_1_660' title='bbox 424 3621 473 3652; x_wconf 89' lang='lat' dir='ltr'>the</span> <span class='ocrx_word' id='word_1_661' title='bbox 487 3620 560 3650; x_wconf 78' lang='lat' dir='ltr'>same</span> <span class='ocrx_word' id='word_1_662' title='bbox 573 3619 627 3649; x_wconf 86' lang='lat' dir='ltr'>end</span> <span class='ocrx_word' id='word_1_663' title='bbox 642 3618 696 3648; x_wconf 89' lang='lat' dir='ltr'>and</span> <span class='ocrx_word' id='word_1_664' title='bbox 711 3617 826 3656; x_wconf 83' lang='lat' dir='ltr'>purpose</span> <span class='ocrx_word' id='word_1_665' title='bbox 843 3617 915 3649; x_wconf 88' lang='lat' dir='ltr'>have</span> <span class='ocrx_word' id='word_1_666' title='bbox 932 3619 1062 3651; x_wconf 83' lang='lat' dir='ltr'>awarded</span> <span class='ocrx_word' id='word_1_667' title='bbox 1084 3620 1195 3652; x_wconf 82' lang='lat' dir='ltr'>severall</span> <span class='ocrx_word' id='word_1_668' title='bbox 1217 3621 1312 3652; x_wconf 90' lang='lat' dir='ltr'>Com-</span> 
     </span>
    </p>
   </div>
   <div class='ocr_carea' id='block_1_16' title="bbox 1385 159 2416 229">
    <p class='ocr_par' dir='ltr' id='par_1_23' title="bbox 1385 159 2416 229">
     <span class='ocr_line' id='line_1_92' title="bbox 1385 159 2416 229; baseline 0.008 -26"><span class='ocrx_word' id='word_1_669' title='bbox 1385 159 1850 209; x_wconf 81' lang='lat' dir='ltr'>PUBLICA.</span> <span class='ocrx_word' id='word_1_670' title='bbox 2337 182 2416 229; x_wconf 72' lang='lat'>143</span> 
     </span>
    </p>
   </div>
   <div class='ocr_carea' id='block_1_17' title="bbox 1347 355 2410 844">
    <p class='ocr_par' dir='ltr' id='par_1_24' title="bbox 1347 355 2410 844">
     <span class='ocr_line' id='line_1_93' title="bbox 1350 355 2410 409; baseline 0.016 -24"><span class='ocrx_word' id='word_1_671' title='bbox 1350 355 1527 405; x_wconf 73' lang='lat' dir='ltr'>sollicitemnt</span> <span class='ocrx_word' id='word_1_672' title='bbox 1536 370 1604 399; x_wconf 88' lang='lat' dir='ltr'>pour</span> <span class='ocrx_word' id='word_1_673' title='bbox 1621 365 1724 393; x_wconf 82' lang='lat' dir='ltr'>obtenir</span> <span class='ocrx_word' id='word_1_674' title='bbox 1739 366 1860 404; x_wconf 77' lang='lat' dir='ltr'>quelques</span> <span class='ocrx_word' id='word_1_675' title='bbox 1867 367 2024 405; x_wconf 78' lang='lat' dir='ltr'>semblables</span> <span class='ocrx_word' id='word_1_676' title='bbox 2046 371 2129 400; x_wconf 85' lang='lat' dir='ltr'>Baux</span> <span class='ocrx_word' id='word_1_677' title='bbox 2154 371 2171 401; x_wconf 64' lang='lat' dir='ltr'>a</span> <span class='ocrx_word' id='word_1_678' title='bbox 2178 369 2284 409; x_wconf 67' lang='lat' dir='ltr'>ferme,</span> <span class='ocrx_word' id='word_1_679' title='bbox 2296 370 2321 400; x_wconf 85' lang='lat' dir='ltr'>le</span> <span class='ocrx_word' id='word_1_680' title='bbox 2331 373 2410 401; x_wconf 84' lang='lat' dir='ltr'>Lord</span> 
     </span>
     <span class='ocr_line' id='line_1_94' title="bbox 1357 396 2406 447; baseline 0.014 -24"><span class='ocrx_word' id='word_1_681' title='bbox 1357 396 1490 433; x_wconf 65' lang='lat' dir='ltr'>Tre‘sorter</span> <span class='ocrx_word' id='word_1_682' title='bbox 1505 399 1543 434; x_wconf 68' lang='lat' dir='ltr'>&amp;e</span> <span class='ocrx_word' id='word_1_683' title='bbox 1558 400 1582 428; x_wconf 94' lang='lat' dir='ltr'>le</span> <span class='ocrx_word' id='word_1_684' title='bbox 1596 401 1751 432; x_wconf 83' lang='lat' dir='ltr'>Chancelier</span> <span class='ocrx_word' id='word_1_685' title='bbox 1766 404 1796 431; x_wconf 88' lang='lat' dir='ltr'>de</span> <span class='ocrx_word' id='word_1_686' title='bbox 1809 403 1972 445; x_wconf 81' lang='lat' dir='ltr'>l&#39;Echiquier</span> <span class='ocrx_word' id='word_1_687' title='bbox 1987 407 2019 435; x_wconf 85' lang='lat' dir='ltr'>de</span> <span class='ocrx_word' id='word_1_688' title='bbox 2034 417 2059 436; x_wconf 88' lang='lat' dir='ltr'>ce</span> <span class='ocrx_word' id='word_1_689' title='bbox 2079 411 2210 447; x_wconf 83' lang='lat' dir='ltr'>Royaume</span> <span class='ocrx_word' id='word_1_690' title='bbox 2229 409 2406 446; x_wconf 72' lang='lat' dir='ltr'>d’Angleter-</span> 
     </span>
     <span class='ocr_line' id='line_1_95' title="bbox 1356 436 2404 487; baseline 0.015 -25"><span class='ocrx_word' id='word_1_691' title='bbox 1356 442 1404 470; x_wconf 80' lang='lat' dir='ltr'>re,</span> <span class='ocrx_word' id='word_1_692' title='bbox 1419 446 1450 481; x_wconf 79' lang='lat' dir='ltr'>ou</span> <span class='ocrx_word' id='word_1_693' title='bbox 1464 436 1522 468; x_wconf 85' lang='lat' dir='ltr'>l&#39;un</span> <span class='ocrx_word' id='word_1_694' title='bbox 1536 437 1615 467; x_wconf 85' lang='lat' dir='ltr'>a’eux</span> <span class='ocrx_word' id='word_1_695' title='bbox 1636 439 1704 468; x_wconf 77' lang='lat' dir='ltr'>dans</span> <span class='ocrx_word' id='word_1_696' title='bbox 1722 440 1849 482; x_wconf 76' lang='lat' dir='ltr'>l’abfi’nce</span> <span class='ocrx_word' id='word_1_697' title='bbox 1868 444 1900 472; x_wconf 86' lang='lat' dir='ltr'>de</span> <span class='ocrx_word' id='word_1_698' title='bbox 1919 443 2032 481; x_wconf 85' lang='lat' dir='ltr'>I&#39;autre,</span> <span class='ocrx_word' id='word_1_699' title='bbox 2047 446 2203 483; x_wconf 84' lang='lat' dir='ltr'>prescriront</span> <span class='ocrx_word' id='word_1_700' title='bbox 2225 443 2263 481; x_wconf 61' lang='grc' dir='ltr'><em>ό</em></span> <span class='ocrx_word' id='word_1_701' title='bbox 2272 455 2404 487; x_wconf 72' lang='lat' dir='ltr'>pourront</span> 
     </span>
     <span class='ocr_line' id='line_1_96' title="bbox 1348 471 2404 522; baseline 0.017 -24"><span class='ocrx_word' id='word_1_702' title='bbox 1348 471 1477 509; x_wconf 74' lang='lat' dir='ltr'>prescrzre</span> <span class='ocrx_word' id='word_1_703' title='bbox 1487 498 1496 513; x_wconf 76' lang='lat'>‚</span> <span class='ocrx_word' id='word_1_704' title='bbox 1505 473 1575 514; x_wconf 66' lang='lat' dir='ltr'>sans</span> <span class='ocrx_word' id='word_1_705' title='bbox 1589 475 1705 516; x_wconf 76' lang='lat' dir='ltr'>enfatre</span> <span class='ocrx_word' id='word_1_706' title='bbox 1718 478 1738 505; x_wconf 88' lang='lat' dir='ltr'>d</span> <span class='ocrx_word' id='word_1_707' title='bbox 1742 483 1827 507; x_wconf 87' lang='lat' dir='ltr'>‘autre</span> <span class='ocrx_word' id='word_1_708' title='bbox 1840 480 1969 510; x_wconf 82' lang='lat' dir='ltr'>demande</span> <span class='ocrx_word' id='word_1_709' title='bbox 1983 484 2002 511; x_wconf 74' lang='grc' dir='ltr'><em>ἃ</em></span> <span class='ocrx_word' id='word_1_710' title='bbox 2017 482 2052 512; x_wconf 88' lang='lat' dir='ltr'>Sa</span> <span class='ocrx_word' id='word_1_711' title='bbox 2070 482 2208 522; x_wconf 65' lang='lat' dir='ltr'>Majeste,</span> <span class='ocrx_word' id='word_1_712' title='bbox 2225 483 2263 514; x_wconf 79' lang='lat' dir='ltr'>les</span> <span class='ocrx_word' id='word_1_713' title='bbox 2274 517 2276 519; x_wconf 67' lang='lat'>‚</span> <span class='ocrx_word' id='word_1_714' title='bbox 2287 488 2404 516; x_wconf 68' lang='lat' dir='ltr'>Limites</span> 
     </span>
     <span class='ocr_line' id='line_1_97' title="bbox 1406 509 2402 562; baseline 0.013 -21"><span class='ocrx_word' id='word_1_715' title='bbox 1406 509 1443 540; x_wconf 87' lang='lat' dir='ltr'>les</span> <span class='ocrx_word' id='word_1_716' title='bbox 1456 516 1560 543; x_wconf 73' lang='lat' dir='ltr'>Bornos</span> <span class='ocrx_word' id='word_1_717' title='bbox 1574 518 1622 553; x_wconf 84' lang='lat' dir='ltr'>qui</span> <span class='ocrx_word' id='word_1_718' title='bbox 1635 515 1747 544; x_wconf 84' lang='lat' dir='ltr'>doivent</span> <span class='ocrx_word' id='word_1_719' title='bbox 1763 515 1958 556; x_wconf 63' lang='lat' dir='ltr'>etrespecifiees</span> <span class='ocrx_word' id='word_1_720' title='bbox 1972 520 2041 549; x_wconf 79' lang='lat' dir='ltr'>dans</span> <span class='ocrx_word' id='word_1_721' title='bbox 2059 521 2157 561; x_wconf 82' lang='lat' dir='ltr'>chaque</span> <span class='ocrx_word' id='word_1_722' title='bbox 2176 522 2245 552; x_wconf 78' lang='lat' dir='ltr'>Bail</span> <span class='ocrx_word' id='word_1_723' title='bbox 2264 522 2281 553; x_wconf 74' lang='grc' dir='ltr'><em>ἆ</em></span> <span class='ocrx_word' id='word_1_724' title='bbox 2295 522 2380 561; x_wconf 77' lang='lat' dir='ltr'>ferme</span> <span class='ocrx_word' id='word_1_725' title='bbox 2391 546 2402 562; x_wconf 85' lang='lat'>,</span> 
     </span>
     <span class='ocr_line' id='line_1_98' title="bbox 1353 545 2386 599; baseline 0.015 -21"><span class='ocrx_word' id='word_1_726' title='bbox 1353 545 1392 579; x_wconf 53' lang='grc' dir='ltr'>(θ’</span> <span class='ocrx_word' id='word_1_727' title='bbox 1406 549 1505 580; x_wconf 82' lang='lat' dir='ltr'>donner</span> <span class='ocrx_word' id='word_1_728' title='bbox 1526 553 1603 582; x_wconf 88' lang='lat' dir='ltr'>ordre</span> <span class='ocrx_word' id='word_1_729' title='bbox 1624 552 1830 591; x_wconf 61' lang='lat' dir='ltr'>conformement</span> <span class='ocrx_word' id='word_1_730' title='bbox 1843 566 1878 584; x_wconf 88' lang='lat' dir='ltr'>au</span> <span class='ocrx_word' id='word_1_731' title='bbox 1897 558 2024 586; x_wconf 80' lang='lat' dir='ltr'>Procurer</span> <span class='ocrx_word' id='word_1_732' title='bbox 2033 560 2147 595; x_wconf 79' lang='lat' dir='ltr'>general</span> <span class='ocrx_word' id='word_1_733' title='bbox 2158 560 2190 588; x_wconf 88' lang='lat' dir='ltr'>de</span> <span class='ocrx_word' id='word_1_734' title='bbox 2202 560 2237 591; x_wconf 89' lang='lat' dir='ltr'>Sa</span> <span class='ocrx_word' id='word_1_735' title='bbox 2254 560 2386 599; x_wconf 73' lang='lat' dir='ltr'>Majeste.</span> 
     </span>
     <span class='ocr_line' id='line_1_99' title="bbox 1388 587 2403 637; baseline 0.015 -22"><span class='ocrx_word' id='word_1_736' title='bbox 1388 587 1430 616; x_wconf 90' lang='lat' dir='ltr'>Et</span> <span class='ocrx_word' id='word_1_737' title='bbox 1451 589 1474 618; x_wconf 83' lang='lat' dir='ltr'>il</span> <span class='ocrx_word' id='word_1_738' title='bbox 1486 590 1561 629; x_wconf 84' lang='lat' dir='ltr'>plait</span> <span class='ocrx_word' id='word_1_739' title='bbox 1576 589 1595 621; x_wconf 73' lang='grc' dir='ltr'><em>ἃ</em></span> <span class='ocrx_word' id='word_1_740' title='bbox 1618 590 1654 622; x_wconf 87' lang='lat' dir='ltr'>Sa</span> <span class='ocrx_word' id='word_1_741' title='bbox 1675 591 1812 629; x_wconf 67' lang='lat' dir='ltr'>Majeste,</span> <span class='ocrx_word' id='word_1_742' title='bbox 1830 601 1884 630; x_wconf 86' lang='lat' dir='ltr'>par</span> <span class='ocrx_word' id='word_1_743' title='bbox 1892 592 2000 630; x_wconf 79' lang='lat' dir='ltr'>faveur</span> <span class='ocrx_word' id='word_1_744' title='bbox 2012 604 2078 632; x_wconf 83' lang='lat' dir='ltr'>pour</span> <span class='ocrx_word' id='word_1_745' title='bbox 2092 596 2129 626; x_wconf 81' lang='lat' dir='ltr'>les</span> <span class='ocrx_word' id='word_1_746' title='bbox 2145 599 2336 637; x_wconf 79' lang='lat' dir='ltr'>Proprietaires</span> <span class='ocrx_word' id='word_1_747' title='bbox 2356 601 2403 630; x_wconf 80' lang='lat' dir='ltr'>des</span> 
     </span>
     <span class='ocr_line' id='line_1_100' title="bbox 1351 624 2403 676; baseline 0.017 -25"><span class='ocrx_word' id='word_1_748' title='bbox 1351 624 1445 655; x_wconf 71' lang='lat' dir='ltr'>Terres</span> <span class='ocrx_word' id='word_1_749' title='bbox 1452 626 1504 665; x_wconf 73' lang='lat' dir='ltr'>sicr</span> <span class='ocrx_word' id='word_1_750' title='bbox 1518 627 1651 669; x_wconf 82' lang='lat' dir='ltr'>lesquelles</span> <span class='ocrx_word' id='word_1_751' title='bbox 1661 631 1694 667; x_wconf 74' lang='grc' dir='ltr'>[ἑ</span> <span class='ocrx_word' id='word_1_752' title='bbox 1706 636 1838 660; x_wconf 79' lang='lat' dir='ltr'>trouvent</span> <span class='ocrx_word' id='word_1_753' title='bbox 1851 629 1958 669; x_wconf 81' lang='lat' dir='ltr'>lesdites</span> <span class='ocrx_word' id='word_1_754' title='bbox 1971 636 2078 670; x_wconf 77' lang='lat' dir='ltr'>Miner,</span> <span class='ocrx_word' id='word_1_755' title='bbox 2105 646 2135 664; x_wconf 84' lang='lat' dir='ltr'>ue</span> <span class='ocrx_word' id='word_1_756' title='bbox 2153 646 2217 665; x_wconf 83' lang='lat' dir='ltr'>ceux</span> <span class='ocrx_word' id='word_1_757' title='bbox 2233 637 2311 676; x_wconf 75' lang='lat' dir='ltr'>qu’ils</span> <span class='ocrx_word' id='word_1_758' title='bbox 2326 649 2403 671; x_wconf 76' lang='lat' dir='ltr'>nm—</span> 
     </span>
     <span class='ocr_line' id='line_1_101' title="bbox 1349 645 2400 714; baseline 0.015 -25"><span class='ocrx_word' id='word_1_759' title='bbox 1349 671 1454 693; x_wconf 82' lang='lat' dir='ltr'>meront</span> <span class='ocrx_word' id='word_1_760' title='bbox 1464 666 1550 703; x_wconf 74' lang='lat' dir='ltr'>soient</span> <span class='ocrx_word' id='word_1_761' title='bbox 1562 666 1679 705; x_wconf 56' lang='lat' dir='ltr'>prefer&amp;</span> <span class='ocrx_word' id='word_1_762' title='bbox 1693 667 1711 697; x_wconf 73' lang='grc' dir='ltr'><em>ἃ</em></span> <span class='ocrx_word' id='word_1_763' title='bbox 1726 675 1784 698; x_wconf 86' lang='lat' dir='ltr'>tous</span> <span class='ocrx_word' id='word_1_764' title='bbox 1800 667 1837 698; x_wconf 81' lang='lat' dir='ltr'>les</span> <span class='ocrx_word' id='word_1_765' title='bbox 1851 676 1942 698; x_wconf 81' lang='lat' dir='ltr'>autres</span> <span class='ocrx_word' id='word_1_766' title='bbox 1951 678 2019 707; x_wconf 83' lang='lat' dir='ltr'>pour</span> <span class='ocrx_word' id='word_1_767' title='bbox 2034 645 2126 710; x_wconf 68' lang='lat' dir='ltr'>lesaZts</span> <span class='ocrx_word' id='word_1_768' title='bbox 2150 677 2235 704; x_wconf 84' lang='lat' dir='ltr'>Baux</span> <span class='ocrx_word' id='word_1_769' title='bbox 2257 674 2275 703; x_wconf 70' lang='grc' dir='ltr'><em>ἃ</em></span> <span class='ocrx_word' id='word_1_770' title='bbox 2289 675 2380 714; x_wconf 84' lang='lat' dir='ltr'>ferme</span> <span class='ocrx_word' id='word_1_771' title='bbox 2389 699 2400 714; x_wconf 90' lang='lat'>,</span> 
     </span>
     <span class='ocr_line' id='line_1_102' title="bbox 1349 703 2382 748; baseline 0.013 -18"><span class='ocrx_word' id='word_1_772' title='bbox 1349 710 1386 727; x_wconf 79' lang='lat' dir='ltr'>au</span> <span class='ocrx_word' id='word_1_773' title='bbox 1400 711 1443 731; x_wconf 80' lang='lat' dir='ltr'>cas</span> <span class='ocrx_word' id='word_1_774' title='bbox 1457 703 1535 742; x_wconf 79' lang='lat' dir='ltr'>qu&#39;ils</span> <span class='ocrx_word' id='word_1_775' title='bbox 1541 706 1573 742; x_wconf 84' lang='lat' dir='ltr'>se</span> <span class='ocrx_word' id='word_1_776' title='bbox 1587 706 1700 734; x_wconf 87' lang='lat' dir='ltr'>rendent</span> <span class='ocrx_word' id='word_1_777' title='bbox 1714 704 1811 744; x_wconf 65' lang='lat' dir='ltr'>aupre¹s</span> <span class='ocrx_word' id='word_1_778' title='bbox 1823 706 1859 735; x_wconf 89' lang='lat' dir='ltr'>du</span> <span class='ocrx_word' id='word_1_779' title='bbox 1875 707 1918 736; x_wconf 86' lang='lat' dir='ltr'>dit</span> <span class='ocrx_word' id='word_1_780' title='bbox 1936 709 2017 737; x_wconf 85' lang='lat' dir='ltr'>Lord</span> <span class='ocrx_word' id='word_1_781' title='bbox 2032 709 2164 748; x_wconf 75' lang='lat' dir='ltr'>Tre&#39;sorier</span> <span class='ocrx_word' id='word_1_782' title='bbox 2178 722 2209 740; x_wconf 86' lang='lat' dir='ltr'>ou</span> <span class='ocrx_word' id='word_1_783' title='bbox 2225 712 2382 743; x_wconf 79' lang='lat' dir='ltr'>chancelier</span> 
     </span>
     <span class='ocr_line' id='line_1_103' title="bbox 1350 735 2401 789; baseline 0.01 -18"><span class='ocrx_word' id='word_1_784' title='bbox 1350 735 1388 771; x_wconf 57' lang='grc' dir='ltr'>ὦ·</span> <span class='ocrx_word' id='word_1_785' title='bbox 1399 750 1534 778; x_wconf 86' lang='lat' dir='ltr'>prennent</span> <span class='ocrx_word' id='word_1_786' title='bbox 1542 742 1676 781; x_wconf 67' lang='lat' dir='ltr'>poffi’ffion</span> <span class='ocrx_word' id='word_1_787' title='bbox 1691 744 1803 782; x_wconf 81' lang='lat' dir='ltr'>desdites</span> <span class='ocrx_word' id='word_1_788' title='bbox 1818 747 1909 774; x_wconf 72' lang='lat' dir='ltr'>Miner</span> <span class='ocrx_word' id='word_1_789' title='bbox 1924 745 1994 774; x_wconf 83' lang='lat' dir='ltr'>dans</span> <span class='ocrx_word' id='word_1_790' title='bbox 2008 745 2116 785; x_wconf 80' lang='lat' dir='ltr'>l&#39;espace</span> <span class='ocrx_word' id='word_1_791' title='bbox 2130 749 2235 778; x_wconf 85' lang='lat' dir='ltr'>detrois</span> <span class='ocrx_word' id='word_1_792' title='bbox 2249 755 2313 780; x_wconf 81' lang='lat' dir='ltr'>mois</span> <span class='ocrx_word' id='word_1_793' title='bbox 2320 738 2401 789; x_wconf 53' lang='lat' dir='ltr'>apre&#39;ss</span> 
     </span>
     <span class='ocr_line' id='line_1_104' title="bbox 1347 781 2398 844; baseline 0.013 -38"><span class='ocrx_word' id='word_1_794' title='bbox 1347 785 1397 844; x_wconf 53' lang='grc' dir='ltr'>ἷκε</span> <span class='ocrx_word' id='word_1_795' title='bbox 1411 786 1489 808; x_wconf 85' lang='lat' dir='ltr'>notre</span> <span class='ocrx_word' id='word_1_796' title='bbox 1502 782 1700 812; x_wconf 78' lang='lat' dir='ltr'>Proclamation</span> <span class='ocrx_word' id='word_1_797' title='bbox 1712 781 1798 812; x_wconf 85' lang='lat' dir='ltr'>roiale</span> <span class='ocrx_word' id='word_1_798' title='bbox 1811 792 1881 813; x_wconf 77' lang='lat' dir='ltr'>aura</span> <span class='ocrx_word' id='word_1_799' title='bbox 1896 784 1942 812; x_wconf 67' lang='lat' dir='ltr'>lte‘</span> <span class='ocrx_word' id='word_1_800' title='bbox 1949 783 2052 820; x_wconf 79' lang='lat' dir='ltr'>publie&#39;e</span> <span class='ocrx_word' id='word_1_801' title='bbox 2066 786 2136 816; x_wconf 77' lang='lat' dir='ltr'>dans</span> <span class='ocrx_word' id='word_1_802' title='bbox 2156 786 2185 815; x_wconf 88' lang='lat' dir='ltr'>la</span> <span class='ocrx_word' id='word_1_803' title='bbox 2210 790 2342 819; x_wconf 68' lang='lat' dir='ltr'>Province</span> <span class='ocrx_word' id='word_1_804' title='bbox 2362 791 2398 820; x_wconf 65' lang='grc' dir='ltr'>σὲ</span> 
     </span>
    </p>
   </div>
   <div class='ocr_carea' id='block_1_18' title="bbox 1359 814 2398 863">
    <p class='ocr_par' dir='ltr' id='par_1_25' title="bbox 1359 814 2398 863">
     <span class='ocr_line' id='line_1_105' title="bbox 1359 814 2398 863; baseline 0.013 -19"><span class='ocrx_word' id='word_1_805' title='bbox 1359 814 1453 852; x_wconf 74' lang='lat' dir='ltr'>esdrtes</span> <span class='ocrx_word' id='word_1_806' title='bbox 1468 821 1565 848; x_wconf 83' lang='lat' dir='ltr'>Terres</span> <span class='ocrx_word' id='word_1_807' title='bbox 1573 818 1657 858; x_wconf 80' lang='lat' dir='ltr'>fhnt;</span> <span class='ocrx_word' id='word_1_808' title='bbox 1678 817 1715 853; x_wconf 61' lang='grc' dir='ltr'>ᾤ’</span> <span class='ocrx_word' id='word_1_809' title='bbox 1730 832 1765 850; x_wconf 88' lang='lat' dir='ltr'>au</span> <span class='ocrx_word' id='word_1_810' title='bbox 1784 831 1828 849; x_wconf 79' lang='lat' dir='ltr'>cas</span> <span class='ocrx_word' id='word_1_811' title='bbox 1842 820 1918 860; x_wconf 82' lang='lat' dir='ltr'>qu&#39;ils</span> <span class='ocrx_word' id='word_1_812' title='bbox 1934 832 1967 851; x_wconf 88' lang='lat' dir='ltr'>ne</span> <span class='ocrx_word' id='word_1_813' title='bbox 1980 821 2018 856; x_wconf 81' lang='lat' dir='ltr'>5&#39;y</span> <span class='ocrx_word' id='word_1_814' title='bbox 2032 825 2146 853; x_wconf 82' lang='lat' dir='ltr'>rendent</span> <span class='ocrx_word' id='word_1_815' title='bbox 2162 832 2212 862; x_wconf 74' lang='lat' dir='ltr'>par</span> <span class='ocrx_word' id='word_1_816' title='bbox 2224 848 2233 863; x_wconf 83' lang='lat'>,</span> <span class='ocrx_word' id='word_1_817' title='bbox 2251 837 2284 856; x_wconf 84' lang='lat' dir='ltr'>ou</span> <span class='ocrx_word' id='word_1_818' title='bbox 2307 838 2339 857; x_wconf 85' lang='lat' dir='ltr'>ne</span> <span class='ocrx_word' id='word_1_819' title='bbox 2360 828 2398 858; x_wconf 71' lang='lat' dir='ltr'>les</span> 
     </span>
    </p>
   </div>
   <div class='ocr_carea' id='block_1_19' title="bbox 1339 856 2400 938">
    <p class='ocr_par' dir='ltr' id='par_1_26' title="bbox 1339 856 2400 938">
     <span class='ocr_line' id='line_1_106' title="bbox 1341 856 2400 901; baseline 0.015 -19"><span class='ocrx_word' id='word_1_820' title='bbox 1341 861 1477 898; x_wconf 74' lang='lat' dir='ltr'>prennent</span> <span class='ocrx_word' id='word_1_821' title='bbox 1486 864 1537 894; x_wconf 80' lang='lat' dir='ltr'>pas</span> <span class='ocrx_word' id='word_1_822' title='bbox 1551 857 1619 888; x_wconf 74' lang='lat' dir='ltr'>dans</span> <span class='ocrx_word' id='word_1_823' title='bbox 1631 856 1851 897; x_wconf 70' lang='lat' dir='ltr'>l’espaceficsc&#39;iit,</span> <span class='ocrx_word' id='word_1_824' title='bbox 1867 858 1938 890; x_wconf 81' lang='lat' dir='ltr'>alors</span> <span class='ocrx_word' id='word_1_825' title='bbox 1952 859 2029 889; x_wconf 76' lang='lat' dir='ltr'>tellex</span> <span class='ocrx_word' id='word_1_826' title='bbox 2048 862 2189 898; x_wconf 81' lang='lat' dir='ltr'>Personnes</span> <span class='ocrx_word' id='word_1_827' title='bbox 2196 861 2290 901; x_wconf 74' lang='lat' dir='ltr'>serant</span> <span class='ocrx_word' id='word_1_828' title='bbox 2310 866 2400 897; x_wconf 75' lang='lat' dir='ltr'>admi·</span> 
     </span>
     <span class='ocr_line' id='line_1_107' title="bbox 1339 891 2309 938; baseline 0.009 -16"><span class='ocrx_word' id='word_1_829' title='bbox 1339 891 1385 929; x_wconf 76' lang='lat' dir='ltr'>ses</span> <span class='ocrx_word' id='word_1_830' title='bbox 1393 901 1461 931; x_wconf 83' lang='lat' dir='ltr'>pour</span> <span class='ocrx_word' id='word_1_831' title='bbox 1470 895 1585 932; x_wconf 84' lang='lat' dir='ltr'>prendre</span> <span class='ocrx_word' id='word_1_832' title='bbox 1600 906 1638 926; x_wconf 84' lang='lat' dir='ltr'>ces</span> <span class='ocrx_word' id='word_1_833' title='bbox 1652 898 1736 926; x_wconf 82' lang='lat' dir='ltr'>Baux</span> <span class='ocrx_word' id='word_1_834' title='bbox 1747 919 1757 934; x_wconf 96' lang='lat'>,</span> <span class='ocrx_word' id='word_1_835' title='bbox 1769 901 1815 936; x_wconf 79' lang='lat' dir='ltr'>qui</span> <span class='ocrx_word' id='word_1_836' title='bbox 1828 897 1867 927; x_wconf 81' lang='lat' dir='ltr'>les</span> <span class='ocrx_word' id='word_1_837' title='bbox 1881 895 2115 938; x_wconf 76' lang='lat' dir='ltr'>aurontfillicite‘s</span> <span class='ocrx_word' id='word_1_838' title='bbox 2129 898 2165 928; x_wconf 82' lang='lat' dir='ltr'>les</span> <span class='ocrx_word' id='word_1_839' title='bbox 2172 905 2309 938; x_wconf 81' lang='lat' dir='ltr'>premiers.</span> 
     </span>
    </p>
   </div>
   <div class='ocr_carea' id='block_1_20' title="bbox 1388 1006 2389 1053">
    <p class='ocr_par' dir='ltr' id='par_1_27' title="bbox 1388 1006 2389 1053">
     <span class='ocr_line' id='line_1_108' title="bbox 1388 1006 2389 1053; baseline 0.011 -19"><span class='ocrx_word' id='word_1_840' title='bbox 1388 1008 1487 1037; x_wconf 81' lang='lat' dir='ltr'>Donne&#39;</span> <span class='ocrx_word' id='word_1_841' title='bbox 1495 1006 1513 1037; x_wconf 73' lang='grc' dir='ltr'><em>ὲ</em></span> <span class='ocrx_word' id='word_1_842' title='bbox 1530 1016 1609 1039; x_wconf 86' lang='lat' dir='ltr'>notre</span> <span class='ocrx_word' id='word_1_843' title='bbox 1624 1012 1692 1040; x_wconf 85' lang='lat' dir='ltr'>Cour</span> <span class='ocrx_word' id='word_1_844' title='bbox 1705 1008 1724 1040; x_wconf 66' lang='lat' dir='ltr'>ax</span> <span class='ocrx_word' id='word_1_845' title='bbox 1739 1009 1878 1041; x_wconf 87' lang='lat' dir='ltr'>Wansted</span> <span class='ocrx_word' id='word_1_846' title='bbox 1894 1033 1905 1049; x_wconf 83' lang='lat'>‚</span> <span class='ocrx_word' id='word_1_847' title='bbox 1927 1010 1952 1042; x_wconf 84' lang='lat' dir='ltr'>Ie</span> <span class='ocrx_word' id='word_1_848' title='bbox 1974 1011 2087 1042; x_wconf 82' lang='lat' dir='ltr'>dixieme</span> <span class='ocrx_word' id='word_1_849' title='bbox 2111 1012 2144 1042; x_wconf 85' lang='lat' dir='ltr'>de</span> <span class='ocrx_word' id='word_1_850' title='bbox 2160 1012 2283 1053; x_wconf 74' lang='lat' dir='ltr'>Jus‘llet,</span> <span class='ocrx_word' id='word_1_851' title='bbox 2307 1014 2341 1045; x_wconf 88' lang='lat' dir='ltr'>de</span> <span class='ocrx_word' id='word_1_852' title='bbox 2359 1014 2389 1046; x_wconf 76' lang='lat' dir='ltr'>Ia</span> 
     </span>
    </p>
   </div>
   <div class='ocr_carea' id='block_1_21' title="bbox 1344 1045 2389 1092">
    <p class='ocr_par' dir='ltr' id='par_1_28' title="bbox 1344 1045 2389 1092">
     <span class='ocr_line' id='line_1_109' title="bbox 1344 1045 2389 1092; baseline 0.011 -20"><span class='ocrx_word' id='word_1_853' title='bbox 1344 1045 1576 1080; x_wconf 78' lang='lat' dir='ltr'>vingt-deuxieme</span> <span class='ocrx_word' id='word_1_854' title='bbox 1595 1050 1681 1078; x_wconf 80' lang='lat' dir='ltr'>anne‘e</span> <span class='ocrx_word' id='word_1_855' title='bbox 1702 1049 1734 1079; x_wconf 80' lang='lat' dir='ltr'>de</span> <span class='ocrx_word' id='word_1_856' title='bbox 1755 1056 1834 1080; x_wconf 77' lang='lat' dir='ltr'>notre</span> <span class='ocrx_word' id='word_1_857' title='bbox 1851 1052 1940 1088; x_wconf 69' lang='lat' dir='ltr'>Regae</span> <span class='ocrx_word' id='word_1_858' title='bbox 1951 1049 1985 1082; x_wconf 81' lang='lat' dir='ltr'>de</span> <span class='ocrx_word' id='word_1_859' title='bbox 1998 1050 2029 1082; x_wconf 85' lang='lat' dir='ltr'>la</span> <span class='ocrx_word' id='word_1_860' title='bbox 2045 1052 2340 1092; x_wconf 75' lang='lat' dir='ltr'>Grande-Bremgne‚</span> <span class='ocrx_word' id='word_1_861' title='bbox 2357 1055 2389 1083; x_wconf 79' lang='lat' dir='ltr'>de</span> 
     </span>
    </p>
   </div>
   <div class='ocr_carea' id='block_1_22' title="bbox 1349 1082 1668 1118">
    <p class='ocr_par' dir='ltr' id='par_1_29' title="bbox 1349 1082 1668 1118">
     <span class='ocr_line' id='line_1_110' title="bbox 1349 1082 1668 1118; baseline 0.016 -8"><span class='ocrx_word' id='word_1_862' title='bbox 1349 1084 1451 1112; x_wconf 83' lang='lat' dir='ltr'>France</span> <span class='ocrx_word' id='word_1_863' title='bbox 1465 1082 1504 1118; x_wconf 82' lang='lat'><em>&amp;</em></span> <span class='ocrx_word' id='word_1_864' title='bbox 1517 1084 1668 1117; x_wconf 84' lang='lat' dir='ltr'>d&#39;Irlande.</span> 
     </span>
    </p>
   </div>
   <div class='ocr_carea' id='block_1_23' title="bbox 2054 1162 2367 1209">
    <p class='ocr_par' dir='ltr' id='par_1_30' title="bbox 2054 1162 2367 1209">
     <span class='ocr_line' id='line_1_111' title="bbox 2054 1162 2367 1209; baseline 0.016 -14"><span class='ocrx_word' id='word_1_865' title='bbox 2054 1162 2110 1196; x_wconf 87' lang='lat' dir='ltr'>Per</span> <span class='ocrx_word' id='word_1_866' title='bbox 2128 1165 2220 1204; x_wconf 83' lang='lat' dir='ltr'>ipsum</span> <span class='ocrx_word' id='word_1_867' title='bbox 2237 1167 2367 1209; x_wconf 87' lang='lat' dir='ltr'>Regem.</span> 
     </span>
    </p>
   </div>
   <div class='ocr_carea' id='block_1_24' title="bbox 1346 1282 2401 1743">
    <p class='ocr_par' dir='ltr' id='par_1_31' title="bbox 1350 1282 2401 1438">
     <span class='ocr_line' id='line_1_112' title="bbox 1386 1282 2398 1326; baseline 0.011 -14"><span class='ocrx_word' id='word_1_868' title='bbox 1386 1282 1554 1326; x_wconf 83' lang='lat' dir='ltr'>Mandantes</span> <span class='ocrx_word' id='word_1_869' title='bbox 1580 1282 1613 1314; x_wconf 86' lang='lat'>&amp;</span> <span class='ocrx_word' id='word_1_870' title='bbox 1638 1286 1830 1324; x_wconf 79' lang='lat' dir='ltr'>praecipientes</span> <span class='ocrx_word' id='word_1_871' title='bbox 1851 1286 2033 1318; x_wconf 81' lang='lat' dir='ltr'>Thesaurari0</span> <span class='ocrx_word' id='word_1_872' title='bbox 2058 1289 2093 1320; x_wconf 64' lang='grc' dir='ltr'>ὃς</span> <span class='ocrx_word' id='word_1_873' title='bbox 2118 1288 2286 1322; x_wconf 77' lang='lat' dir='ltr'>Cameran&#39;is</span> <span class='ocrx_word' id='word_1_874' title='bbox 2312 1292 2398 1323; x_wconf 71' lang='lat' dir='ltr'>dieeae</span> 
     </span>
     <span class='ocr_line' id='line_1_113' title="bbox 1351 1319 2401 1368; baseline 0.01 -18"><span class='ocrx_word' id='word_1_875' title='bbox 1351 1319 1446 1365; x_wconf 75' lang='lat' dir='ltr'>Curiae</span> <span class='ocrx_word' id='word_1_876' title='bbox 1463 1321 1602 1365; x_wconf 75' lang='lat' dir='ltr'>Scaccarii</span> <span class='ocrx_word' id='word_1_877' title='bbox 1621 1323 1710 1353; x_wconf 85' lang='lat' dir='ltr'>nostri</span> <span class='ocrx_word' id='word_1_878' title='bbox 1728 1334 1779 1361; x_wconf 90' lang='lat' dir='ltr'>pro</span> <span class='ocrx_word' id='word_1_879' title='bbox 1797 1332 1924 1362; x_wconf 88' lang='lat' dir='ltr'>tempore</span> <span class='ocrx_word' id='word_1_880' title='bbox 1949 1326 2128 1357; x_wconf 83' lang='lat' dir='ltr'>existentibus</span> <span class='ocrx_word' id='word_1_881' title='bbox 2146 1351 2156 1366; x_wconf 89' lang='lat'>‚</span> <span class='ocrx_word' id='word_1_882' title='bbox 2191 1330 2269 1368; x_wconf 80' lang='lat' dir='ltr'>quod</span> <span class='ocrx_word' id='word_1_883' title='bbox 2292 1331 2401 1361; x_wconf 64' lang='lat' dir='ltr'>dietam</span> 
     </span>
     <span class='ocr_line' id='line_1_114' title="bbox 1350 1359 2400 1407; baseline 0.01 -18"><span class='ocrx_word' id='word_1_884' title='bbox 1350 1359 1533 1404; x_wconf 74' lang='lat' dir='ltr'>Annuitatem</span> <span class='ocrx_word' id='word_1_885' title='bbox 1551 1365 1606 1391; x_wconf 79' lang='lat' dir='ltr'>live</span> <span class='ocrx_word' id='word_1_886' title='bbox 1623 1362 1769 1392; x_wconf 87' lang='lat' dir='ltr'>annualem</span> <span class='ocrx_word' id='word_1_887' title='bbox 1788 1362 1944 1394; x_wconf 87' lang='lat' dir='ltr'>Redditum</span> <span class='ocrx_word' id='word_1_888' title='bbox 1962 1365 2081 1402; x_wconf 81' lang='lat' dir='ltr'>praefato</span> <span class='ocrx_word' id='word_1_889' title='bbox 2096 1367 2213 1396; x_wconf 78' lang='lat' dir='ltr'>Ricardo</span> <span class='ocrx_word' id='word_1_890' title='bbox 2240 1367 2285 1399; x_wconf 87' lang='lat' dir='ltr'>vel</span> <span class='ocrx_word' id='word_1_891' title='bbox 2303 1369 2400 1407; x_wconf 82' lang='lat' dir='ltr'>Affig-</span> 
     </span>
     <span class='ocr_line' id='line_1_115' title="bbox 1350 1398 2221 1438; baseline 0.01 -12"><span class='ocrx_word' id='word_1_892' title='bbox 1350 1406 1419 1428; x_wconf 88' lang='lat' dir='ltr'>nans</span> <span class='ocrx_word' id='word_1_893' title='bbox 1435 1398 1507 1437; x_wconf 82' lang='lat' dir='ltr'>suis,</span> <span class='ocrx_word' id='word_1_894' title='bbox 1525 1400 1552 1428; x_wconf 91' lang='lat' dir='ltr'>in</span> <span class='ocrx_word' id='word_1_895' title='bbox 1570 1399 1665 1431; x_wconf 73' lang='lat' dir='ltr'>forma</span> <span class='ocrx_word' id='word_1_896' title='bbox 1682 1399 1818 1438; x_wconf 67' lang='lat' dir='ltr'>praedieta</span> <span class='ocrx_word' id='word_1_897' title='bbox 1835 1401 1941 1433; x_wconf 88' lang='lat' dir='ltr'>solvant</span> <span class='ocrx_word' id='word_1_898' title='bbox 1957 1404 2002 1432; x_wconf 89' lang='lat' dir='ltr'>seu</span> <span class='ocrx_word' id='word_1_899' title='bbox 2020 1403 2090 1433; x_wconf 90' lang='lat' dir='ltr'>solvi</span> <span class='ocrx_word' id='word_1_900' title='bbox 2107 1404 2221 1435; x_wconf 88' lang='lat' dir='ltr'>faciant.</span> 
     </span>
    </p>

    <p class='ocr_par' dir='ltr' id='par_1_32' title="bbox 1346 1436 2401 1703">
     <span class='ocr_line' id='line_1_116' title="bbox 1386 1436 2401 1481; baseline 0.009 -14"><span class='ocrx_word' id='word_1_901' title='bbox 1386 1436 1433 1467; x_wconf 93' lang='lat' dir='ltr'>Ac</span> <span class='ocrx_word' id='word_1_902' title='bbox 1453 1438 1565 1468; x_wconf 90' lang='lat' dir='ltr'>ulterius</span> <span class='ocrx_word' id='word_1_903' title='bbox 1582 1438 1612 1468; x_wconf 91' lang='lat' dir='ltr'>in</span> <span class='ocrx_word' id='word_1_904' title='bbox 1631 1438 1854 1470; x_wconf 75' lang='lat' dir='ltr'>confideratione</span> <span class='ocrx_word' id='word_1_905' title='bbox 1871 1440 2085 1479; x_wconf 70' lang='lat' dir='ltr'>praedista,pro</span> <span class='ocrx_word' id='word_1_906' title='bbox 2104 1442 2218 1481; x_wconf 75' lang='lat' dir='ltr'>Nobis,</span> <span class='ocrx_word' id='word_1_907' title='bbox 2228 1443 2401 1476; x_wconf 81' lang='lat' dir='ltr'>Haeredibus</span> 
     </span>
     <span class='ocr_line' id='line_1_117' title="bbox 1348 1474 2399 1519; baseline 0.008 -14"><span class='ocrx_word' id='word_1_908' title='bbox 1348 1475 1382 1506; x_wconf 84' lang='lat'>&amp;</span> <span class='ocrx_word' id='word_1_909' title='bbox 1407 1474 1618 1519; x_wconf 68' lang='lat' dir='ltr'>Succefforibus</span> <span class='ocrx_word' id='word_1_910' title='bbox 1645 1476 1762 1515; x_wconf 87' lang='lat' dir='ltr'>nostris,</span> <span class='ocrx_word' id='word_1_911' title='bbox 1786 1477 1884 1508; x_wconf 88' lang='lat' dir='ltr'>damus</span> <span class='ocrx_word' id='word_1_912' title='bbox 1909 1479 1943 1510; x_wconf 65' lang='grc' dir='ltr'>ὅ(</span> <span class='ocrx_word' id='word_1_913' title='bbox 1969 1480 2156 1510; x_wconf 87' lang='lat' dir='ltr'>concedimus</span> <span class='ocrx_word' id='word_1_914' title='bbox 2185 1481 2265 1512; x_wconf 63' lang='lat' dir='ltr'>dieto</span> <span class='ocrx_word' id='word_1_915' title='bbox 2283 1485 2399 1513; x_wconf 80' lang='lat' dir='ltr'>Ricara&#39;o</span> 
     </span>
     <span class='ocr_line' id='line_1_118' title="bbox 1347 1514 2398 1558; baseline 0.01 -16"><span class='ocrx_word' id='word_1_916' title='bbox 1347 1515 1481 1543; x_wconf 73' lang='lat' dir='ltr'>continue</span> <span class='ocrx_word' id='word_1_917' title='bbox 1499 1524 1553 1551; x_wconf 78' lang='lat' dir='ltr'>pro</span> <span class='ocrx_word' id='word_1_918' title='bbox 1573 1515 1605 1544; x_wconf 89' lang='lat'>&amp;</span> <span class='ocrx_word' id='word_1_919' title='bbox 1621 1514 1737 1546; x_wconf 84' lang='lat' dir='ltr'>durante</span> <span class='ocrx_word' id='word_1_920' title='bbox 1756 1515 1901 1546; x_wconf 88' lang='lat' dir='ltr'>Termino</span> <span class='ocrx_word' id='word_1_921' title='bbox 1919 1516 1997 1547; x_wconf 86' lang='lat' dir='ltr'>Vitae</span> <span class='ocrx_word' id='word_1_922' title='bbox 2014 1517 2067 1547; x_wconf 82' lang='lat' dir='ltr'>suae</span> <span class='ocrx_word' id='word_1_923' title='bbox 2086 1519 2228 1557; x_wconf 84' lang='lat' dir='ltr'>naturalis,</span> <span class='ocrx_word' id='word_1_924' title='bbox 2250 1522 2327 1558; x_wconf 78' lang='lat' dir='ltr'>quod</span> <span class='ocrx_word' id='word_1_925' title='bbox 2347 1522 2398 1552; x_wconf 85' lang='lat' dir='ltr'>ha·</span> 
     </span>
     <span class='ocr_line' id='line_1_119' title="bbox 1348 1551 2399 1592; baseline 0.01 -12"><span class='ocrx_word' id='word_1_926' title='bbox 1348 1551 1410 1581; x_wconf 83' lang='lat' dir='ltr'>beat</span> <span class='ocrx_word' id='word_1_927' title='bbox 1429 1551 1618 1583; x_wconf 86' lang='lat' dir='ltr'>Stramenturn</span> <span class='ocrx_word' id='word_1_928' title='bbox 1638 1553 1789 1592; x_wconf 83' lang='lat' dir='ltr'>Foragium</span> <span class='ocrx_word' id='word_1_929' title='bbox 1811 1553 1938 1584; x_wconf 87' lang='lat' dir='ltr'>Foenurn</span> <span class='ocrx_word' id='word_1_930' title='bbox 1958 1555 2079 1586; x_wconf 66' lang='lat' dir='ltr'>Vitstum</span> <span class='ocrx_word' id='word_1_931' title='bbox 2099 1557 2132 1586; x_wconf 87' lang='lat'>&amp;</span> <span class='ocrx_word' id='word_1_932' title='bbox 2146 1558 2325 1589; x_wconf 77' lang='lat' dir='ltr'>neceffariam</span> <span class='ocrx_word' id='word_1_933' title='bbox 2345 1561 2399 1590; x_wconf 81' lang='lat' dir='ltr'>Al-</span> 
     </span>
     <span class='ocr_line' id='line_1_120' title="bbox 1347 1589 2399 1632; baseline 0.006 -13"><span class='ocrx_word' id='word_1_934' title='bbox 1347 1589 1517 1632; x_wconf 80' lang='lat' dir='ltr'>locationem</span> <span class='ocrx_word' id='word_1_935' title='bbox 1531 1592 1564 1621; x_wconf 90' lang='lat'>&amp;</span> <span class='ocrx_word' id='word_1_936' title='bbox 1580 1591 1818 1624; x_wconf 85' lang='lat' dir='ltr'>Sustentationern</span> <span class='ocrx_word' id='word_1_937' title='bbox 1835 1601 1887 1629; x_wconf 85' lang='lat' dir='ltr'>pro</span> <span class='ocrx_word' id='word_1_938' title='bbox 1900 1602 1959 1622; x_wconf 90' lang='lat' dir='ltr'>uno</span> <span class='ocrx_word' id='word_1_939' title='bbox 1972 1592 2084 1632; x_wconf 89' lang='lat' dir='ltr'>Magno</span> <span class='ocrx_word' id='word_1_940' title='bbox 2103 1593 2186 1632; x_wconf 89' lang='lat' dir='ltr'>Equo</span> <span class='ocrx_word' id='word_1_941' title='bbox 2201 1596 2270 1626; x_wconf 64' lang='lat' dir='ltr'>dicii</span> <span class='ocrx_word' id='word_1_942' title='bbox 2286 1599 2399 1627; x_wconf 79' lang='lat' dir='ltr'>Ricardi</span> 
     </span>
     <span class='ocr_line' id='line_1_121' title="bbox 1346 1628 2394 1674; baseline 0.009 -17"><span class='ocrx_word' id='word_1_943' title='bbox 1346 1636 1374 1657; x_wconf 84' lang='lat' dir='ltr'>m</span> <span class='ocrx_word' id='word_1_944' title='bbox 1389 1628 1506 1662; x_wconf 82' lang='lat' dir='ltr'>Stabulo</span> <span class='ocrx_word' id='word_1_945' title='bbox 1521 1629 1635 1667; x_wconf 83' lang='lat' dir='ltr'>nostro,</span> <span class='ocrx_word' id='word_1_946' title='bbox 1652 1631 1680 1659; x_wconf 90' lang='lat' dir='ltr'>in</span> <span class='ocrx_word' id='word_1_947' title='bbox 1697 1638 1755 1659; x_wconf 82' lang='lat' dir='ltr'>tam</span> <span class='ocrx_word' id='word_1_948' title='bbox 1769 1631 1868 1666; x_wconf 86' lang='lat' dir='ltr'>amplis</span> <span class='ocrx_word' id='word_1_949' title='bbox 1885 1630 1973 1661; x_wconf 90' lang='lat' dir='ltr'>modo</span> <span class='ocrx_word' id='word_1_950' title='bbox 1987 1631 2020 1662; x_wconf 90' lang='lat'>&amp;</span> <span class='ocrx_word' id='word_1_951' title='bbox 2034 1632 2130 1663; x_wconf 74' lang='lat' dir='ltr'>forma</span> <span class='ocrx_word' id='word_1_952' title='bbox 2138 1642 2221 1670; x_wconf 84' lang='lat' dir='ltr'>prout</span> <span class='ocrx_word' id='word_1_953' title='bbox 2233 1635 2279 1665; x_wconf 87' lang='lat' dir='ltr'>alii</span> <span class='ocrx_word' id='word_1_954' title='bbox 2288 1635 2394 1674; x_wconf 78' lang='lat' dir='ltr'>Magni</span> 
     </span>
     <span class='ocr_line' id='line_1_122' title="bbox 1347 1665 2035 1703; baseline 0.006 -8"><span class='ocrx_word' id='word_1_955' title='bbox 1347 1665 1421 1703; x_wconf 88' lang='lat' dir='ltr'>Equi</span> <span class='ocrx_word' id='word_1_956' title='bbox 1437 1665 1522 1696; x_wconf 89' lang='lat' dir='ltr'>nostri</span> <span class='ocrx_word' id='word_1_957' title='bbox 1539 1668 1659 1698; x_wconf 83' lang='lat' dir='ltr'>habeant</span> <span class='ocrx_word' id='word_1_958' title='bbox 1674 1677 1709 1698; x_wconf 82' lang='lat' dir='ltr'>ex</span> <span class='ocrx_word' id='word_1_959' title='bbox 1727 1667 1907 1699; x_wconf 86' lang='lat' dir='ltr'>Allocatione</span> <span class='ocrx_word' id='word_1_960' title='bbox 1922 1668 2035 1700; x_wconf 68' lang='lat' dir='ltr'>nostrat</span> 
     </span>
    </p>

    <p class='ocr_par' dir='ltr' id='par_1_33' title="bbox 1387 1703 1886 1743">
     <span class='ocr_line' id='line_1_123' title="bbox 1387 1703 1886 1743; baseline 0.008 -9"><span class='ocrx_word' id='word_1_961' title='bbox 1387 1703 1434 1734; x_wconf 87' lang='lat' dir='ltr'>Eo</span> <span class='ocrx_word' id='word_1_962' title='bbox 1447 1705 1525 1742; x_wconf 74' lang='lat' dir='ltr'>quod</span> <span class='ocrx_word' id='word_1_963' title='bbox 1538 1705 1662 1743; x_wconf 85' lang='lat' dir='ltr'>expressa</span> <span class='ocrx_word' id='word_1_964' title='bbox 1683 1707 1810 1743; x_wconf 83' lang='lat' dir='ltr'>mentio,</span> <span class='ocrx_word' id='word_1_965' title='bbox 1825 1707 1886 1738; x_wconf 76' lang='lat' dir='ltr'>&amp;c-</span> 
     </span>
    </p>
   </div>
   <div class='ocr_carea' id='block_1_25' title="bbox 1378 1779 2236 1900">
    <p class='ocr_par' dir='ltr' id='par_1_34' title="bbox 1378 1779 2236 1900">
     <span class='ocr_line' id='line_1_124' title="bbox 1379 1779 1656 1820; baseline 0.007 -11"><span class='ocrx_word' id='word_1_966' title='bbox 1379 1779 1412 1810; x_wconf 91' lang='lat' dir='ltr'>In</span> <span class='ocrx_word' id='word_1_967' title='bbox 1427 1780 1506 1818; x_wconf 85' lang='lat' dir='ltr'>cujus</span> <span class='ocrx_word' id='word_1_968' title='bbox 1520 1783 1571 1820; x_wconf 81' lang='lat' dir='ltr'>rei,</span> <span class='ocrx_word' id='word_1_969' title='bbox 1594 1783 1656 1814; x_wconf 84' lang='lat' dir='ltr'>&amp;c.</span> 
     </span>
     <span class='ocr_line' id='line_1_125' title="bbox 1378 1855 2236 1900; baseline 0.006 -13"><span class='ocrx_word' id='word_1_970' title='bbox 1378 1855 1467 1888; x_wconf 89' lang='lat' dir='ltr'>Teste</span> <span class='ocrx_word' id='word_1_971' title='bbox 1484 1856 1568 1897; x_wconf 87' lang='lat' dir='ltr'>Rege</span> <span class='ocrx_word' id='word_1_972' title='bbox 1579 1858 1653 1899; x_wconf 89' lang='lat' dir='ltr'>apud</span> <span class='ocrx_word' id='word_1_973' title='bbox 1668 1857 1947 1898; x_wconf 67' lang='lat' dir='ltr'>westmonasterium,</span> <span class='ocrx_word' id='word_1_974' title='bbox 1968 1858 2085 1891; x_wconf 87' lang='lat' dir='ltr'>decimo</span> <span class='ocrx_word' id='word_1_975' title='bbox 2100 1859 2147 1891; x_wconf 88' lang='lat' dir='ltr'>die</span> <span class='ocrx_word' id='word_1_976' title='bbox 2158 1861 2236 1900; x_wconf 75' lang='lat' dir='ltr'>julii.</span> 
     </span>
    </p>
   </div>
   <div class='ocr_carea' id='block_1_26' title="bbox 1912 1941 2366 1981">
    <p class='ocr_par' dir='ltr' id='par_1_35' title="bbox 1912 1941 2366 1981">
     <span class='ocr_line' id='line_1_126' title="bbox 1912 1941 2366 1981; baseline 0.009 -13"><span class='ocrx_word' id='word_1_977' title='bbox 1912 1941 1965 1969; x_wconf 86' lang='lat' dir='ltr'>Per</span> <span class='ocrx_word' id='word_1_978' title='bbox 1980 1943 2073 1971; x_wconf 76' lang='lat' dir='ltr'>Breve</span> <span class='ocrx_word' id='word_1_979' title='bbox 2087 1942 2118 1971; x_wconf 83' lang='lat' dir='ltr'>de</span> <span class='ocrx_word' id='word_1_980' title='bbox 2134 1944 2252 1973; x_wconf 78' lang='lat' dir='ltr'>Privato</span> <span class='ocrx_word' id='word_1_981' title='bbox 2266 1943 2366 1981; x_wconf 62' lang='lat' dir='ltr'>Sigillm</span> 
     </span>
    </p>
   </div>
   <div class='ocr_carea' id='block_1_27' title="bbox 1445 2082 2294 2136">
    <p class='ocr_par' dir='ltr' id='par_1_36' title="bbox 1445 2082 2294 2136">
     <span class='ocr_line' id='line_1_127' title="bbox 1445 2082 2294 2136; baseline 0.009 -20"><span class='ocrx_word' id='word_1_982' title='bbox 1445 2082 1473 2110; x_wconf 46' lang='grc' dir='ltr'><strong>ἕ</strong></span> <span class='ocrx_word' id='word_1_983' title='bbox 1501 2085 1548 2117; x_wconf 87' lang='lat' dir='ltr'>De</span> <span class='ocrx_word' id='word_1_984' title='bbox 1573 2083 1744 2128; x_wconf 73' lang='lat' dir='ltr'>Conccffione</span> <span class='ocrx_word' id='word_1_985' title='bbox 1767 2085 2004 2132; x_wconf 73' lang='lat' dir='ltr'>Praeftntationis</span> <span class='ocrx_word' id='word_1_986' title='bbox 2032 2089 2169 2136; x_wconf 80' lang='lat' dir='ltr'>Epiftopo</span> <span class='ocrx_word' id='word_1_987' title='bbox 2200 2094 2294 2126; x_wconf 78' lang='lat' dir='ltr'>Exon.</span> 
     </span>
    </p>
   </div>
   <div class='ocr_carea' id='block_1_28' title="bbox 1347 2287 2409 2860">
    <p class='ocr_par' dir='ltr' id='par_1_37' title="bbox 1347 2287 2406 2367">
     <span class='ocr_line' id='line_1_128' title="bbox 1347 2287 2406 2333; baseline 0.008 -15"><span class='ocrx_word' id='word_1_988' title='bbox 1347 2287 1413 2333; x_wconf 76' lang='lat' dir='ltr'>tali,</span> <span class='ocrx_word' id='word_1_989' title='bbox 1435 2290 1491 2320; x_wconf 90' lang='lat' dir='ltr'>five</span> <span class='ocrx_word' id='word_1_990' title='bbox 1515 2290 1559 2320; x_wconf 87' lang='grc'><strong>3111</strong></span> <span class='ocrx_word' id='word_1_991' title='bbox 1582 2292 1740 2330; x_wconf 89' lang='lat' dir='ltr'>cuicunque</span> <span class='ocrx_word' id='word_1_992' title='bbox 1765 2292 1794 2322; x_wconf 86' lang='lat' dir='ltr'>in</span> <span class='ocrx_word' id='word_1_993' title='bbox 1812 2291 1867 2323; x_wconf 87' lang='lat' dir='ltr'>hac</span> <span class='ocrx_word' id='word_1_994' title='bbox 1885 2300 1963 2330; x_wconf 83' lang='lat' dir='ltr'>parte</span> <span class='ocrx_word' id='word_1_995' title='bbox 1989 2292 2203 2326; x_wconf 86' lang='lat' dir='ltr'>Authoritatem</span> <span class='ocrx_word' id='word_1_996' title='bbox 2221 2295 2336 2326; x_wconf 85' lang='lat' dir='ltr'>habenti</span> <span class='ocrx_word' id='word_1_997' title='bbox 2360 2296 2406 2327; x_wconf 87' lang='lat' dir='ltr'>seu</span> 
     </span>
     <span class='ocr_line' id='line_1_129' title="bbox 1347 2327 1648 2367; baseline 0.013 -10"><span class='ocrx_word' id='word_1_998' title='bbox 1347 2327 1495 2367; x_wconf 76' lang='lat' dir='ltr'>habituro,</span> <span class='ocrx_word' id='word_1_999' title='bbox 1512 2328 1648 2361; x_wconf 86' lang='lat' dir='ltr'>Salutem.</span> 
     </span>
    </p>

    <p class='ocr_par' dir='ltr' id='par_1_38' title="bbox 1348 2366 2408 2488">
     <span class='ocr_line' id='line_1_130' title="bbox 1385 2366 2406 2403; baseline 0.007 -7"><span class='ocrx_word' id='word_1_1000' title='bbox 1385 2366 1432 2397; x_wconf 91' lang='lat' dir='ltr'>Ad</span> <span class='ocrx_word' id='word_1_1001' title='bbox 1449 2366 1615 2399; x_wconf 70' lang='lat' dir='ltr'>Re&amp;onam</span> <span class='ocrx_word' id='word_1_1002' title='bbox 1630 2369 1664 2401; x_wconf 91' lang='lat'>&amp;</span> <span class='ocrx_word' id='word_1_1003' title='bbox 1680 2367 1838 2399; x_wconf 85' lang='lat' dir='ltr'>Ecclesiam</span> <span class='ocrx_word' id='word_1_1004' title='bbox 1855 2367 2050 2400; x_wconf 73' lang='lat' dir='ltr'>parochialem</span> <span class='ocrx_word' id='word_1_1005' title='bbox 2067 2369 2103 2401; x_wconf 89' lang='lat' dir='ltr'>de</span> <span class='ocrx_word' id='word_1_1006' title='bbox 2117 2369 2258 2402; x_wconf 83' lang='lat' dir='ltr'>Exmister</span> <span class='ocrx_word' id='word_1_1007' title='bbox 2271 2370 2334 2403; x_wconf 61' lang='lat' dir='ltr'>alifis</span> <span class='ocrx_word' id='word_1_1008' title='bbox 2349 2371 2406 2402; x_wconf 83' lang='lat' dir='ltr'>Ex-</span> 
     </span>
     <span class='ocr_line' id='line_1_131' title="bbox 1348 2404 2407 2448; baseline 0.007 -13"><span class='ocrx_word' id='word_1_1009' title='bbox 1348 2404 1466 2436; x_wconf 87' lang='lat' dir='ltr'>minster</span> <span class='ocrx_word' id='word_1_1010' title='bbox 1478 2406 1549 2438; x_wconf 86' lang='lat' dir='ltr'>infra</span> <span class='ocrx_word' id='word_1_1011' title='bbox 1568 2406 1731 2438; x_wconf 85' lang='lat' dir='ltr'>Dioecefim</span> <span class='ocrx_word' id='word_1_1012' title='bbox 1742 2406 1930 2438; x_wconf 77' lang='lat' dir='ltr'>Exonieniem</span> <span class='ocrx_word' id='word_1_1013' title='bbox 1942 2409 2003 2447; x_wconf 86' lang='lat' dir='ltr'>jam</span> <span class='ocrx_word' id='word_1_1014' title='bbox 2017 2416 2165 2440; x_wconf 86' lang='lat' dir='ltr'>vacantem</span> <span class='ocrx_word' id='word_1_1015' title='bbox 2175 2411 2265 2448; x_wconf 84' lang='lat' dir='ltr'>,&amp;ad</span> <span class='ocrx_word' id='word_1_1016' title='bbox 2281 2411 2407 2442; x_wconf 82' lang='lat' dir='ltr'>nostram</span> 
     </span>
     <span class='ocr_line' id='line_1_132' title="bbox 1352 2444 2408 2488; baseline 0.005 -13"><span class='ocrx_word' id='word_1_1017' title='bbox 1352 2444 1601 2476; x_wconf 74' lang='lat' dir='ltr'>Praelentationem</span> <span class='ocrx_word' id='word_1_1018' title='bbox 1624 2446 1680 2476; x_wconf 90' lang='lat' dir='ltr'>five</span> <span class='ocrx_word' id='word_1_1019' title='bbox 1696 2444 1780 2482; x_wconf 86' lang='lat' dir='ltr'>pleno</span> <span class='ocrx_word' id='word_1_1020' title='bbox 1791 2445 1859 2483; x_wconf 89' lang='lat' dir='ltr'>Jure</span> <span class='ocrx_word' id='word_1_1021' title='bbox 1875 2445 1932 2477; x_wconf 82' lang='lat' dir='ltr'>sive</span> <span class='ocrx_word' id='word_1_1022' title='bbox 1958 2456 2008 2483; x_wconf 92' lang='lat' dir='ltr'>per</span> <span class='ocrx_word' id='word_1_1023' title='bbox 2030 2447 2134 2485; x_wconf 85' lang='lat' dir='ltr'>lapsum</span> <span class='ocrx_word' id='word_1_1024' title='bbox 2151 2450 2284 2488; x_wconf 87' lang='lat' dir='ltr'>temporis</span> <span class='ocrx_word' id='word_1_1025' title='bbox 2299 2457 2345 2480; x_wconf 90' lang='lat' dir='ltr'>aut</span> <span class='ocrx_word' id='word_1_1026' title='bbox 2359 2450 2408 2480; x_wconf 86' lang='lat' dir='ltr'>ali-</span> 
     </span>
    </p>

    <p class='ocr_par' dir='ltr' id='par_1_39' title="bbox 1349 2483 2409 2599">
     <span class='ocr_line' id='line_1_133' title="bbox 1371 2483 2409 2523; baseline 0.005 -10"><span class='ocrx_word' id='word_1_1027' title='bbox 1371 2493 1409 2514; x_wconf 94' lang='lat' dir='ltr'>uo</span> <span class='ocrx_word' id='word_1_1028' title='bbox 1424 2483 1478 2513; x_wconf 91' lang='lat' dir='ltr'>alio</span> <span class='ocrx_word' id='word_1_1029' title='bbox 1493 2484 1583 2514; x_wconf 90' lang='lat' dir='ltr'>modo</span> <span class='ocrx_word' id='word_1_1030' title='bbox 1599 2493 1770 2523; x_wconf 89' lang='lat' dir='ltr'>quocunque</span> <span class='ocrx_word' id='word_1_1031' title='bbox 1794 2483 1984 2522; x_wconf 63' lang='lat' dir='ltr'>spectantem,</span> <span class='ocrx_word' id='word_1_1032' title='bbox 2009 2484 2217 2517; x_wconf 85' lang='lat' dir='ltr'>Reverendum</span> <span class='ocrx_word' id='word_1_1033' title='bbox 2240 2489 2271 2517; x_wconf 88' lang='lat' dir='ltr'>in</span> <span class='ocrx_word' id='word_1_1034' title='bbox 2292 2487 2409 2518; x_wconf 87' lang='lat' dir='ltr'>Christo</span> 
     </span>
     <span class='ocr_line' id='line_1_134' title="bbox 1349 2493 2408 2564; baseline 0.004 -12"><span class='ocrx_word' id='word_1_1035' title='bbox 1349 2493 1485 2560; x_wconf 45' lang='lat' dir='ltr'>gamem,</span> <span class='ocrx_word' id='word_1_1036' title='bbox 1503 2522 1695 2561; x_wconf 80' lang='lat' dir='ltr'>Valentinum,</span> <span class='ocrx_word' id='word_1_1037' title='bbox 1714 2521 1904 2552; x_wconf 83' lang='lat' dir='ltr'>Permiffione</span> <span class='ocrx_word' id='word_1_1038' title='bbox 1919 2522 2044 2562; x_wconf 65' lang='lat' dir='ltr'>Divina,</span> <span class='ocrx_word' id='word_1_1039' title='bbox 2062 2526 2156 2555; x_wconf 84' lang='lat' dir='ltr'>Exon.</span> <span class='ocrx_word' id='word_1_1040' title='bbox 2180 2525 2335 2564; x_wconf 74' lang='lat' dir='ltr'>Eptstopum</span> <span class='ocrx_word' id='word_1_1041' title='bbox 2354 2537 2408 2558; x_wconf 87' lang='lat' dir='ltr'>vo-</span> 
     </span>
     <span class='ocr_line' id='line_1_135' title="bbox 1351 2560 1990 2599; baseline -0.002 -6"><span class='ocrx_word' id='word_1_1042' title='bbox 1351 2561 1411 2598; x_wconf 88' lang='lat' dir='ltr'>bis,</span> <span class='ocrx_word' id='word_1_1043' title='bbox 1428 2560 1612 2592; x_wconf 83' lang='lat' dir='ltr'>Praesentium</span> <span class='ocrx_word' id='word_1_1044' title='bbox 1629 2561 1766 2599; x_wconf 88' lang='lat' dir='ltr'>Tenore,</span> <span class='ocrx_word' id='word_1_1045' title='bbox 1785 2561 1990 2597; x_wconf 80' lang='lat' dir='ltr'>praesentamus.</span> 
     </span>
    </p>

    <p class='ocr_par' dir='ltr' id='par_1_40' title="bbox 1349 2597 2409 2860">
     <span class='ocr_line' id='line_1_136' title="bbox 1390 2597 2409 2641; baseline 0.004 -12"><span class='ocrx_word' id='word_1_1046' title='bbox 1390 2597 1559 2630; x_wconf 89' lang='lat' dir='ltr'>Mandantes</span> <span class='ocrx_word' id='word_1_1047' title='bbox 1575 2600 1617 2630; x_wconf 89' lang='lat' dir='ltr'>uti</span> <span class='ocrx_word' id='word_1_1048' title='bbox 1631 2599 1753 2630; x_wconf 89' lang='lat' dir='ltr'>eundem</span> <span class='ocrx_word' id='word_1_1049' title='bbox 1779 2598 1954 2629; x_wconf 85' lang='lat' dir='ltr'>Valentinum</span> <span class='ocrx_word' id='word_1_1050' title='bbox 1978 2602 2068 2630; x_wconf 89' lang='lat' dir='ltr'>Exon.</span> <span class='ocrx_word' id='word_1_1051' title='bbox 2092 2600 2247 2641; x_wconf 79' lang='lat' dir='ltr'>Epifiopum</span> <span class='ocrx_word' id='word_1_1052' title='bbox 2261 2602 2295 2633; x_wconf 87' lang='lat' dir='ltr'>ad</span> <span class='ocrx_word' id='word_1_1053' title='bbox 2310 2603 2409 2640; x_wconf 66' lang='lat' dir='ltr'>praefa-</span> 
     </span>
     <span class='ocr_line' id='line_1_137' title="bbox 1351 2636 2409 2671; baseline 0.003 -3"><span class='ocrx_word' id='word_1_1054' title='bbox 1351 2645 1410 2668; x_wconf 87' lang='lat' dir='ltr'>tam</span> <span class='ocrx_word' id='word_1_1055' title='bbox 1429 2637 1598 2668; x_wconf 72' lang='lat' dir='ltr'>Rectoriarn</span> <span class='ocrx_word' id='word_1_1056' title='bbox 1611 2639 1644 2669; x_wconf 90' lang='lat'>&amp;</span> <span class='ocrx_word' id='word_1_1057' title='bbox 1661 2636 1809 2669; x_wconf 85' lang='lat' dir='ltr'>Eccefiam</span> <span class='ocrx_word' id='word_1_1058' title='bbox 1826 2637 2020 2669; x_wconf 85' lang='lat' dir='ltr'>Parochialem</span> <span class='ocrx_word' id='word_1_1059' title='bbox 2043 2639 2078 2669; x_wconf 92' lang='lat' dir='ltr'>de</span> <span class='ocrx_word' id='word_1_1060' title='bbox 2102 2640 2241 2670; x_wconf 85' lang='lat' dir='ltr'>Exmister</span> <span class='ocrx_word' id='word_1_1061' title='bbox 2267 2641 2331 2670; x_wconf 78' lang='lat' dir='ltr'>alias</span> <span class='ocrx_word' id='word_1_1062' title='bbox 2350 2641 2409 2671; x_wconf 80' lang='lat' dir='ltr'>Ex-</span> 
     </span>
     <span class='ocr_line' id='line_1_138' title="bbox 1351 2674 2406 2714; baseline 0.004 -9"><span class='ocrx_word' id='word_1_1063' title='bbox 1351 2674 1465 2705; x_wconf 87' lang='lat' dir='ltr'>minster</span> <span class='ocrx_word' id='word_1_1064' title='bbox 1478 2676 1641 2713; x_wconf 79' lang='lat' dir='ltr'>admittere,</span> <span class='ocrx_word' id='word_1_1065' title='bbox 1657 2676 1802 2713; x_wconf 89' lang='lat' dir='ltr'>ipsumque</span> <span class='ocrx_word' id='word_1_1066' title='bbox 1817 2674 1976 2706; x_wconf 64' lang='lat' dir='ltr'>Rectorem</span> <span class='ocrx_word' id='word_1_1067' title='bbox 1990 2676 2111 2714; x_wconf 83' lang='lat' dir='ltr'>ejusdem</span> <span class='ocrx_word' id='word_1_1068' title='bbox 2121 2687 2154 2707; x_wconf 91' lang='lat' dir='ltr'>ac</span> <span class='ocrx_word' id='word_1_1069' title='bbox 2172 2678 2207 2708; x_wconf 89' lang='lat' dir='ltr'>de</span> <span class='ocrx_word' id='word_1_1070' title='bbox 2222 2679 2254 2708; x_wconf 74' lang='grc' dir='ltr'>δε</span> <span class='ocrx_word' id='word_1_1071' title='bbox 2269 2680 2297 2707; x_wconf 85' lang='grc'>111</span> <span class='ocrx_word' id='word_1_1072' title='bbox 2306 2679 2406 2709; x_wconf 87' lang='lat' dir='ltr'>eadem</span> 
     </span>
     <span class='ocr_line' id='line_1_139' title="bbox 1349 2711 2406 2754; baseline -0.002 -10"><span class='ocrx_word' id='word_1_1073' title='bbox 1349 2712 1492 2745; x_wconf 85' lang='lat' dir='ltr'>instituere</span> <span class='ocrx_word' id='word_1_1074' title='bbox 1508 2715 1644 2744; x_wconf 85' lang='lat' dir='ltr'>canonice</span> <span class='ocrx_word' id='word_1_1075' title='bbox 1657 2716 1691 2746; x_wconf 90' lang='lat'>&amp;</span> <span class='ocrx_word' id='word_1_1076' title='bbox 1705 2711 1854 2750; x_wconf 81' lang='lat' dir='ltr'>investire,</span> <span class='ocrx_word' id='word_1_1077' title='bbox 1872 2723 1940 2743; x_wconf 88' lang='lat' dir='ltr'>cum</span> <span class='ocrx_word' id='word_1_1078' title='bbox 1954 2715 2090 2744; x_wconf 88' lang='lat' dir='ltr'>omnibus</span> <span class='ocrx_word' id='word_1_1079' title='bbox 2106 2715 2158 2745; x_wconf 78' lang='lat' dir='ltr'>suis</span> <span class='ocrx_word' id='word_1_1080' title='bbox 2174 2715 2289 2754; x_wconf 82' lang='lat' dir='ltr'>Juribus</span> <span class='ocrx_word' id='word_1_1081' title='bbox 2306 2717 2406 2748; x_wconf 75' lang='lat' dir='ltr'>Mem-</span> 
     </span>
     <span class='ocr_line' id='line_1_140' title="bbox 1350 2751 2407 2791; baseline 0.005 -10"><span class='ocrx_word' id='word_1_1082' title='bbox 1350 2752 1407 2782; x_wconf 88' lang='lat' dir='ltr'>bris</span> <span class='ocrx_word' id='word_1_1083' title='bbox 1421 2752 1454 2782; x_wconf 90' lang='lat'>&amp;</span> <span class='ocrx_word' id='word_1_1084' title='bbox 1471 2752 1646 2782; x_wconf 88' lang='lat' dir='ltr'>Pertinentiis</span> <span class='ocrx_word' id='word_1_1085' title='bbox 1670 2751 1803 2782; x_wconf 76' lang='lat' dir='ltr'>universis</span> <span class='ocrx_word' id='word_1_1086' title='bbox 1810 2772 1821 2788; x_wconf 86' lang='lat'>,</span> <span class='ocrx_word' id='word_1_1087' title='bbox 1846 2759 2003 2790; x_wconf 84' lang='lat' dir='ltr'>caeteraque</span> <span class='ocrx_word' id='word_1_1088' title='bbox 2026 2753 2124 2783; x_wconf 87' lang='lat' dir='ltr'>omnia</span> <span class='ocrx_word' id='word_1_1089' title='bbox 2139 2753 2171 2783; x_wconf 90' lang='lat'>&amp;</span> <span class='ocrx_word' id='word_1_1090' title='bbox 2193 2754 2298 2791; x_wconf 81' lang='lat' dir='ltr'>singula</span> <span class='ocrx_word' id='word_1_1091' title='bbox 2313 2756 2407 2786; x_wconf 85' lang='lat' dir='ltr'>facere</span> 
     </span>
     <span class='ocr_line' id='line_1_141' title="bbox 1351 2788 2406 2834; baseline 0.003 -13"><span class='ocrx_word' id='word_1_1092' title='bbox 1351 2799 1482 2829; x_wconf 82' lang='lat' dir='ltr'>peragere</span> <span class='ocrx_word' id='word_1_1093' title='bbox 1495 2791 1529 2821; x_wconf 89' lang='lat'>&amp;</span> <span class='ocrx_word' id='word_1_1094' title='bbox 1545 2790 1710 2834; x_wconf 75' lang='lat' dir='ltr'>perimplere</span> <span class='ocrx_word' id='word_1_1095' title='bbox 1725 2799 1790 2828; x_wconf 81' lang='lat' dir='ltr'>quae</span> <span class='ocrx_word' id='word_1_1096' title='bbox 1804 2788 1898 2819; x_wconf 84' lang='lat' dir='ltr'>vestro</span> <span class='ocrx_word' id='word_1_1097' title='bbox 1913 2791 1942 2820; x_wconf 92' lang='lat' dir='ltr'>in</span> <span class='ocrx_word' id='word_1_1098' title='bbox 1966 2791 2019 2821; x_wconf 88' lang='lat' dir='ltr'>hac</span> <span class='ocrx_word' id='word_1_1099' title='bbox 2034 2800 2110 2830; x_wconf 83' lang='lat' dir='ltr'>parte</span> <span class='ocrx_word' id='word_1_1100' title='bbox 2133 2792 2304 2824; x_wconf 86' lang='lat' dir='ltr'>incumbunt</span> <span class='ocrx_word' id='word_1_1101' title='bbox 2327 2793 2406 2823; x_wconf 81' lang='lat' dir='ltr'>Offi-</span> 
     </span>
     <span class='ocr_line' id='line_1_142' title="bbox 1353 2826 2034 2860; baseline 0 -1"><span class='ocrx_word' id='word_1_1102' title='bbox 1353 2830 1401 2859; x_wconf 91' lang='lat' dir='ltr'>cio</span> <span class='ocrx_word' id='word_1_1103' title='bbox 1418 2828 1554 2860; x_wconf 85' lang='lat' dir='ltr'>Pastorali</span> <span class='ocrx_word' id='word_1_1104' title='bbox 1571 2829 1662 2860; x_wconf 77' lang='lat' dir='ltr'>velitis</span> <span class='ocrx_word' id='word_1_1105' title='bbox 1678 2838 1747 2860; x_wconf 90' lang='lat' dir='ltr'>cum</span> <span class='ocrx_word' id='word_1_1106' title='bbox 1762 2826 1859 2857; x_wconf 84' lang='lat' dir='ltr'>favore</span> <span class='ocrx_word' id='word_1_1107' title='bbox 1873 2828 1906 2859; x_wconf 89' lang='lat'>&amp;</span> <span class='ocrx_word' id='word_1_1108' title='bbox 1919 2827 2034 2859; x_wconf 68' lang='lat' dir='ltr'>effectu.</span> 
     </span>
    </p>
   </div>
   <div class='ocr_carea' id='block_1_29' title="bbox 1389 2903 1680 2945">
    <p class='ocr_par' dir='ltr' id='par_1_41' title="bbox 1389 2903 1680 2945">
     <span class='ocr_line' id='line_1_143' title="bbox 1389 2903 1680 2945; baseline 0 -11"><span class='ocrx_word' id='word_1_1109' title='bbox 1389 2903 1424 2935; x_wconf 91' lang='lat' dir='ltr'>In</span> <span class='ocrx_word' id='word_1_1110' title='bbox 1439 2905 1517 2943; x_wconf 81' lang='lat' dir='ltr'>cujus</span> <span class='ocrx_word' id='word_1_1111' title='bbox 1534 2906 1592 2945; x_wconf 86' lang='lat' dir='ltr'>rei,</span> <span class='ocrx_word' id='word_1_1112' title='bbox 1618 2904 1680 2936; x_wconf 88' lang='lat' dir='ltr'>&amp;c.</span> 
     </span>
    </p>
   </div>
   <div class='ocr_carea' id='block_1_30' title="bbox 1385 2982 2368 3101">
    <p class='ocr_par' dir='ltr' id='par_1_42' title="bbox 1385 2982 2368 3101">
     <span class='ocr_line' id='line_1_144' title="bbox 1385 2982 2343 3026; baseline 0.002 -10"><span class='ocrx_word' id='word_1_1113' title='bbox 1385 2984 1473 3016; x_wconf 87' lang='lat' dir='ltr'>Teste</span> <span class='ocrx_word' id='word_1_1114' title='bbox 1488 2984 1571 3026; x_wconf 83' lang='lat' dir='ltr'>Rege</span> <span class='ocrx_word' id='word_1_1115' title='bbox 1587 2984 1660 3025; x_wconf 85' lang='lat' dir='ltr'>apud</span> <span class='ocrx_word' id='word_1_1116' title='bbox 1678 2982 1937 3025; x_wconf 72' lang='lat' dir='ltr'>Wstmonasterinm</span> <span class='ocrx_word' id='word_1_1117' title='bbox 1948 3007 1958 3022; x_wconf 88' lang='lat'>‚</span> <span class='ocrx_word' id='word_1_1118' title='bbox 1973 2984 2088 3015; x_wconf 87' lang='lat' dir='ltr'>decimo</span> <span class='ocrx_word' id='word_1_1119' title='bbox 2104 2986 2185 3016; x_wconf 88' lang='lat' dir='ltr'>tertio</span> <span class='ocrx_word' id='word_1_1120' title='bbox 2201 2983 2248 3016; x_wconf 86' lang='lat' dir='ltr'>die</span> <span class='ocrx_word' id='word_1_1121' title='bbox 2261 2985 2343 3026; x_wconf 85' lang='lat' dir='ltr'>Julii,</span> 
     </span>
     <span class='ocr_line' id='line_1_145' title="bbox 1899 3060 2368 3101; baseline 0.011 -13"><span class='ocrx_word' id='word_1_1122' title='bbox 1899 3062 1952 3089; x_wconf 89' lang='lat' dir='ltr'>Per</span> <span class='ocrx_word' id='word_1_1123' title='bbox 1970 3063 2061 3090; x_wconf 84' lang='lat' dir='ltr'>Breve</span> <span class='ocrx_word' id='word_1_1124' title='bbox 2078 3060 2111 3090; x_wconf 85' lang='lat' dir='ltr'>de</span> <span class='ocrx_word' id='word_1_1125' title='bbox 2130 3063 2250 3092; x_wconf 85' lang='lat' dir='ltr'>Privato</span> <span class='ocrx_word' id='word_1_1126' title='bbox 2267 3062 2368 3101; x_wconf 81' lang='lat' dir='ltr'>Sigillo.</span> 
     </span>
    </p>
   </div>
   <div class='ocr_carea' id='block_1_31' title="bbox 1350 3218 2400 3305">
    <p class='ocr_par' dir='ltr' id='par_1_43' title="bbox 1350 3218 2400 3305">
     <span class='ocr_line' id='line_1_146' title="bbox 1350 3218 2400 3261; baseline 0.001 -4"><span class='ocrx_word' id='word_1_1127' title='bbox 1350 3221 1581 3257; x_wconf 82' lang='lat' dir='ltr'>Proclamation</span> <span class='ocrx_word' id='word_1_1128' title='bbox 1611 3218 1766 3255; x_wconf 86' lang='lat' dir='ltr'>touchant</span> <span class='ocrx_word' id='word_1_1129' title='bbox 1797 3222 1838 3256; x_wconf 87' lang='lat' dir='ltr'>les</span> <span class='ocrx_word' id='word_1_1130' title='bbox 1870 3220 2032 3256; x_wconf 64' lang='lat' dir='ltr'>Batimens</span> <span class='ocrx_word' id='word_1_1131' title='bbox 2067 3221 2141 3256; x_wconf 88' lang='lat' dir='ltr'>dans</span> <span class='ocrx_word' id='word_1_1132' title='bbox 2166 3226 2199 3256; x_wconf 71' lang='grc' dir='ltr'>δε</span> <span class='ocrx_word' id='word_1_1133' title='bbox 2223 3233 2338 3258; x_wconf 85' lang='lat' dir='ltr'>autour</span> <span class='ocrx_word' id='word_1_1134' title='bbox 2362 3222 2400 3261; x_wconf 82' lang='lat' dir='ltr'>de</span> 
     </span>
     <span class='ocr_line' id='line_1_147' title="bbox 1694 3269 2072 3305; baseline 0.003 -3"><span class='ocrx_word' id='word_1_1135' title='bbox 1694 3269 1719 3302; x_wconf 83' lang='lat' dir='ltr'>la</span> <span class='ocrx_word' id='word_1_1136' title='bbox 1743 3269 1830 3305; x_wconf 89' lang='lat' dir='ltr'>Ville</span> <span class='ocrx_word' id='word_1_1137' title='bbox 1855 3269 1894 3303; x_wconf 87' lang='lat' dir='ltr'>de</span> <span class='ocrx_word' id='word_1_1138' title='bbox 1919 3269 2072 3304; x_wconf 86' lang='lat' dir='ltr'>Londres.</span> 
     </span>
    </p>
   </div>
   <div class='ocr_carea' id='block_1_32' title="bbox 1344 3353 2411 3660">
    <p class='ocr_par' dir='ltr' id='par_1_44' title="bbox 1344 3353 2411 3616">
     <span class='ocr_line' id='line_1_148' title="bbox 1352 3353 2405 3418; baseline 0 -33"><span class='ocrx_word' id='word_1_1139' title='bbox 1352 3356 1544 3418; x_wconf 85' lang='lat' dir='ltr'>D&#39;Autant</span> <span class='ocrx_word' id='word_1_1140' title='bbox 1560 3365 1610 3395; x_wconf 83' lang='lat' dir='ltr'>que</span> <span class='ocrx_word' id='word_1_1141' title='bbox 1630 3365 1709 3393; x_wconf 81' lang='lat' dir='ltr'>nous,</span> <span class='ocrx_word' id='word_1_1142' title='bbox 1724 3363 1778 3393; x_wconf 84' lang='lat' dir='ltr'>par</span> <span class='ocrx_word' id='word_1_1143' title='bbox 1798 3354 1927 3394; x_wconf 70' lang='lat' dir='ltr'>plufieurf</span> <span class='ocrx_word' id='word_1_1144' title='bbox 1943 3354 1975 3383; x_wconf 85' lang='lat' dir='ltr'>de</span> <span class='ocrx_word' id='word_1_1145' title='bbox 1998 3365 2043 3384; x_wconf 76' lang='lat' dir='ltr'>nos</span> <span class='ocrx_word' id='word_1_1146' title='bbox 2068 3353 2287 3386; x_wconf 82' lang='lat' dir='ltr'>Proclamatiom</span> <span class='ocrx_word' id='word_1_1147' title='bbox 2309 3355 2405 3386; x_wconf 80' lang='lat' dir='ltr'>roiales</span> 
     </span>
     <span class='ocr_line' id='line_1_149' title="bbox 1438 3392 2411 3433; baseline 0.001 -11"><span class='ocrx_word' id='word_1_1148' title='bbox 1438 3404 1527 3424; x_wconf 83' lang='lat' dir='ltr'>encore</span> <span class='ocrx_word' id='word_1_1149' title='bbox 1542 3404 1574 3422; x_wconf 86' lang='lat' dir='ltr'>en</span> <span class='ocrx_word' id='word_1_1150' title='bbox 1590 3396 1714 3431; x_wconf 78' lang='lat' dir='ltr'>vigueur,</span> <span class='ocrx_word' id='word_1_1151' title='bbox 1723 3404 1812 3422; x_wconf 75' lang='lat' dir='ltr'>avons</span> <span class='ocrx_word' id='word_1_1152' title='bbox 1826 3397 1848 3422; x_wconf 84' lang='lat' dir='ltr'>ci</span> <span class='ocrx_word' id='word_1_1153' title='bbox 1856 3393 1962 3422; x_wconf 84' lang='lat' dir='ltr'>devant</span> <span class='ocrx_word' id='word_1_1154' title='bbox 1969 3392 2063 3431; x_wconf 64' lang='lat' dir='ltr'>publia</span> <span class='ocrx_word' id='word_1_1155' title='bbox 2070 3402 2146 3422; x_wconf 85' lang='lat' dir='ltr'>notre</span> <span class='ocrx_word' id='word_1_1156' title='bbox 2155 3393 2310 3433; x_wconf 69' lang='lat' dir='ltr'>bon-plaisir</span> <span class='ocrx_word' id='word_1_1157' title='bbox 2318 3394 2411 3433; x_wconf 74' lang='lat' dir='ltr'>fimde‘</span> 
     </span>
     <span class='ocr_line' id='line_1_150' title="bbox 1344 3429 2408 3472; baseline 0.002 -11"><span class='ocrx_word' id='word_1_1158' title='bbox 1344 3434 1397 3472; x_wconf 61' lang='lat' dir='ltr'>fior</span> <span class='ocrx_word' id='word_1_1159' title='bbox 1410 3433 1455 3462; x_wconf 84' lang='lat' dir='ltr'>des</span> <span class='ocrx_word' id='word_1_1160' title='bbox 1470 3430 1572 3472; x_wconf 53' lang='lat' dir='ltr'>rasjfhns</span> <span class='ocrx_word' id='word_1_1161' title='bbox 1580 3431 1663 3469; x_wconf 77' lang='lat' dir='ltr'>justes</span> <span class='ocrx_word' id='word_1_1162' title='bbox 1677 3431 1714 3465; x_wconf 69' lang='grc' dir='ltr'>ὠ·</span> <span class='ocrx_word' id='word_1_1163' title='bbox 1729 3438 1920 3469; x_wconf 68' lang='lat' dir='ltr'>imponantes,</span> <span class='ocrx_word' id='word_1_1164' title='bbox 1939 3440 2104 3461; x_wconf 75' lang='lat' dir='ltr'>concernunt</span> <span class='ocrx_word' id='word_1_1165' title='bbox 2119 3431 2143 3460; x_wconf 88' lang='lat' dir='ltr'>le</span> <span class='ocrx_word' id='word_1_1166' title='bbox 2153 3429 2262 3470; x_wconf 73' lang='lat' dir='ltr'>public,</span> <span class='ocrx_word' id='word_1_1167' title='bbox 2271 3439 2335 3462; x_wconf 81' lang='lat' dir='ltr'>tant</span> <span class='ocrx_word' id='word_1_1168' title='bbox 2339 3443 2408 3472; x_wconf 81' lang='lat' dir='ltr'>pour</span> 
     </span>
     <span class='ocr_line' id='line_1_151' title="bbox 1353 3468 2408 3510; baseline -0.002 -10"><span class='ocrx_word' id='word_1_1169' title='bbox 1353 3471 1486 3509; x_wconf 58' lang='lat' dir='ltr'>empbcher</span> <span class='ocrx_word' id='word_1_1170' title='bbox 1502 3470 1580 3510; x_wconf 79' lang='lat' dir='ltr'>qu&#39;on</span> <span class='ocrx_word' id='word_1_1171' title='bbox 1597 3480 1628 3498; x_wconf 82' lang='lat' dir='ltr'>ne</span> <span class='ocrx_word' id='word_1_1172' title='bbox 1644 3468 1719 3498; x_wconf 68' lang='grc' dir='ltr'>6·άίἰί</span> <span class='ocrx_word' id='word_1_1173' title='bbox 1728 3468 1778 3508; x_wconf 77' lang='lat' dir='ltr'>Jur</span> <span class='ocrx_word' id='word_1_1174' title='bbox 1792 3470 1822 3498; x_wconf 83' lang='lat' dir='ltr'>de</span> <span class='ocrx_word' id='word_1_1175' title='bbox 1838 3480 1983 3499; x_wconf 82' lang='lat' dir='ltr'>nouveaux</span> <span class='ocrx_word' id='word_1_1176' title='bbox 1990 3468 2154 3508; x_wconf 74' lang='lat' dir='ltr'>fondemem·</span> <span class='ocrx_word' id='word_1_1177' title='bbox 2167 3470 2235 3498; x_wconf 76' lang='lat' dir='ltr'>dant</span> <span class='ocrx_word' id='word_1_1178' title='bbox 2256 3470 2294 3505; x_wconf 67' lang='lat' dir='ltr'>&lt;ly</span> <span class='ocrx_word' id='word_1_1179' title='bbox 2332 3472 2408 3501; x_wconf 73' lang='lat' dir='ltr'>roche</span> 
     </span>
     <span class='ocr_line' id='line_1_152' title="bbox 1352 3480 2411 3548; baseline -0.001 -9"><span class='ocrx_word' id='word_1_1180' title='bbox 1352 3511 1384 3539; x_wconf 94' lang='lat' dir='ltr'>de</span> <span class='ocrx_word' id='word_1_1181' title='bbox 1399 3517 1477 3539; x_wconf 83' lang='lat' dir='ltr'>notre</span> <span class='ocrx_word' id='word_1_1182' title='bbox 1493 3507 1561 3538; x_wconf 83' lang='lat' dir='ltr'>Ville</span> <span class='ocrx_word' id='word_1_1183' title='bbox 1573 3507 1604 3536; x_wconf 81' lang='lat' dir='ltr'>de</span> <span class='ocrx_word' id='word_1_1184' title='bbox 1614 3509 1809 3547; x_wconf 74' lang='lat' dir='ltr'>Londre52que</span> <span class='ocrx_word' id='word_1_1185' title='bbox 1813 3517 1879 3547; x_wconf 87' lang='lat' dir='ltr'>pour</span> <span class='ocrx_word' id='word_1_1186' title='bbox 1882 3506 2011 3548; x_wconf 78' lang='lat' dir='ltr'>prestrire</span> <span class='ocrx_word' id='word_1_1187' title='bbox 2025 3507 2064 3536; x_wconf 85' lang='lat' dir='ltr'>les</span> <span class='ocrx_word' id='word_1_1188' title='bbox 2082 3510 2238 3538; x_wconf 83' lang='lat' dir='ltr'>materiaux</span> <span class='ocrx_word' id='word_1_1189' title='bbox 2250 3509 2288 3543; x_wconf 61' lang='grc' dir='ltr'>ᾤ’</span> <span class='ocrx_word' id='word_1_1190' title='bbox 2304 3480 2334 3539; x_wconf 66' lang='lat' dir='ltr'>fa</span> <span class='ocrx_word' id='word_1_1191' title='bbox 2349 3521 2411 3538; x_wconf 84' lang='lat' dir='ltr'>ma-</span> 
     </span>
     <span class='ocr_line' id='line_1_153' title="bbox 1354 3545 2411 3587; baseline -0.001 -9"><span class='ocrx_word' id='word_1_1192' title='bbox 1354 3552 1427 3579; x_wconf 74' lang='lat' dir='ltr'>mere</span> <span class='ocrx_word' id='word_1_1193' title='bbox 1443 3548 1486 3587; x_wconf 78' lang='lat' dir='ltr'>d’y</span> <span class='ocrx_word' id='word_1_1194' title='bbox 1500 3546 1590 3582; x_wconf 51' lang='lat' dir='ltr'>heinr,</span> <span class='ocrx_word' id='word_1_1195' title='bbox 1599 3545 1636 3580; x_wconf 56' lang='grc' dir='ltr'>ἐν</span> <span class='ocrx_word' id='word_1_1196' title='bbox 1648 3545 1775 3585; x_wconf 80' lang='lat' dir='ltr'>plufieurs</span> <span class='ocrx_word' id='word_1_1197' title='bbox 1789 3553 1882 3576; x_wconf 82' lang='lat' dir='ltr'>autres</span> <span class='ocrx_word' id='word_1_1198' title='bbox 1897 3545 1983 3584; x_wconf 70' lang='lat' dir='ltr'>choses</span> <span class='ocrx_word' id='word_1_1199' title='bbox 1991 3547 2175 3576; x_wconf 67' lang='lat' dir='ltr'>mentionnees</span> <span class='ocrx_word' id='word_1_1200' title='bbox 2183 3547 2252 3577; x_wconf 77' lang='lat' dir='ltr'>dans</span> <span class='ocrx_word' id='word_1_1201' title='bbox 2268 3557 2305 3576; x_wconf 84' lang='lat' dir='ltr'>ces</span> <span class='ocrx_word' id='word_1_1202' title='bbox 2314 3547 2411 3578; x_wconf 63' lang='lat' dir='ltr'>min-ces</span> 
     </span>
     <span class='ocr_line' id='line_1_154' title="bbox 1356 3585 1581 3616; baseline -0.018 0"><span class='ocrx_word' id='word_1_1203' title='bbox 1356 3585 1581 3616; x_wconf 73' lang='lat' dir='ltr'>Proclamations.</span> 
     </span>
    </p>

    <p class='ocr_par' dir='ltr' id='par_1_45' title="bbox 1395 3619 2409 3660">
     <span class='ocr_line' id='line_1_155' title="bbox 1395 3619 2409 3660; baseline -0.001 -8"><span class='ocrx_word' id='word_1_1204' title='bbox 1395 3626 1439 3652; x_wconf 85' lang='lat' dir='ltr'>Et</span> <span class='ocrx_word' id='word_1_1205' title='bbox 1453 3623 1471 3652; x_wconf 75' lang='grc' dir='ltr'><em>ὰ</em></span> <span class='ocrx_word' id='word_1_1206' title='bbox 1485 3634 1511 3651; x_wconf 86' lang='lat' dir='ltr'>ce</span> <span class='ocrx_word' id='word_1_1207' title='bbox 1524 3620 1606 3651; x_wconf 68' lang='lat' dir='ltr'>meme</span> <span class='ocrx_word' id='word_1_1208' title='bbox 1621 3620 1717 3659; x_wconf 79' lang='lat' dir='ltr'>deffiin</span> <span class='ocrx_word' id='word_1_1209' title='bbox 1736 3631 1800 3651; x_wconf 83' lang='lat' dir='ltr'>nous</span> <span class='ocrx_word' id='word_1_1210' title='bbox 1807 3631 1894 3651; x_wconf 82' lang='lat' dir='ltr'>avons</span> <span class='ocrx_word' id='word_1_1211' title='bbox 1900 3619 1964 3659; x_wconf 85' lang='lat' dir='ltr'>fait</span> <span class='ocrx_word' id='word_1_1212' title='bbox 1968 3621 2056 3660; x_wconf 80' lang='lat' dir='ltr'>paffir</span> <span class='ocrx_word' id='word_1_1213' title='bbox 2063 3621 2127 3660; x_wconf 68' lang='lat' dir='ltr'>fiius</span> <span class='ocrx_word' id='word_1_1214' title='bbox 2143 3628 2220 3650; x_wconf 82' lang='lat' dir='ltr'>notre</span> <span class='ocrx_word' id='word_1_1215' title='bbox 2231 3623 2324 3660; x_wconf 77' lang='lat' dir='ltr'>grand</span> <span class='ocrx_word' id='word_1_1216' title='bbox 2327 3625 2409 3653; x_wconf 79' lang='lat' dir='ltr'>Sceau</span> 
     </span>
    </p>
   </div>
   <div class='ocr_carea' id='block_1_33' title="bbox 2433 247 2557 286">
    <p class='ocr_par' dir='ltr' id='par_1_46' title="bbox 2433 247 2557 286">
     <span class='ocr_line' id='line_1_156' title="bbox 2433 247 2557 286; baseline -0.024 -1"><span class='ocrx_word' id='word_1_1217' title='bbox 2433 253 2508 285; x_wconf 89' lang='lat' dir='ltr'>Ann.</span> <span class='ocrx_word' id='word_1_1218' title='bbox 2520 247 2557 286; x_wconf 65' lang='lat' dir='ltr'>D:</span> 
     </span>
    </p>
   </div>
   <div class='ocr_carea' id='block_1_34' title="bbox 1396 293 2557 373">
    <p class='ocr_par' dir='ltr' id='par_1_47' title="bbox 1396 293 2557 373">
     <span class='ocr_line' id='line_1_157' title="bbox 1396 293 2557 373; baseline 0.012 -22"><span class='ocrx_word' id='word_1_1219' title='bbox 1396 321 1436 349; x_wconf 81' lang='lat' dir='ltr'>Et</span> <span class='ocrx_word' id='word_1_1220' title='bbox 1449 331 1513 360; x_wconf 83' lang='lat' dir='ltr'>pour</span> <span class='ocrx_word' id='word_1_1221' title='bbox 1525 327 1644 361; x_wconf 81' lang='lat' dir='ltr'>expedier</span> <span class='ocrx_word' id='word_1_1222' title='bbox 1655 327 1718 364; x_wconf 80' lang='lat' dir='ltr'>plus</span> <span class='ocrx_word' id='word_1_1223' title='bbox 1728 335 1905 364; x_wconf 83' lang='lat' dir='ltr'>promtement</span> <span class='ocrx_word' id='word_1_1224' title='bbox 1918 327 1958 363; x_wconf 60' lang='grc' dir='ltr'>(θ’</span> <span class='ocrx_word' id='word_1_1225' title='bbox 1967 328 2031 368; x_wconf 77' lang='lat' dir='ltr'>plus</span> <span class='ocrx_word' id='word_1_1226' title='bbox 2051 331 2252 362; x_wconf 64' lang='lat' dir='ltr'>commodement</span> <span class='ocrx_word' id='word_1_1227' title='bbox 2274 342 2339 362; x_wconf 83' lang='lat' dir='ltr'>ceux</span> <span class='ocrx_word' id='word_1_1228' title='bbox 2360 330 2405 373; x_wconf 74' lang='lat' dir='ltr'>qui</span> <span class='ocrx_word' id='word_1_1229' title='bbox 2432 293 2557 370; x_wconf 42' lang='grc' dir='ltr'>ῑῖἓῖ-οῐᾰ</span> 
     </span>
    </p>
   </div>
   <div class='ocr_carea' id='block_1_35' title="bbox 2425 2086 2557 2155">
    <p class='ocr_par' dir='ltr' id='par_1_48' title="bbox 2425 2086 2557 2155">
     <span class='ocr_line' id='line_1_158' title="bbox 2425 2086 2557 2116; baseline 0.023 -3"><span class='ocrx_word' id='word_1_1230' title='bbox 2425 2086 2439 2103; x_wconf 72' lang='lat'><em>⁶</em></span> <span class='ocrx_word' id='word_1_1231' title='bbox 2459 2087 2557 2116; x_wconf 36' lang='lat' dir='ltr'>XVII,</span> 
     </span>
     <span class='ocr_line' id='line_1_159' title="bbox 2449 2125 2516 2155; baseline 0.045 -3"><span class='ocrx_word' id='word_1_1232' title='bbox 2449 2125 2516 2155; x_wconf 75' lang='lat'><strong>608·</strong></span> 
     </span>
    </p>
   </div>
   <div class='ocr_carea' id='block_1_36' title="bbox 1346 2171 2557 2297">
    <p class='ocr_par' dir='ltr' id='par_1_49' title="bbox 1346 2171 2557 2297">
     <span class='ocr_line' id='line_1_160' title="bbox 1348 2171 2555 2228; baseline 0.007 -25"><span class='ocrx_word' id='word_1_1233' title='bbox 1348 2171 1476 2228; x_wconf 82' lang='lat' dir='ltr'>REX</span> <span class='ocrx_word' id='word_1_1234' title='bbox 1487 2173 1743 2221; x_wconf 37' lang='lat' dir='ltr'>&#39;Rsseverendiffirno</span> <span class='ocrx_word' id='word_1_1235' title='bbox 1762 2176 1790 2206; x_wconf 90' lang='lat' dir='ltr'>in</span> <span class='ocrx_word' id='word_1_1236' title='bbox 1810 2175 1931 2223; x_wconf 79' lang='lat' dir='ltr'>Christo</span> <span class='ocrx_word' id='word_1_1237' title='bbox 1955 2176 2059 2222; x_wconf 45' lang='lat' dir='ltr'>Patri,</span> <span class='ocrx_word' id='word_1_1238' title='bbox 2072 2180 2198 2224; x_wconf 76' lang='lat' dir='ltr'>Georgio,</span> <span class='ocrx_word' id='word_1_1239' title='bbox 2223 2179 2406 2224; x_wconf 68' lang='lat' dir='ltr'>Providentia</span> <span class='ocrx_word' id='word_1_1240' title='bbox 2428 2189 2555 2222; x_wconf 45' lang='grc' dir='ltr'>ΛΜΗ),</span> 
     </span>
     <span class='ocr_line' id='line_1_161' title="bbox 1346 2210 2532 2285; baseline 0.005 -43"><span class='ocrx_word' id='word_1_1241' title='bbox 1346 2210 1548 2280; x_wconf 55' lang='grc' dir='ltr'>ΜωΙέιζίῃει,</span> <span class='ocrx_word' id='word_1_1242' title='bbox 1566 2213 1990 2284; x_wconf 50' lang='grc' dir='ltr'>ΑνεβιῗρῇςοροΑἶῗηιᾳξνῧῃβ</span> <span class='ocrx_word' id='word_1_1243' title='bbox 2006 2224 2091 2260; x_wconf 78' lang='lat' dir='ltr'>tonus</span> <span class='ocrx_word' id='word_1_1244' title='bbox 2101 2218 2219 2285; x_wconf 45' lang='lat' dir='ltr'>§angliae</span> <span class='ocrx_word' id='word_1_1245' title='bbox 2236 2218 2357 2263; x_wconf 40' lang='lat' dir='ltr'>&#39;Primati</span> <span class='ocrx_word' id='word_1_1246' title='bbox 2372 2219 2408 2280; x_wconf 55' lang='lat' dir='ltr'>&amp;c</span> <span class='ocrx_word' id='word_1_1247' title='bbox 2450 2230 2532 2275; x_wconf 37' lang='lat'>1-624,</span> 
     </span>
     <span class='ocr_line' id='line_1_162' title="bbox 1447 2256 2557 2297; baseline 0.006 -16"><span class='ocrx_word' id='word_1_1248' title='bbox 1447 2260 1466 2288; x_wconf 90' lang='lat' dir='ltr'>p</span> <span class='ocrx_word' id='word_1_1249' title='bbox 1496 2260 1590 2291; x_wconf 73' lang='lat' dir='ltr'>nano,</span> <span class='ocrx_word' id='word_1_1250' title='bbox 1609 2262 1653 2290; x_wconf 71' lang='lat' dir='ltr'>eju</span> <span class='ocrx_word' id='word_1_1251' title='bbox 1667 2262 1701 2283; x_wconf 91' lang='lat' dir='ltr'>ve</span> <span class='ocrx_word' id='word_1_1252' title='bbox 1717 2262 1746 2282; x_wconf 86' lang='lat' dir='ltr'>m</span> <span class='ocrx_word' id='word_1_1253' title='bbox 1826 2261 1904 2284; x_wconf 79' lang='lat' dir='ltr'>entia</span> <span class='ocrx_word' id='word_1_1254' title='bbox 1951 2263 2036 2284; x_wconf 81' lang='lat' dir='ltr'>lcarlo</span> <span class='ocrx_word' id='word_1_1255' title='bbox 2053 2264 2082 2284; x_wconf 89' lang='lat' dir='ltr'>m</span> <span class='ocrx_word' id='word_1_1256' title='bbox 2123 2256 2295 2293; x_wconf 76' lang='lat' dir='ltr'>pirituahbus</span> <span class='ocrx_word' id='word_1_1257' title='bbox 2308 2256 2392 2287; x_wconf 89' lang='lat' dir='ltr'>Gene</span> <span class='ocrx_word' id='word_1_1258' title='bbox 2428 2267 2557 2297; x_wconf 36' lang='lat' dir='ltr'>mama,</span> 
     </span>
    </p>
   </div>
   <div class='ocr_carea' id='block_1_37' title="bbox 258 3656 2414 4115">
    <p class='ocr_par' dir='ltr' id='par_1_50' title="bbox 258 3656 2414 4115">
     <span class='ocr_line' id='line_1_163' title="bbox 261 3656 2414 3700; baseline -0 -9"><span class='ocrx_word' id='word_1_1259' title='bbox 261 3661 392 3691; x_wconf 86' lang='lat' dir='ltr'>miffions</span> <span class='ocrx_word' id='word_1_1260' title='bbox 404 3659 492 3689; x_wconf 84' lang='lat' dir='ltr'>under</span> <span class='ocrx_word' id='word_1_1261' title='bbox 508 3667 559 3688; x_wconf 92' lang='lat' dir='ltr'>our</span> <span class='ocrx_word' id='word_1_1262' title='bbox 574 3657 681 3688; x_wconf 88' lang='lat' dir='ltr'>Greate</span> <span class='ocrx_word' id='word_1_1263' title='bbox 695 3657 774 3688; x_wconf 87' lang='lat' dir='ltr'>Seale</span> <span class='ocrx_word' id='word_1_1264' title='bbox 789 3657 825 3687; x_wconf 92' lang='lat' dir='ltr'>of</span> <span class='ocrx_word' id='word_1_1265' title='bbox 834 3656 964 3692; x_wconf 83' lang='lat' dir='ltr'>England</span> <span class='ocrx_word' id='word_1_1266' title='bbox 981 3667 1051 3688; x_wconf 83' lang='lat' dir='ltr'>unto</span> <span class='ocrx_word' id='word_1_1267' title='bbox 1070 3657 1189 3698; x_wconf 82' lang='lat' dir='ltr'>sundrye</span> <span class='ocrx_word' id='word_1_1268' title='bbox 1209 3660 1246 3689; x_wconf 93' lang='lat' dir='ltr'>of</span> <span class='ocrx_word' id='word_1_1269' title='bbox 1256 3662 1307 3691; x_wconf 86' lang='lat' dir='ltr'>the</span> <span class='ocrx_word' id='word_1_1270' title='bbox 1355 3661 1548 3697; x_wconf 74' lang='lat' dir='ltr'>d’Angleterre</span> <span class='ocrx_word' id='word_1_1271' title='bbox 1555 3657 1681 3698; x_wconf 78' lang='lat' dir='ltr'>plufieurs</span> <span class='ocrx_word' id='word_1_1272' title='bbox 1698 3659 1887 3697; x_wconf 75' lang='lat' dir='ltr'>Commiffiom,</span> <span class='ocrx_word' id='word_1_1273' title='bbox 1906 3659 1923 3688; x_wconf 74' lang='grc' dir='ltr'><em>ά</em></span> <span class='ocrx_word' id='word_1_1274' title='bbox 1937 3660 2028 3688; x_wconf 79' lang='lat' dir='ltr'>divers</span> <span class='ocrx_word' id='word_1_1275' title='bbox 2053 3660 2141 3688; x_wconf 81' lang='lat' dir='ltr'>Lords</span> <span class='ocrx_word' id='word_1_1276' title='bbox 2157 3660 2189 3688; x_wconf 87' lang='lat' dir='ltr'>de</span> <span class='ocrx_word' id='word_1_1277' title='bbox 2210 3669 2286 3691; x_wconf 79' lang='lat' dir='ltr'>notre</span> <span class='ocrx_word' id='word_1_1278' title='bbox 2307 3661 2414 3700; x_wconf 60' lang='lat' dir='ltr'>conset!</span> 
     </span>
     <span class='ocr_line' id='line_1_164' title="bbox 260 3695 2409 3739; baseline 0 -11"><span class='ocrx_word' id='word_1_1279' title='bbox 260 3699 372 3729; x_wconf 82' lang='lat' dir='ltr'>Lordes</span> <span class='ocrx_word' id='word_1_1280' title='bbox 386 3699 424 3728; x_wconf 88' lang='lat' dir='ltr'>of</span> <span class='ocrx_word' id='word_1_1281' title='bbox 434 3708 487 3728; x_wconf 89' lang='lat' dir='ltr'>our</span> <span class='ocrx_word' id='word_1_1282' title='bbox 500 3695 586 3735; x_wconf 84' lang='lat' dir='ltr'>Privy</span> <span class='ocrx_word' id='word_1_1283' title='bbox 603 3695 744 3725; x_wconf 81' lang='lat' dir='ltr'>Counccll</span> <span class='ocrx_word' id='word_1_1284' title='bbox 760 3695 814 3724; x_wconf 87' lang='lat' dir='ltr'>and</span> <span class='ocrx_word' id='word_1_1285' title='bbox 829 3695 939 3731; x_wconf 71' lang='lat' dir='ltr'>others,</span> <span class='ocrx_word' id='word_1_1286' title='bbox 960 3696 1013 3725; x_wconf 86' lang='lat' dir='ltr'>and</span> <span class='ocrx_word' id='word_1_1287' title='bbox 1030 3697 1153 3726; x_wconf 84' lang='lat' dir='ltr'>whereas</span> <span class='ocrx_word' id='word_1_1288' title='bbox 1172 3698 1219 3728; x_wconf 86' lang='lat' dir='ltr'>the</span> <span class='ocrx_word' id='word_1_1289' title='bbox 1236 3698 1310 3729; x_wconf 65' lang='lat' dir='ltr'>lame</span> <span class='ocrx_word' id='word_1_1290' title='bbox 1352 3702 1439 3739; x_wconf 72' lang='lat' dir='ltr'>prive&#39;</span> <span class='ocrx_word' id='word_1_1291' title='bbox 1451 3699 1487 3733; x_wconf 59' lang='grc' dir='ltr'><strong><em>ὠ</em></strong></span> <span class='ocrx_word' id='word_1_1292' title='bbox 1502 3698 1519 3727; x_wconf 70' lang='grc' dir='ltr'><em>ἃ</em></span> <span class='ocrx_word' id='word_1_1293' title='bbox 1536 3697 1674 3732; x_wconf 71' lang='lat' dir='ltr'>d&#39;autres5</span> <span class='ocrx_word' id='word_1_1294' title='bbox 1696 3695 1734 3731; x_wconf 61' lang='grc' dir='ltr'><strong><em>ὠ</em></strong></span> <span class='ocrx_word' id='word_1_1295' title='bbox 1750 3698 1883 3726; x_wconf 79' lang='lat' dir='ltr'>d‘autant</span> <span class='ocrx_word' id='word_1_1296' title='bbox 1895 3708 1944 3737; x_wconf 82' lang='lat' dir='ltr'>que</span> <span class='ocrx_word' id='word_1_1297' title='bbox 1959 3705 2035 3726; x_wconf 79' lang='lat' dir='ltr'>notre</span> <span class='ocrx_word' id='word_1_1298' title='bbox 2048 3697 2132 3726; x_wconf 60' lang='lat' dir='ltr'>meme</span> <span class='ocrx_word' id='word_1_1299' title='bbox 2140 3699 2303 3736; x_wconf 78' lang='lat' dir='ltr'>pre‘voiance</span> <span class='ocrx_word' id='word_1_1300' title='bbox 2325 3699 2409 3729; x_wconf 78' lang='lat' dir='ltr'>roiale</span> 
     </span>
     <span class='ocr_line' id='line_1_165' title="bbox 258 3732 2408 3777; baseline 0 -10"><span class='ocrx_word' id='word_1_1301' title='bbox 258 3747 312 3767; x_wconf 86' lang='lat' dir='ltr'>our</span> <span class='ocrx_word' id='word_1_1302' title='bbox 335 3736 440 3776; x_wconf 77' lang='lat' dir='ltr'>Royan</span> <span class='ocrx_word' id='word_1_1303' title='bbox 462 3734 656 3771; x_wconf 89' lang='lat' dir='ltr'>Providence,</span> <span class='ocrx_word' id='word_1_1304' title='bbox 681 3733 726 3764; x_wconf 87' lang='lat' dir='ltr'>for</span> <span class='ocrx_word' id='word_1_1305' title='bbox 747 3734 794 3763; x_wconf 87' lang='lat' dir='ltr'>the</span> <span class='ocrx_word' id='word_1_1306' title='bbox 808 3732 909 3763; x_wconf 88' lang='lat' dir='ltr'>Weale</span> <span class='ocrx_word' id='word_1_1307' title='bbox 925 3734 977 3763; x_wconf 87' lang='lat' dir='ltr'>and</span> <span class='ocrx_word' id='word_1_1308' title='bbox 997 3733 1119 3765; x_wconf 86' lang='lat' dir='ltr'>Honour</span> <span class='ocrx_word' id='word_1_1309' title='bbox 1133 3735 1169 3766; x_wconf 86' lang='lat' dir='ltr'>of</span> <span class='ocrx_word' id='word_1_1310' title='bbox 1184 3736 1242 3766; x_wconf 90' lang='lat' dir='ltr'>that</span> <span class='ocrx_word' id='word_1_1311' title='bbox 1257 3747 1310 3766; x_wconf 85' lang='lat' dir='ltr'>our</span> <span class='ocrx_word' id='word_1_1312' title='bbox 1353 3748 1418 3777; x_wconf 86' lang='lat' dir='ltr'>pour</span> <span class='ocrx_word' id='word_1_1313' title='bbox 1431 3737 1455 3766; x_wconf 85' lang='lat' dir='ltr'>le</span> <span class='ocrx_word' id='word_1_1314' title='bbox 1468 3736 1527 3764; x_wconf 79' lang='lat' dir='ltr'>bien</span> <span class='ocrx_word' id='word_1_1315' title='bbox 1538 3735 1627 3772; x_wconf 69' lang='lat' dir='ltr'>public</span> <span class='ocrx_word' id='word_1_1316' title='bbox 1643 3734 1680 3769; x_wconf 65' lang='lat' dir='ltr'>&lt;ly</span> <span class='ocrx_word' id='word_1_1317' title='bbox 1692 3735 1829 3764; x_wconf 76' lang='lat' dir='ltr'>l&#39;honneur</span> <span class='ocrx_word' id='word_1_1318' title='bbox 1845 3736 1876 3764; x_wconf 86' lang='lat' dir='ltr'>de</span> <span class='ocrx_word' id='word_1_1319' title='bbox 1892 3743 1968 3764; x_wconf 83' lang='lat' dir='ltr'>notre</span> <span class='ocrx_word' id='word_1_1320' title='bbox 1984 3735 2052 3764; x_wconf 73' lang='lat' dir='ltr'>lee</span> <span class='ocrx_word' id='word_1_1321' title='bbox 2067 3736 2209 3773; x_wconf 69' lang='lat' dir='ltr'>Imperiale</span> <span class='ocrx_word' id='word_1_1322' title='bbox 2230 3749 2247 3765; x_wconf 83' lang='lat' dir='ltr'>a</span> <span class='ocrx_word' id='word_1_1323' title='bbox 2251 3737 2361 3777; x_wconf 84' lang='lat' dir='ltr'>produit</span> <span class='ocrx_word' id='word_1_1324' title='bbox 2375 3738 2408 3767; x_wconf 84' lang='lat' dir='ltr'>de</span> 
     </span>
     <span class='ocr_line' id='line_1_166' title="bbox 263 3771 2410 3813; baseline -0 -8"><span class='ocrx_word' id='word_1_1325' title='bbox 263 3774 420 3812; x_wconf 85' lang='lat' dir='ltr'>Ymperiall</span> <span class='ocrx_word' id='word_1_1326' title='bbox 446 3773 542 3813; x_wconf 86' lang='lat' dir='ltr'>Cittye</span> <span class='ocrx_word' id='word_1_1327' title='bbox 561 3796 570 3810; x_wconf 86' lang='lat'>,</span> <span class='ocrx_word' id='word_1_1328' title='bbox 608 3772 675 3802; x_wconf 84' lang='lat' dir='ltr'>harh</span> <span class='ocrx_word' id='word_1_1329' title='bbox 702 3771 845 3810; x_wconf 87' lang='lat' dir='ltr'>produced</span> <span class='ocrx_word' id='word_1_1330' title='bbox 872 3773 950 3809; x_wconf 88' lang='lat' dir='ltr'>good</span> <span class='ocrx_word' id='word_1_1331' title='bbox 973 3771 1081 3802; x_wconf 65' lang='lat' dir='ltr'>Effeets</span> <span class='ocrx_word' id='word_1_1332' title='bbox 1106 3797 1115 3810; x_wconf 82' lang='lat'>,</span> <span class='ocrx_word' id='word_1_1333' title='bbox 1152 3773 1206 3804; x_wconf 89' lang='lat' dir='ltr'>and</span> <span class='ocrx_word' id='word_1_1334' title='bbox 1234 3774 1309 3804; x_wconf 89' lang='lat' dir='ltr'>most</span> <span class='ocrx_word' id='word_1_1335' title='bbox 1356 3777 1418 3806; x_wconf 79' lang='lat' dir='ltr'>huns</span> <span class='ocrx_word' id='word_1_1336' title='bbox 1433 3775 1524 3812; x_wconf 67' lang='lat' dir='ltr'>effers,</span> <span class='ocrx_word' id='word_1_1337' title='bbox 1553 3771 1590 3806; x_wconf 59' lang='grc' dir='ltr'>ό»</span> <span class='ocrx_word' id='word_1_1338' title='bbox 1613 3784 1661 3812; x_wconf 84' lang='lat' dir='ltr'>que</span> <span class='ocrx_word' id='word_1_1339' title='bbox 1684 3773 1712 3802; x_wconf 83' lang='lat' dir='ltr'>la</span> <span class='ocrx_word' id='word_1_1340' title='bbox 1731 3774 1841 3812; x_wconf 77' lang='lat' dir='ltr'>plopart</span> <span class='ocrx_word' id='word_1_1341' title='bbox 1863 3773 1905 3802; x_wconf 85' lang='lat' dir='ltr'>des</span> <span class='ocrx_word' id='word_1_1342' title='bbox 1926 3775 2086 3811; x_wconf 71' lang='lat' dir='ltr'>Personnes,</span> <span class='ocrx_word' id='word_1_1343' title='bbox 2109 3774 2352 3811; x_wconf 69' lang='lat' dir='ltr'>particulieremcnt</span> <span class='ocrx_word' id='word_1_1344' title='bbox 2372 3776 2410 3806; x_wconf 73' lang='lat' dir='ltr'>les</span> 
     </span>
     <span class='ocr_line' id='line_1_167' title="bbox 263 3809 2409 3852; baseline 0 -10"><span class='ocrx_word' id='word_1_1345' title='bbox 263 3813 359 3849; x_wconf 83' lang='lat' dir='ltr'>Men,</span> <span class='ocrx_word' id='word_1_1346' title='bbox 382 3812 507 3852; x_wconf 84' lang='lat' dir='ltr'>especiall</span> <span class='ocrx_word' id='word_1_1347' title='bbox 548 3809 665 3840; x_wconf 82' lang='lat' dir='ltr'>Persons</span> <span class='ocrx_word' id='word_1_1348' title='bbox 689 3810 725 3839; x_wconf 93' lang='lat' dir='ltr'>of</span> <span class='ocrx_word' id='word_1_1349' title='bbox 741 3809 799 3839; x_wconf 76' lang='lat' dir='ltr'>best</span> <span class='ocrx_word' id='word_1_1350' title='bbox 819 3809 921 3839; x_wconf 84' lang='lat' dir='ltr'>Ranke</span> <span class='ocrx_word' id='word_1_1351' title='bbox 940 3811 993 3841; x_wconf 84' lang='lat' dir='ltr'>and</span> <span class='ocrx_word' id='word_1_1352' title='bbox 1019 3810 1145 3849; x_wconf 82' lang='lat' dir='ltr'>Qualitie</span> <span class='ocrx_word' id='word_1_1353' title='bbox 1164 3813 1192 3841; x_wconf 85' lang='lat' dir='ltr'>in</span> <span class='ocrx_word' id='word_1_1354' title='bbox 1210 3812 1264 3841; x_wconf 89' lang='lat' dir='ltr'>and</span> <span class='ocrx_word' id='word_1_1355' title='bbox 1283 3823 1313 3842; x_wconf 82' lang='lat' dir='ltr'>a·</span> <span class='ocrx_word' id='word_1_1356' title='bbox 1357 3816 1499 3852; x_wconf 64' lang='lat' dir='ltr'>Personnes</span> <span class='ocrx_word' id='word_1_1357' title='bbox 1513 3812 1547 3840; x_wconf 89' lang='lat' dir='ltr'>du</span> <span class='ocrx_word' id='word_1_1358' title='bbox 1559 3814 1672 3849; x_wconf 83' lang='lat' dir='ltr'>premier</span> <span class='ocrx_word' id='word_1_1359' title='bbox 1686 3822 1753 3847; x_wconf 73' lang='lat' dir='ltr'>raug</span> <span class='ocrx_word' id='word_1_1360' title='bbox 1771 3811 1807 3845; x_wconf 59' lang='grc' dir='ltr'><em>ὠ</em></span> <span class='ocrx_word' id='word_1_1361' title='bbox 1824 3811 1855 3839; x_wconf 87' lang='lat' dir='ltr'>de</span> <span class='ocrx_word' id='word_1_1362' title='bbox 1873 3810 1900 3839; x_wconf 77' lang='lat' dir='ltr'>la</span> <span class='ocrx_word' id='word_1_1363' title='bbox 1919 3815 2046 3848; x_wconf 73' lang='lat' dir='ltr'>premiere</span> <span class='ocrx_word' id='word_1_1364' title='bbox 2061 3812 2170 3850; x_wconf 70' lang='lat' dir='ltr'>qtcalitc‘</span> <span class='ocrx_word' id='word_1_1365' title='bbox 2186 3813 2218 3842; x_wconf 83' lang='lat' dir='ltr'>de</span> <span class='ocrx_word' id='word_1_1366' title='bbox 2239 3821 2316 3843; x_wconf 82' lang='lat' dir='ltr'>notre</span> <span class='ocrx_word' id='word_1_1367' title='bbox 2341 3814 2409 3843; x_wconf 79' lang='lat' dir='ltr'>thle</span> 
     </span>
     <span class='ocr_line' id='line_1_168' title="bbox 264 3846 2407 3890; baseline 0 -8"><span class='ocrx_word' id='word_1_1368' title='bbox 264 3853 337 3882; x_wconf 87' lang='lat' dir='ltr'>bout</span> <span class='ocrx_word' id='word_1_1369' title='bbox 357 3850 405 3880; x_wconf 89' lang='lat' dir='ltr'>the</span> <span class='ocrx_word' id='word_1_1370' title='bbox 421 3850 476 3881; x_wconf 83' lang='lat' dir='ltr'>said</span> <span class='ocrx_word' id='word_1_1371' title='bbox 524 3851 605 3890; x_wconf 85' lang='lat' dir='ltr'>ittye‚</span> <span class='ocrx_word' id='word_1_1372' title='bbox 623 3849 694 3879; x_wconf 84' lang='lat' dir='ltr'>have</span> <span class='ocrx_word' id='word_1_1373' title='bbox 712 3847 813 3886; x_wconf 88' lang='lat' dir='ltr'>readily</span> <span class='ocrx_word' id='word_1_1374' title='bbox 832 3847 982 3878; x_wconf 79' lang='lat' dir='ltr'>lubmitted</span> <span class='ocrx_word' id='word_1_1375' title='bbox 1000 3856 1031 3879; x_wconf 92' lang='lat' dir='ltr'>to</span> <span class='ocrx_word' id='word_1_1376' title='bbox 1049 3859 1101 3879; x_wconf 88' lang='lat' dir='ltr'>our</span> <span class='ocrx_word' id='word_1_1377' title='bbox 1109 3849 1242 3890; x_wconf 84' lang='lat' dir='ltr'>Princcly</span> <span class='ocrx_word' id='word_1_1378' title='bbox 1257 3850 1313 3881; x_wconf 76' lang='lat' dir='ltr'>Di·</span> <span class='ocrx_word' id='word_1_1379' title='bbox 1356 3854 1388 3882; x_wconf 83' lang='lat' dir='ltr'>de</span> <span class='ocrx_word' id='word_1_1380' title='bbox 1411 3850 1531 3881; x_wconf 79' lang='lat' dir='ltr'>Londres</span> <span class='ocrx_word' id='word_1_1381' title='bbox 1552 3846 1589 3882; x_wconf 54' lang='grc' dir='ltr'>(θ’</span> <span class='ocrx_word' id='word_1_1382' title='bbox 1611 3849 1642 3878; x_wconf 84' lang='lat' dir='ltr'>de</span> <span class='ocrx_word' id='word_1_1383' title='bbox 1654 3847 1699 3887; x_wconf 59' lang='grc' dir='ltr'>βε</span> <span class='ocrx_word' id='word_1_1384' title='bbox 1712 3853 1837 3879; x_wconf 79' lang='lat' dir='ltr'>environs</span> <span class='ocrx_word' id='word_1_1385' title='bbox 1848 3871 1856 3886; x_wconf 89' lang='lat'>‚</span> <span class='ocrx_word' id='word_1_1386' title='bbox 1874 3848 1977 3887; x_wconf 72' lang='lat' dir='ltr'>sesont</span> <span class='ocrx_word' id='word_1_1387' title='bbox 1984 3848 2188 3889; x_wconf 70' lang='lat' dir='ltr'>fiaunusesfims</span> <span class='ocrx_word' id='word_1_1388' title='bbox 2211 3850 2308 3890; x_wconf 64' lang='lat' dir='ltr'>hesiter</span> <span class='ocrx_word' id='word_1_1389' title='bbox 2323 3852 2342 3882; x_wconf 78' lang='grc' dir='ltr'><em>ὰ</em></span> <span class='ocrx_word' id='word_1_1390' title='bbox 2359 3863 2407 3882; x_wconf 64' lang='lat' dir='ltr'>noc</span> 
     </span>
     <span class='ocr_line' id='line_1_169' title="bbox 263 3889 1472 3920; baseline -0.002 0"><span class='ocrx_word' id='word_1_1391' title='bbox 263 3889 400 3920; x_wconf 63' lang='lat' dir='ltr'>rections:</span> <span class='ocrx_word' id='word_1_1392' title='bbox 1359 3891 1472 3920; x_wconf 69' lang='lat' dir='ltr'>Ora&#39;res:</span> 
     </span>
     <span class='ocr_line' id='line_1_170' title="bbox 305 3923 2413 3964; baseline 0.001 -8"><span class='ocrx_word' id='word_1_1393' title='bbox 305 3925 512 3962; x_wconf 86' lang='lat' dir='ltr'>Nevertheles,</span> <span class='ocrx_word' id='word_1_1394' title='bbox 529 3925 646 3956; x_wconf 88' lang='lat' dir='ltr'>because</span> <span class='ocrx_word' id='word_1_1395' title='bbox 663 3923 740 3954; x_wconf 86' lang='lat' dir='ltr'>some</span> <span class='ocrx_word' id='word_1_1396' title='bbox 758 3923 851 3953; x_wconf 87' lang='lat' dir='ltr'>others</span> <span class='ocrx_word' id='word_1_1397' title='bbox 872 3924 900 3953; x_wconf 87' lang='lat' dir='ltr'>in</span> <span class='ocrx_word' id='word_1_1398' title='bbox 919 3924 972 3953; x_wconf 85' lang='lat' dir='ltr'>and</span> <span class='ocrx_word' id='word_1_1399' title='bbox 991 3924 1078 3955; x_wconf 88' lang='lat' dir='ltr'>about</span> <span class='ocrx_word' id='word_1_1400' title='bbox 1101 3923 1149 3954; x_wconf 88' lang='lat' dir='ltr'>the</span> <span class='ocrx_word' id='word_1_1401' title='bbox 1167 3925 1223 3955; x_wconf 86' lang='lat' dir='ltr'>said</span> <span class='ocrx_word' id='word_1_1402' title='bbox 1248 3925 1313 3956; x_wconf 78' lang='lat' dir='ltr'>Cit-</span> <span class='ocrx_word' id='word_1_1403' title='bbox 1395 3928 1576 3961; x_wconf 69' lang='lat' dir='ltr'>Ne‘aszmoim,</span> <span class='ocrx_word' id='word_1_1404' title='bbox 1589 3933 1667 3962; x_wconf 81' lang='lat' dir='ltr'>parce</span> <span class='ocrx_word' id='word_1_1405' title='bbox 1681 3935 1731 3964; x_wconf 78' lang='lat' dir='ltr'>que</span> <span class='ocrx_word' id='word_1_1406' title='bbox 1743 3924 1865 3963; x_wconf 76' lang='lat' dir='ltr'>quelques</span> <span class='ocrx_word' id='word_1_1407' title='bbox 1876 3932 1968 3954; x_wconf 75' lang='lat' dir='ltr'>autres</span> <span class='ocrx_word' id='word_1_1408' title='bbox 1985 3926 2129 3964; x_wconf 78' lang='lat' dir='ltr'>Perfimnes</span> <span class='ocrx_word' id='word_1_1409' title='bbox 2147 3927 2178 3955; x_wconf 81' lang='lat' dir='ltr'>de</span> <span class='ocrx_word' id='word_1_1410' title='bbox 2189 3933 2264 3958; x_wconf 80' lang='lat' dir='ltr'>notre</span> <span class='ocrx_word' id='word_1_1411' title='bbox 2272 3928 2328 3957; x_wconf 83' lang='lat' dir='ltr'>dite</span> <span class='ocrx_word' id='word_1_1412' title='bbox 2346 3928 2413 3958; x_wconf 68' lang='lat' dir='ltr'>Wlle</span> 
     </span>
     <span class='ocr_line' id='line_1_171' title="bbox 271 3961 2411 4003; baseline 0 -9"><span class='ocrx_word' id='word_1_1413' title='bbox 271 3975 283 3997; x_wconf 85' lang='lat' dir='ltr'>t</span> <span class='ocrx_word' id='word_1_1414' title='bbox 304 3975 319 3994; x_wconf 90' lang='lat' dir='ltr'>e</span> <span class='ocrx_word' id='word_1_1415' title='bbox 329 3964 402 3993; x_wconf 89' lang='lat' dir='ltr'>have</span> <span class='ocrx_word' id='word_1_1416' title='bbox 416 3963 594 3994; x_wconf 89' lang='lat' dir='ltr'>endeavored</span> <span class='ocrx_word' id='word_1_1417' title='bbox 609 3972 641 3994; x_wconf 94' lang='lat' dir='ltr'>to</span> <span class='ocrx_word' id='word_1_1418' title='bbox 654 3961 804 3993; x_wconf 82' lang='lat' dir='ltr'>withstand</span> <span class='ocrx_word' id='word_1_1419' title='bbox 817 3961 871 3991; x_wconf 87' lang='lat' dir='ltr'>and</span> <span class='ocrx_word' id='word_1_1420' title='bbox 888 3961 988 3991; x_wconf 78' lang='lat' dir='ltr'>Croffe</span> <span class='ocrx_word' id='word_1_1421' title='bbox 1002 3963 1032 3992; x_wconf 89' lang='lat' dir='ltr'>so</span> <span class='ocrx_word' id='word_1_1422' title='bbox 1050 3963 1206 3994; x_wconf 85' lang='lat' dir='ltr'>honorable</span> <span class='ocrx_word' id='word_1_1423' title='bbox 1220 3974 1235 3995; x_wconf 82' lang='lat' dir='ltr'>a</span> <span class='ocrx_word' id='word_1_1424' title='bbox 1251 3964 1311 3994; x_wconf 81' lang='lat' dir='ltr'>De-</span> <span class='ocrx_word' id='word_1_1425' title='bbox 1358 3965 1396 4001; x_wconf 52' lang='grc' dir='ltr'>(ἔγ</span> <span class='ocrx_word' id='word_1_1426' title='bbox 1411 3966 1441 3994; x_wconf 77' lang='lat' dir='ltr'>de</span> <span class='ocrx_word' id='word_1_1427' title='bbox 1454 3965 1493 4002; x_wconf 69' lang='lat' dir='ltr'>fes</span> <span class='ocrx_word' id='word_1_1428' title='bbox 1508 3966 1634 3991; x_wconf 68' lang='lat' dir='ltr'>environ:</span> <span class='ocrx_word' id='word_1_1429' title='bbox 1647 3972 1692 3992; x_wconf 80' lang='lat' dir='ltr'>ont</span> <span class='ocrx_word' id='word_1_1430' title='bbox 1706 3962 1769 4001; x_wconf 77' lang='lat' dir='ltr'>fait</span> <span class='ocrx_word' id='word_1_1431' title='bbox 1782 3965 1813 3992; x_wconf 81' lang='lat' dir='ltr'>de</span> <span class='ocrx_word' id='word_1_1432' title='bbox 1828 3962 1884 3991; x_wconf 75' lang='lat' dir='ltr'>leur</span> <span class='ocrx_word' id='word_1_1433' title='bbox 1901 3966 1987 3991; x_wconf 66' lang='lat' dir='ltr'>mieux</span> <span class='ocrx_word' id='word_1_1434' title='bbox 1999 3973 2066 4002; x_wconf 82' lang='lat' dir='ltr'>pour</span> <span class='ocrx_word' id='word_1_1435' title='bbox 2092 3964 2224 4003; x_wconf 66' lang='lat' dir='ltr'>etnpecher</span> <span class='ocrx_word' id='word_1_1436' title='bbox 2239 3965 2276 4000; x_wconf 57' lang='grc' dir='ltr'><em>ό</em></span> <span class='ocrx_word' id='word_1_1437' title='bbox 2298 3975 2411 3996; x_wconf 68' lang='lat' dir='ltr'>traver-</span> 
     </span>
     <span class='ocr_line' id='line_1_172' title="bbox 269 3975 2412 4045; baseline 0.001 -16"><span class='ocrx_word' id='word_1_1438' title='bbox 269 3975 351 4039; x_wconf 69' lang='lat' dir='ltr'>11ygn‚</span> <span class='ocrx_word' id='word_1_1439' title='bbox 367 4000 429 4030; x_wconf 92' lang='lat' dir='ltr'>We</span> <span class='ocrx_word' id='word_1_1440' title='bbox 444 4000 516 4030; x_wconf 90' lang='lat' dir='ltr'>have</span> <span class='ocrx_word' id='word_1_1441' title='bbox 532 4001 652 4040; x_wconf 82' lang='lat' dir='ltr'>thought</span> <span class='ocrx_word' id='word_1_1442' title='bbox 668 4001 710 4041; x_wconf 87' lang='lat' dir='ltr'>fyt</span> <span class='ocrx_word' id='word_1_1443' title='bbox 727 4000 865 4030; x_wconf 82' lang='lat' dir='ltr'>eftsoones</span> <span class='ocrx_word' id='word_1_1444' title='bbox 879 4008 910 4030; x_wconf 88' lang='lat' dir='ltr'>to</span> <span class='ocrx_word' id='word_1_1445' title='bbox 925 4001 1034 4036; x_wconf 78' lang='lat' dir='ltr'>publish</span> <span class='ocrx_word' id='word_1_1446' title='bbox 1055 4000 1109 4030; x_wconf 88' lang='lat' dir='ltr'>and</span> <span class='ocrx_word' id='word_1_1447' title='bbox 1131 4001 1240 4032; x_wconf 75' lang='lat' dir='ltr'>declaro</span> <span class='ocrx_word' id='word_1_1448' title='bbox 1260 4012 1314 4033; x_wconf 82' lang='lat' dir='ltr'>oui·</span> <span class='ocrx_word' id='word_1_1449' title='bbox 1352 4008 1397 4042; x_wconf 76' lang='lat' dir='ltr'>Jer</span> <span class='ocrx_word' id='word_1_1450' title='bbox 1411 4015 1447 4032; x_wconf 80' lang='lat' dir='ltr'>un</span> <span class='ocrx_word' id='word_1_1451' title='bbox 1463 4002 1484 4039; x_wconf 83' lang='grc' dir='ltr'>[ἰ</span> <span class='ocrx_word' id='word_1_1452' title='bbox 1498 4000 1611 4030; x_wconf 62' lang='lat' dir='ltr'>hannem</span> <span class='ocrx_word' id='word_1_1453' title='bbox 1626 4000 1741 4038; x_wconf 73' lang='lat' dir='ltr'>deffem,</span> <span class='ocrx_word' id='word_1_1454' title='bbox 1759 4011 1821 4030; x_wconf 75' lang='lat' dir='ltr'>nous</span> <span class='ocrx_word' id='word_1_1455' title='bbox 1839 4010 1924 4030; x_wconf 74' lang='lat' dir='ltr'>avons</span> <span class='ocrx_word' id='word_1_1456' title='bbox 1937 4004 2039 4031; x_wconf 71' lang='lat' dir='ltr'>trouve</span> <span class='ocrx_word' id='word_1_1457' title='bbox 2053 4002 2071 4031; x_wconf 74' lang='grc' dir='ltr'><em>ἃ</em></span> <span class='ocrx_word' id='word_1_1458' title='bbox 2084 4011 2176 4041; x_wconf 84' lang='lat' dir='ltr'>propos</span> <span class='ocrx_word' id='word_1_1459' title='bbox 2198 4005 2229 4034; x_wconf 87' lang='lat' dir='ltr'>de</span> <span class='ocrx_word' id='word_1_1460' title='bbox 2247 4004 2352 4045; x_wconf 72' lang='lat' dir='ltr'>publier</span> <span class='ocrx_word' id='word_1_1461' title='bbox 2374 4003 2412 4037; x_wconf 61' lang='grc' dir='ltr'>έν</span> 
     </span>
     <span class='ocr_line' id='line_1_173' title="bbox 281 4037 2414 4109; baseline -0.005 -29"><span class='ocrx_word' id='word_1_1462' title='bbox 281 4039 415 4072; x_wconf 63' lang='lat' dir='ltr'>constant</span> <span class='ocrx_word' id='word_1_1463' title='bbox 429 4037 606 4077; x_wconf 60' lang='lat' dir='ltr'>Resomtionn</span> <span class='ocrx_word' id='word_1_1464' title='bbox 640 4040 700 4070; x_wconf 54' lang='lat' dir='ltr'>that</span> <span class='ocrx_word' id='word_1_1465' title='bbox 717 4048 767 4069; x_wconf 54' lang='grc' dir='ltr'>ΟΨ</span> <span class='ocrx_word' id='word_1_1466' title='bbox 786 4037 892 4069; x_wconf 61' lang='lat' dir='ltr'>former</span> <span class='ocrx_word' id='word_1_1467' title='bbox 910 4037 1073 4070; x_wconf 53' lang='lat' dir='ltr'>Difeetions</span> <span class='ocrx_word' id='word_1_1468' title='bbox 1095 4040 1184 4077; x_wconf 70' lang='lat' dir='ltr'>given</span> <span class='ocrx_word' id='word_1_1469' title='bbox 1205 4040 1243 4079; x_wconf 76' lang='lat' dir='ltr'>by</span> <span class='ocrx_word' id='word_1_1470' title='bbox 1254 4049 1317 4109; x_wconf 51' lang='lat' dir='ltr'>§in</span> <span class='ocrx_word' id='word_1_1471' title='bbox 1357 4042 1390 4073; x_wconf 83' lang='lat' dir='ltr'>de</span> <span class='ocrx_word' id='word_1_1472' title='bbox 1411 4041 1528 4072; x_wconf 53' lang='lat' dir='ltr'>dtf&#39;clarer</span> <span class='ocrx_word' id='word_1_1473' title='bbox 1548 4039 1662 4070; x_wconf 75' lang='lat' dir='ltr'>d&#39;abord</span> <span class='ocrx_word' id='word_1_1474' title='bbox 1681 4048 1757 4070; x_wconf 82' lang='lat' dir='ltr'>notre</span> <span class='ocrx_word' id='word_1_1475' title='bbox 1779 4037 1920 4077; x_wconf 60' lang='lat' dir='ltr'>restillction</span> <span class='ocrx_word' id='word_1_1476' title='bbox 1944 4039 2099 4079; x_wconf 74' lang='lat' dir='ltr'>constante,</span> <span class='ocrx_word' id='word_1_1477' title='bbox 2118 4041 2177 4082; x_wconf 81' lang='lat' dir='ltr'>afin</span> <span class='ocrx_word' id='word_1_1478' title='bbox 2194 4053 2242 4082; x_wconf 82' lang='lat' dir='ltr'>que</span> <span class='ocrx_word' id='word_1_1479' title='bbox 2257 4053 2302 4073; x_wconf 72' lang='lat' dir='ltr'>nos</span> <span class='ocrx_word' id='word_1_1480' title='bbox 2315 4042 2414 4071; x_wconf 61' lang='lat' dir='ltr'>Ordaeec</span> 
     </span>
     <span class='ocr_line' id='line_1_174' title="bbox 1310 4084 2412 4115; baseline -0.002 -7"><span class='ocrx_word' id='word_1_1481' title='bbox 1310 4087 1327 4108; x_wconf 75' lang='lat' dir='ltr'>e</span> <span class='ocrx_word' id='word_1_1482' title='bbox 2347 4084 2412 4115; x_wconf 62' lang='lat' dir='ltr'>pre‘«</span> 
     </span>
    </p>
   </div>
  </div>
 </body>
</html>
