2557 4279
717 167 828 209 ET
910 165 1185 209 ACTA

22 262 101 295 'Anm
112 259 155 291 D.
172 260 245 298 ding
262 267 293 292 to
306 258 354 288 the
367 255 463 287 Order
483 255 522 286 of
530 256 581 287 the
597 254 682 285 Laws
704 256 738 284 of
751 264 804 284 oui·
820 252 931 284 Realm.

53 308 135 338 1593.

26 349 60 378 35
82 339 147 366 Elrz.
170 337 287 368 Persons
307 345 335 364 as
360 332 537 364 commonlie
559 331 674 361 wandet
696 330 818 361 abroade
841 332 869 360 in
895 329 951 360 and
972 339 1054 360 neere
1075 337 1128 359 our

64 382 122 414 fleg.

208 299 274 330 And
301 297 494 327 furthermore
508 317 517 332 ,
549 303 582 325 to
605 294 653 323 tlie
671 293 745 323 ende
767 293 825 322 tliat
845 291 930 322 suche
953 291 1009 321 idle
1033 290 1089 321 and
1111 298 1146 319 va
1167 295 1229 365 ἓξὲξ

171 375 207 407 of
223 373 364 410 London,
382 380 507 411 namyng
521 370 690 400 themselves
704 369 847 406 Soldiors,
865 370 936 399 maie
959 369 996 407 by
1014 368 1069 398 due
1083 365 1137 398 and
1154 364 1232 395 seve·

171 423 202 445 re
219 411 425 443 Punifhement
452 412 487 440 be
510 409 622 439 drawen
651 408 727 438 from
754 408 828 438 their
849 408 991 447 loytering
1019 406 1073 436 and
1099 402 1229 448 ungodly

171 450 279 481 Course
306 451 343 480 of
358 448 427 479 Lief
440 469 448 484 ,
473 447 534 478 We
554 447 611 477 doe
632 455 704 484 geve
724 446 774 476 full
796 446 902 476 Power
924 445 979 475 and
1006 443 1172 488 Authoritie
1198 450 1231 472 to

170 499 232 531 you
269 498 301 518 or
317 497 370 520 anv
395 487 475 517 foure
497 496 530 515 or
545 496 625 516 more
647 486 682 516 of
692 495 763 526 you,
782 484 837 513 and
853 484 914 514 We
935 483 974 513 do
991 481 1135 521 straightly
1151 480 1232 511 char-

169 537 207 565 ge
228 512 283 557 a³nd
306 523 519 562 cor'nmaunde,
537 534 610 562 you,
630 524 667 564 by
692 524 754 553 thes
773 521 914 559 Prefients,
934 529 965 550 to
987 521 1066 551 cause
1089 521 1125 550 all
1138 518 1231 563 ‘suche

168 572 308 602 vagraunt
327 564 381 594 and
404 563 460 593 idle
477 562 611 599 Persons,
627 572 655 591 as
669 561 738 592 shall
757 569 784 590 at
798 569 853 599 any
877 568 959 600 tyme
976 559 1013 588 be
1031 559 1121 604 found
1136 567 1165 602 in
1179 567 1232 587 our

167 603 225 635 said
240 602 309 644 City
329 602 365 633 of
378 602 504 633 London
519 611 552 631 or
572 601 622 631 tlie
637 599 762 630 Suburbs
777 598 818 641 ¹of
833 598 882 627 the
901 597 993 634 same,
1011 607 1045 627 or
1064 598 1168 628 Within
1182 596 1232 626 the

170 642 264 679 Space
280 641 317 671 of
332 641 437 671 Tenne
454 639 540 670 Miles
558 641 594 669 of
604 648 656 668 our
674 637 730 667 said
746 635 827 676 Citty
836 658 846 674 ,
861 644 892 666 to
911 636 949 665 be
964 635 1162 678 apprehended
1176 634 1232 678 and

171 681 257 711 taken
292 679 346 710 and
362 679 449 710 suche
462 678 516 709 and
531 678 577 708 soe
602 686 704 716 manye
719 675 754 705 of
769 674 868 712 them,
885 684 913 704 as
934 673 1005 704 have
1023 683 1075 704 not
1093 673 1232 704 suffieient

170 718 227 750 and
256 703 364 749 lawfull
393 717 551 755 Paffportes
579 715 653 745 from
677 715 726 744 tlie
753 712 885 756 Generall
910 712 999 743 under
1022 713 1143 756 wbome
1165 712 1232 751 they

170 757 222 788 last
242 757 337 788 served
352 780 361 796 ,
387 765 421 787 to
443 754 521 785 cause
543 763 574 784 to
596 754 632 783 be
655 752 776 792 severely
797 750 935 788 punished
952 751 1109 787 according
1133 759 1162 793 to
1181 750 1231 780 the

171 796 275 827 Lawes
293 795 348 826 and
370 794 491 825 Statutes
505 792 541 822 os
553 792 609 822 this
628 801 682 822 our
703 790 840 828 Realme,
856 789 912 819 and
932 799 959 819 as
977 797 1007 819 to
1021 799 1097 829 your
1111 789 1230 820 Wisdo-

167 843 229 865 mes
248 833 304 864 and
321 832 494 864 Discretions
512 830 580 861 ihall
597 830 689 860 seeme
705 838 815 873 meere..
972 866 977 872 ⁸
1200 866 1205 871 η

211 868 280 904 And
301 873 344 903 for
365 872 412 901 the
434 879 514 900 more
534 867 674 899 effecituall
697 868 860 899 Execution
882 867 920 897 of
936 866 992 896 this
1011 875 1064 896 our
1084 864 1232 909 Commis-

172 912 234 942 sion
244 934 253 950 ,
271 911 325 941 and
341 919 454 940 manner
468 908 504 938 of
514 907 691 944 proceeding
706 907 815 944 herein,
835 904 900 935 Our
922 904 981 935 will
994 904 1048 935 and
1063 903 1183 941 pleasure
1199 913 1232 941 is,

172 951 235 981 that
249 959 305 990 you
322 949 376 978 and
392 957 477 986 every
500 946 536 975 of
548 955 605 985 you
630 945 712 983 shall,
732 944 809 975 from
823 952 902 983 tyme
916 952 947 974 to
968 951 1065 984 tyme‚
1088 942 1230 1010 proceede

172 990 203 1019 in
224 988 272 1019 the
294 986 453 1017 Execution
473 985 511 1014 of
525 984 573 1015 the
595 984 671 1014 same
685 1007 696 1022 ,
721 982 883 1027 according
904 990 935 1012 to
957 982 1023 1012 such
1047 981 1092 1011 Inl
1107 982 1234 1025 ructions

171 1026 227 1057 and
245 1025 408 1056 Direfflons
429 1034 458 1054 as
477 1022 543 1053 shall
561 1023 589 1052 in
611 1023 672 1053 that
692 1021 792 1052 behalf
802 1022 838 1052 be
849 1029 934 1059 given
954 1030 1026 1050 unto
1039 1030 1097 1060 you
1112 1018 1232 1049 inWri-

40 1071 152 1099 exvl,
170 1062 341 1107 tinglunder
368 1072 421 1093 our
441 1061 528 1100 Signe
555 1060 701 1098 Manuell,
728 1063 744 1078 ¹⁸
766 1070 799 1090 or
820 1060 908 1090 under
932 1060 980 1090 the
1003 1058 1108 1088 handes
1132 1057 1167 1087 of
1181 1068 1234 1088 our

50 1120 115 1146 204.

171 1103 264 1134 Priwe
278 1100 416 1132 Counsel:
434 1100 655 1137 Commanding
669 1100 703 1129 all
720 1099 774 1130 and
792 1097 910 1137 singuler
924 1108 979 1128 our
990 1096 1109 1135 Justices
1123 1096 1234 1141 of'Pea-

170 1151 205 1172 ce
245 1139 373 1179 Majors,
394 1138 528 1177 Sherifl’s,
550 1137 718 1169 Constables
741 1137 796 1167 and
819 1137 901 1168 other
926 1136 1067 1173 Officers,
1089 1134 1235 1166 Ministers

169 1163 226 1211 anc'l
247 1178 378 1216 Subjeets
398 1178 434 1208 of
449 1178 529 1222 what
549 1177 700 1208 condition
722 1176 821 1220 soever
844 1176 913 1215 they
937 1176 993 1212 be,
1010 1175 1069 1205 that
1093 1174 1160 1211 they
1177 1174 1232 1204 and

168 1217 394 1288 sistitis?
411 1217 455 1285 1¹³?
470 1212 1234 1295 ffligegcffggnfflgfstffistgufgoffigffigssugfgffiy·

170 1295 268 1327 tendet
290 1295 353 1325 Our
374 1293 514 1334 pleasure,
535 1294 590 1324 and
606 1303 634 1324 as
649 1293 714 1333 they
739 1292 798 1324 will
820 1291 926 1323 answer
941 1300 972 1323 to
989 1292 1038 1323 the
1053 1298 1191 1322 contrarie
1204 1298 1232 1320 at

165 1335 242 1367 their
257 1332 423 1365 uttermoste
438 1332 543 1362 Parilis.

207 1373 242 1403 In
255 1373 358 1405 witnes
372 1371 503 1403 whereof
519 1368 580 1405 &c.

171 1449 324 1520 MWissnes
343 1448 408 1478 Out
429 1446 493 1478 Self
514 1455 542 1479 at
572 1446 679 1487 Wstm.
704 1447 754 1479 the
775 1446 830 1479 fixe
858 1445 913 1477 and
942 1445 1077 1477 twentith
1110 1444 1182 1485 daye
1203 1443 1241 1474 of

211 1498 256 1520 arc
279 1497 304 1518 C.
335 1512 340 1518 .

817 1564 871 1592 Per
887 1561 971 1601 ipfhm
989 1563 1128 1599 Reginam.

168 1705 263 1748 Super
294 1696 456 1735 Mercibus
483 1698 629 1746 ademptis
647 1721 657 1737 ,
688 1696 750 1742 sub
772 1707 926 1745 praetextu
950 1696 1128 1744 adjuvandi
1156 1698 1235 1744 Htsss

649 1757 753 1794 pano-5·

167 1845 334 1887 Serenifflma
351 1845 588 1887 Potentzfflmaque
596 1869 606 1884 ,
620 1846 734 1886 Angliae
743 1870 752 1887 ,
759 1848 883 1877 Francia
891 1842 929 1881 ὠ
937 1846 1080 1879 Hibernia
1088 1871 1098 1888 ,
1107 1848 1167 1885 ἀπ’.
1181 1853 1235 1881 Re-

201 1890 270 1924 gina
287 1888 407 1916 Domina
424 1884 647 1924 Clementiffima,

20 1965 150 2033 gzbl'gffl-
174 1973 383 2044 Mqustatis
399 1972 497 2012 vestrae
508 1995 518 2010 ,
539 1971 585 2003 die
600 1981 680 2003 nono
693 1972 837 2003 Februarii
854 1971 962 2003 Mensis
985 1974 1120 2010 proxime
1135 1974 1235 2054 elzpfi,

21 2043 54 2070 ba
65 2048 98 2070 D.
111 2052 153 2079 ¹3·

11 2080 64 2119 foh
88 2090 152 2117 250.

44 4001 66 4023 ‘¹‘
95 4002 178 4031 XV!-
199 4007 277 4037 liunc
299 4007 490 4043 Contractum
506 4024 575 4045 curn
602 4018 670 4053 Rege

79 4049 143 4077 205.

283 2018 318 2044 ad
335 2023 388 2043 nos
412 2012 523 2049 scriptae
546 2011 667 2048 Lsterae,
684 2014 739 2042 unii
762 2021 829 2042 cum
853 2010 1056 2042 Declaratione
1078 2014 1157 2051 Maje
1181 2019 1236 2044 atis

172 2050 271 2090 vestrae
289 2052 375 2082 Anno
393 2051 477 2089 1589.
496 2049 591 2090 Typis
606 2049 720 2088 publice
736 2050 946 2093 promulgatae,
967 2050 1027 2080 Die
1040 2050 1162 2082 demum
1178 2054 1235 2084 xxi.

171 2091 273 2121 Martii
294 2087 426 2127 Augustae
444 2088 638 2119 Vindelicorum
655 2112 665 2127 ,
684 2089 768 2118 nobis
790 2088 908 2119 redditae
923 2088 1003 2126 sunt,
1023 2099 1144 2131 quarum
1159 2091 1236 2122 sum-

171 2138 219 2159 ma
233 2129 289 2158 huc
303 2129 410 2165 tendit,
425 2130 520 2164 Regem
541 2125 741 2166 Hispaniarum
756 2126 943 2158 Sereniffimae
967 2128 1125 2168 MaJestatis
1139 2129 1237 2170 vestrae

166 2167 340 2206 jampridem
357 2165 481 2196 Hostem
504 2165 629 2203 factum,
651 2165 736 2204 idque
758 2167 810 2196 toti
833 2166 988 2208 Terrarum
1006 2168 1099 2206 Orbi,
1121 2171 1235 2206 praeser-

169 2207 222 2236 tim
240 2207 276 2236 ab
293 2205 378 2235 Anno
396 2205 479 2235 editae
491 2203 696 2236 Declarationis
710 2204 808 2244 vestrae
822 2204 982 2244 majestatis
998 2206 1114 2242 publice
1131 2216 1238 2240 notum

170 2244 270 2281 fuisse,
285 2243 406 2283 ideoque
426 2244 538 2274 incaute
555 2242 623 2274 Nos
636 2242 740 2283 egisse,
757 2251 803 2281 ut,
822 2243 980 2287 admoniti,
997 2243 1121 2291 Merces⁸
1129 2247 1238 2278 nostras

171 2293 231 2313 non
246 2282 338 2312 solum
357 2284 386 2312 in
407 2281 506 2312 hostili
530 2282 612 2313 Navi
633 2283 742 2312 onerari
765 2291 956 2313 curaverimus
964 2305 974 2321 ,
996 2293 1097 2315 verum
1113 2293 1151 2316 ita
1169 2296 1238 2316 cum

171 2320 336 2351 Hostilibus
358 2320 507 2350 Mercibus
528 2320 654 2357 ejusdem
679 2330 786 2351 naturae
811 2322 840 2351 in
856 2321 955 2350 eadem
971 2321 1182 2362 miscuerimus,
1206 2333 1238 2356 ut

172 2369 237 2398 quae
252 2369 313 2396 pars
326 2359 403 2397 grani
416 2357 523 2395 Piperis
539 2358 575 2388 ad
604 2357 740 2397 Hispanos
751 2382 759 2397 ,
775 2369 837 2397 quae
858 2359 892 2389 ad
907 2359 975 2390 alios
988 2362 1138 2397 pertineret
1154 2363 1241 2393 inter-

172 2397 251 2427 nosci
267 2407 326 2427 non
341 2396 441 2434 possit,
456 2405 570 2434 propter
584 2406 671 2436 quarn
693 2399 830 2427 unionem
848 2397 1078 2438 individuamque
1094 2401 1240 2437 permisti-

171 2446 262 2466 onem
280 2435 358 2474 Res,
379 2435 502 2473 alioquin
516 2436 617 2472 licitae,
634 2446 705 2466 cum
720 2435 1035 2474 Hostilibus,eiusdem
1053 2447 1160 2469 naturae
1168 2449 1241 2470 con-

172 2474 256 2509 fusae,
273 2475 303 2504 in
319 2473 518 2503 Commissum
536 2473 634 2504 cadere
652 2474 774 2511 soleant,
789 2484 843 2504 nec
867 2475 971 2504 nobisi
993 2484 1096 2506 notum
1119 2477 1176 2508 esse
1188 2488 1242 2515 po-

174 2513 275 2550 tuisse,
308 2513 392 2542 variis
413 2511 538 2549 Europae
562 2512 678 2550 Regum
701 2523 734 2542 ac
757 2512 927 2550 Principum
955 2513 1223 2546 Constitutionibus
1237 2540 1246 2556 ,

173 2551 336 2581 ordinatum
371 2550 445 2588 effe,
475 2551 508 2580 ad
537 2551 701 2581 evitandum
727 2550 871 2581 Bonorum
905 2551 1051 2582 hostilium
1083 2554 1242 2585 fraudulen-

173 2597 234 2621 tam
255 2589 480 2626 colorationem,
498 2590 536 2620 ne
550 2590 610 2626 quis
633 2589 690 2618 Res
708 2589 765 2619 suas
787 2591 816 2619 in
839 2589 970 2619 Navibus
998 2590 1146 2623 hostilibus
1172 2603 1243 2624 one-

173 2635 236 2665 ret,
257 2635 304 2658 aut
324 2627 440 2658 Merces
461 2627 519 2657 luas
536 2637 604 2657 cum
625 2627 774 2658 hostilibus
794 2627 922 2659 misceat:
938 2628 1030 2659 Unde
1046 2630 1156 2670 colligit
1174 2635 1243 2661 Ma-

171 2665 257 2704 jellas
281 2665 375 2705 vestra
398 2665 493 2703 Culpa
517 2665 615 2696 nostra
638 2676 689 2697 nos
710 2666 785 2697 hanc
804 2666 913 2698 Rerum
930 2667 1091 2700 nostrarum
1104 2670 1244 2708 jacturam

175 2705 275 2735 subire.

215 2743 347 2781 Quibus,
366 2742 563 2781 Responfione
584 2742 698 2782 nostra,
720 2754 781 2774 non
803 2743 941 2775 diluendis
965 2744 1086 2777 libenter
1103 2746 1244 2787 fatemur,

178 2782 199 2812 fi
214 2791 282 2812 cum
298 2781 475 2812 Commeatu
498 2782 531 2812 &
550 2782 693 2819 Apparatu
709 2781 813 2813 Bellico
829 2783 928 2814 Naves
944 2783 1005 2814 istae
1019 2795 1069 2822 per
1090 2786 1160 2816 Nos
1173 2797 1243 2817 one-

177 2828 246 2850 ratae
263 2819 395 2858 fuissent,
414 2820 495 2850 facile
511 2830 564 2850 nos
579 2820 771 2851 intellecturos
785 2821 867 2852 fuiffe
881 2823 965 2852 nobis
978 2833 1037 2853 non
1054 2824 1163 2856 licuisse
1171 2825 1241 2856 Fru-

180 2866 282 2888 mento
301 2859 334 2889 &
350 2857 549 2889 Instrumentis
562 2859 672 2890 Bellicis
693 2859 821 2890 Hostem
835 2861 985 2900 adjuvare,
1005 2863 1038 2893 ὃς
1059 2872 1160 2895 contra
1175 2867 1245 2893 Ma-

174 2895 273 2935 yestam
291 2895 411 2934 vestram
433 2907 562 2935 armare,
587 2908 655 2928 nam
678 2898 842 2930 Declaratio
861 2899 1020 2939 Majestatis
1047 2900 1145 2940 vestrae
1162 2905 1244 2933 Han-

176 2935 282 2973 [euticis
298 2935 325 2965 id
340 2935 428 2966 solum
445 2936 624 2973 prohibitum
639 2936 694 2967 esse
713 2937 822 2975 voluit,
842 2939 879 2968 ne
894 2939 1127 2970 Tormentarium
1141 2940 1245 2972 Pulve-

178 2983 260 3011 rem,
278 2973 380 3005 aliosve
397 2973 550 3013 Apparatus
566 2974 684 3006 Bellicos
696 2978 762 3014 Regi
775 2975 918 3015 Hispania
933 2977 1080 3017 deserant,
1097 2978 1141 3010 sed
1152 2980 1167 3009 ὲ
1181 2980 1244 3011 sub-

179 3011 314 3042 vehendo
331 3010 524 3049 Commeatu,
543 3014 594 3051 ὃς,
614 3015 644 3044 in
664 3015 843 3053 universum,
865 3017 945 3045 omni
960 3017 1107 3056 Apparatu,
1119 3019 1242 3057 bellico,

179 3049 306 3079 Funibus
320 3050 479 3086 canabinis,
500 3049 601 3089 Malis,
626 3052 817 3090 similibusque
838 3053 1008 3094 Mercibus,
1025 3056 1128 3094 quibus
1141 3057 1243 3088 Hostis

180 3087 229 3118 Re
251 3089 281 3118 ni
297 3088 411 3124 Angliae
427 3087 592 3118 instructior
609 3090 687 3120 reddi
701 3099 800 3129 queat,
821 3093 998 3132 abstineant3
1024 3095 1053 3123 in
1070 3097 1177 3126 caeteris
1191 3106 1242 3127 ve-

181 3131 218 3156 ro
279 3127 389 3156 ercibus
402 3148 411 3163 ,
440 3127 543 3164 quibus
563 3136 618 3158 nec
639 3127 741 3158 Hostis
762 3129 917 3160 Frumento
938 3142 993 3162 nec
1016 3133 1115 3163 Armis
1137 3134 1244 3165 bellicis

181 3173 283 3196 contra
307 3163 485 3203 Majestatem
506 3164 626 3204 vestram
644 3166 806 3206 adjuvetur,
822 3168 856 3199 ad
879 3171 921 3199 Hi
930 3174 1023 3208 paniae
1041 3172 1073 3202 ὃς
1089 3172 1244 3212 Lufitaniae

181 3203 246 3234 loca
262 3202 488 3242 transvehendis,
503 3205 650 3234 neminem
668 3205 848 3244 Majestatem
862 3218 898 3237 ve
923 3219 983 3239 ram
1004 3210 1139 3248 impedire
1154 3213 1244 3250 velle,

180 3242 227 3272 sed
245 3241 345 3272 Naves
358 3242 426 3272 tales
438 3241 521 3271 solito
537 3252 619 3273 more
639 3246 817 3275 commorari
833 3247 866 3278 &
881 3249 1047 3284 praetervehi
1061 3259 1130 3280 cum
1143 3250 1244 3282 favore

185 3281 399 3318 permissuram,
417 3280 556 3318 praedieto
575 3281 688 3319 Scripto
704 3284 821 3321 publice
839 3285 969 3317 testatum
989 3287 1075 3325 fecit,
1093 3297 1127 3318 ex
1141 3290 1244 3328 quibus

185 3319 341 3349 formaliter
356 3328 406 3356 per
423 3328 475 3348 nos
491 3319 580 3349 relatis
595 3321 704 3359 verbis,
721 3322 856 3362 Majestas
872 3325 965 3364 vestra
990 3336 1040 3363 per
1054 3326 1080 3356 se
1100 3327 1187 3365 ipsam
1202 3329 1243 3360 fa-

185 3358 240 3388 cile
255 3357 405 3395 intelligit,
423 3357 538 3388 Merces
554 3358 661 3389 nostras
686 3361 716 3390 in
737 3360 938 3393 Commissuin
956 3365 1076 3395 minime
1092 3367 1243 3406 cecidifle,

186 3397 306 3434 utpote,
333 3405 423 3434 quum
448 3406 504 3426 nec
530 3396 719 3428 Frumentum
736 3422 746 3438 ,
772 3410 826 3430 nec
849 3401 957 3440 Arma,
981 3413 1034 3434 nec
1059 3404 1169 3444 Funes,
1188 3417 1242 3437 nec

184 3434 299 3472 Malos,
319 3444 373 3465 nec
396 3433 623 3472 Commeatum,
651 3446 705 3467 nec
723 3437 812 3468 ullum
836 3440 1011 3479 Apparatum
1036 3443 1172 3474 bellicum
1187 3467 1196 3482 ,
1215 3446 1243 3474 in

183 3481 276 3510 captas
292 3472 392 3503 Naves
409 3474 520 3503 onerari
534 3473 701 3513 fecerimus,
718 3475 763 3506 sed
780 3477 885 3514 Piperis
899 3488 1000 3518 grana,
1012 3481 1045 3511 ὅ(
1060 3481 1122 3513 vasa
1139 3483 1245 3522 Macis‚

186 3510 313 3542 Canellae
334 3521 368 3542 ac
390 3510 634 3552 Cariopliylorum
652 3523 723 3544 cum
742 3516 892 3552 prohibito
920 3517 1060 3556 Apparatu
1080 3528 1127 3550 aut
1148 3521 1244 3551 Corn—

189 3558 284 3581 rneatu
299 3550 401 3580 bellico
427 3550 468 3579 nil
491 3552 646 3589 quicquam
669 3561 826 3586 commune
847 3556 969 3594 habent,
988 3558 1062 3588 unde
1083 3559 1245 3599 speramus,

188 3587 351 3627 Majestatis
369 3588 467 3627 vestrae
485 3590 616 3626 aequitate
629 3589 757 3622 futurum
772 3601 821 3631 ut,
840 3603 874 3624 ex
890 3595 1013 3634 praefatae
1036 3596 1246 3629 Declarationis

188 3626 241 3656 suis
253 3628 372 3665 propriis
386 3628 495 3666 verbis,
515 3627 584 3658 Nos
597 3629 634 3658 ab
649 3640 680 3660 ea
693 3629 784 3661 Poena
805 3633 837 3662 lit
850 3632 1069 3665 clementiffime
1082 3636 1228 3668 liberatura
1238 3661 1248 3676 ,

189 3666 298 3702 quaein
313 3676 362 3696 eos
381 3667 585 3698 tantummodo
610 3668 708 3699 statuta
731 3668 785 3702 fuit
797 3692 806 3708 ,
825 3672 875 3708 qui
899 3670 1074 3704 Commeatu
1096 3674 1195 3706 Armis
1213 3677 1246 3707 &

191 3706 334 3740 Apparatu
347 3704 452 3736 bellico
466 3708 564 3743 Regem
586 3706 730 3746 Hispaniae
747 3716 847 3739 contra
870 3709 1044 3752 Manestatem
1060 3712 1180 3753 vestram
1204 3715 1249 3744 in-

192 3739 296 3772 struere
316 3751 399 3781 atque
423 3753 529 3775 armare
550 3748 647 3776 conati
668 3746 747 3784 sunt,
772 3747 788 3776 ὲ
811 3757 865 3784 qua
887 3748 1090 3781 insimulatione
1113 3752 1199 3790 Nos,
1216 3754 1249 3784 δε

192 3777 341 3810 Mercium
354 3781 515 3813 nostrarum
535 3783 654 3823 species,
678 3785 712 3816 &
733 3785 821 3816 verba
842 3786 896 3823 ipsa
918 3786 1020 3826 Regiae
1045 3790 1251 3822 Declarationis

194 3815 262 3847 Nos
282 3817 426 3850 Immunes
439 3822 565 3860 faciunt,

235 3854 371 3897 Namque
385 3859 520 3899 Majestas
539 3859 632 3902 vestra
653 3861 847 3900 imprudentiae
861 3862 931 3893 Nos
942 3867 1051 3905 arguit,
1069 3868 1150 3907 quod
1168 3868 1251 3899 Mer-

198 3901 244 3921 ces
258 3894 362 3926 nostras
384 3897 413 3927 in
431 3898 528 3929 hostili
549 3900 631 3930 Navi
649 3902 759 3931 onerari
782 3903 993 3942 curaverimus,
1011 3915 1074 3935 eam
1097 3906 1253 3944 Objeetio-

200 3939 268 3959 nem
289 3932 327 3962 fic
345 3934 496 3977 diluimus,
513 3945 545 3968 ut
559 3937 707 3978 Majestati
721 3937 819 3978 vestrae
836 3941 866 3970 in
885 3943 1052 3973 memoriam
1069 3953 1255 3985 revocemus,

198 3967 268 3998 Nos
288 3969 419 4007 superiori
446 3975 544 4006 nostro
570 3977 687 4015 supplici
711 3978 824 4009 Libello
848 3979 868 3998 ²*
893 3979 992 4011 diserte
1011 3982 1170 4021 asseruisse,
1190 3984 1255 4014 Nos

281 4047 285 4051 ,
373 4048 378 4053 η
691 4017 850 4057 Hispauiae,
870 4017 959 4048 Anno
983 4020 1073 4059 1586,
1090 4030 1154 4052 ante
1173 4032 1257 4052 exor-

202 4053 265 4076 tum
278 4054 349 4078 inter
370 4049 462 4086 ipsum
481 4052 515 4084 ὃς
538 4053 713 4093 Majestatem
735 4055 855 4095 vestram
874 4055 983 4088 Bellum
1004 4058 1038 4090 ad
1059 4060 1105 4091 sex
1128 4061 1257 4100 integros

1267 134 1750 210 PUBL⁴ICA.·
2270 190 2349 230 119

1316 289 1359 317 Et
1376 288 1409 316 de
1417 288 1494 327 plus,
1514 288 1573 330 afin
1589 300 1640 331 que
1658 299 1697 321 ces
1709 292 1853 332 personna·
1872 297 1966 337 oisives
1990 298 2029 335 ξφ
2049 297 2222 337 vagabondes
2238 303 2285 340 qui
2299 310 2343 330 ro-

1280 325 1347 355 dent
1365 334 1465 356 autour
1483 327 1520 362 ὠ
1539 341 1598 359 aux
1617 334 1747 360 environs
1766 332 1798 360 de
1815 339 1890 363 notre
1911 339 1938 363 V
1944 337 1988 366 ille
2004 339 2035 367 a'e
2051 339 2245 377 Londres‚qui
2252 339 2284 376 se
2299 339 2344 368 di*

1270 366 1339 401 sent
1358 364 1481 403 Soldats,
1489 366 1581 404 soient
1602 371 1704 399 retirez
1719 369 1751 398 de
1767 377 1836 399 cette
1850 376 1967 403 muniere
1985 376 2016 405 de
2036 380 2120 406 vivre
2130 375 2282 415 fassncfante
2303 374 2342 411 ὠ·

1278 406 1356 440 impie
1365 411 1420 441 par
1437 404 1482 433 der
1502 405 1652 435 chdtimem
1660 406 1786 446 severa,
1796 419 1862 438 nous
1878 421 1944 439 vous
1959 414 2075 443 donnons·
2084 415 2291 454 Plcin-pouvoir
2303 415 2342 449 &¹

1278 441 1450 480 Authorite‘,
1465 453 1498 472 ou
1516 443 1535 472 d
1570 452 1649 474 uatre
1667 456 1699 474 ou
1713 445 1775 484 plus
1792 447 1897 477 d'entre
1919 460 2002 488 vous,
2018 452 2054 486 ὠ»
2072 464 2135 484 nous
2154 465 2224 484 vous
2242 453 2341 483 orden*-

1278 490 1345 509 nom
1361 477 1400 514 ὠ
1417 491 1536 510 commun
1557 493 1605 511 om·
1621 484 1828 523 expressffment,
1838 493 1891 523 par
1907 497 1946 516 ces
1961 489 2109 529 presentes,
2128 504 2178 533 que
2196 503 2266 523 vous
2275 491 2342 530 fas-a

1271 519 1333 558 fiez
1342 516 1424 557 fizifir
1442 526 1528 549 toutes
1546 520 1622 550 telles
1635 523 1778 561 personnes
1790 523 1885 562 oifives
1954 527 2142 568 vagabondes,
2166 533 2244 571 qu‘on
2266 539 2342 560 trou-

1279 568 1349 587 vera
1362 557 1431 586 dans
1450 565 1528 588 notre
1546 562 1574 587 V
1573 558 1618 588 ille
1630 561 1663 589 de
1678 562 1803 591 Lona'res
1817 573 1850 590 ou
1862 563 1932 592 daus
1940 564 1986 602 fis
2002 568 2172 607 Fauxbourgr
2185 593 2194 607 ,
2223 581 2254 600 ou
2272 570 2341 598 dam·

1277 595 1386 635 l'espace
1403 596 1436 625 de
1452 597 1503 627 dix
1522 597 1606 627 milles
1624 598 1770 639 alentour,
1783 599 1820 634 ὠ
1837 611 1888 640 que
1906 609 1965 631 tous
1984 614 2050 633 ceux
2068 606 2099 634 de
2115 618 2152 636 ces
2168 608 2276 638 soldats
2295 611 2342 647 qui

1280 635 1409 665 n'auront
1423 643 1475 672 pas
1493 637 1526 665 de
1546 636 1610 666 bons
1623 638 1769 676 paffiports
1789 638 1826 667 du
1844 640 1964 669 Ge‘ndral
1973 642 2037 679 sDus
2058 641 2142 681 lequel
2163 646 2195 675 ils
2221 655 2268 676 ont
2280 648 2342 687 fir-

1280 677 1314 703 vi
1332 684 1365 702 en
1380 673 1489 703 dernier
1509 675 1577 713 lieu,
1589 674 1680 714 soient
1699 680 1781 716 punis
1793 676 1965 716 severement
1981 702 1990 717 ‚
2001 679 2077 717 selon
2100 681 2135 710 les
2156 687 2227 714 Loix
2246 685 2283 720 ὠ,
2303 685 2342 715 ler

1278 715 1389 741 Statuts
1407 712 1438 741 de
1454 719 1531 742 notre
1550 715 1777 756 Royaume,ainfi
1792 727 1842 756 que
1853 714 1976 755 fiaivant
1992 725 2073 748 votre
2088 722 2218 757 prudence
2233 724 2270 758 (Ἀρι
2288 735 2343 755 vo-

1278 758 1322 780 tre
1334 750 1475 789 discretim
1497 761 1564 783 vaux
1582 752 1606 782 le
1619 753 1735 792 jugerez
1756 754 1774 784 a*
1784 763 1889 793 propos.

1316 867 1358 895 Et
1373 865 1431 908 afin
1447 866 1605 898 d’exe‘cuter
1617 874 1688 899 cette
1704 868 1863 910 commisston
1872 869 1937 908 plus
1949 870 2128 909 efficacement
2143 870 2181 907 &
2196 873 2347 913 d'obssrver

1279 902 1309 932 la
1324 909 1442 934 maniere
1454 906 1501 946 d’y
1517 907 1743 945 procedemnotre
1758 908 1917 948 hon-plaifir
1930 906 1969 943 &⁴
1984 910 2100 940 volontff
2109 911 2146 949 cll
2158 922 2208 952 que
2223 923 2291 942 vous
2304 915 2343 949 &-

1280 941 1380 973 chacun
1393 944 1425 973 de
1432 954 1518 983 vous,
1527 955 1598 974 vous
1606 956 1627 984 y
1643 946 1792 987 conduzfiez
1807 948 1840 976 de
1854 955 1922 977 tems
1935 959 1969 978 en
1985 956 2053 979 tems
2068 950 2275 989 conformesment
2288 964 2346 983 aux

1280 981 1453 1020 instrueftions
1470 980 1508 1017 ὀ*
1524 995 1583 1013 aux
1598 985 1689 1014 ordres
1705 989 1752 1025 qui
1763 986 1933 1025 vous-serant
1956 988 2056 1017 a'onne‘s
2076 997 2131 1027 par
2146 990 2211 1018 e'crit
2227 990 2245 1018 ci
2263 1001 2289 1019 ce
2296 992 2346 1029 fh-

1274 1019 1321 1057 jet
1337 1021 1370 1049 de
1377 1027 1455 1050 notre
1465 1029 1553 1061 part,
1561 1020 1627 1060 sous
1643 1022 1672 1052 Ia
1679 1024 1823 1064 signature
1838 1025 1870 1054 de
1886 1033 1964 1055 notre
1979 1030 2111 1065 main,ou
2130 1028 2161 1056 de
2176 1027 2205 1057 la
2224 1032 2298 1057 main
2314 1030 2346 1059 de

1277 1058 1322 1097 fix
1341 1059 1374 1088 de
1393 1069 1440 1088 nos
1459 1060 1616 1100 Conseillers
1625 1065 1738 1099 privffs3
1750 1065 1941 1094 commandant
1961 1065 1980 1092 a
1999 1072 2060 1095 tous
2078 1065 2115 1100 &-
2132 1066 2233 1095 chacun
2249 1067 2281 1096 de
2299 1077 2347 1097 nos·

1280 1097 1369 1135 Juges
1388 1097 1420 1126 de
1440 1100 1531 1138 Paix,
1547 1103 1673 1139 Maires,
1695 1102 1853 1140 Echevim,
1871 1102 2065 1142 Commzffizirex
2083 1106 2129 1134 des
2146 1105 2299 1143 Quartiers
2307 1105 2345 1139 όν

1280 1144 1374 1165 autres
1387 1135 1510 1174 Officiers
1528 1160 1538 1175 ,
1578 1140 1723 1179 Minzstres
1740 1139 1778 1175 (ᾖε
1797 1142 1905 1180 Sujets,
1923 1143 1955 1172 de
1979 1143 2093 1184 quelque
2110 1145 2246 1174 condition
2269 1143 2350 1186 qu’ilf

1272 1174 1364 1213 soient
1375 1197 1384 1211 ,
1402 1174 1481 1215 qu’ils
1499 1179 1575 1206 aient
1595 1185 1654 1207 tous
1672 1178 1689 1207 ἃ
1709 1190 1778 1208 vous
1792 1181 1869 1210 aider
1887 1178 1925 1214 &
1944 1192 1975 1209 as
1987 1180 2048 1219 ister
2069 1184 2087 1211 τὶ
2107 1194 2155 1212 vos
2172 1184 2262 1213 ordres
2277 1184 2348 1213 dans

1281 1212 1441 1243 l'execution
1458 1215 1490 1244 de
1507 1222 1576 1245 cette
1585 1216 1770 1257 Commisfion,
1786 1218 1842 1247 s'ils
1861 1226 1912 1248 ont
1925 1220 1943 1247 αὶ
1963 1231 2033 1250 coeur
2050 1222 2083 1250 de
2100 1232 2166 1251 nous
2178 1221 2348 1260 plaire,fi2us

1275 1255 1355 1290 peine
1372 1252 1434 1282 a'en
1448 1254 1575 1292 reinondre
1594 1266 1627 1285 en
1646 1266 1661 1291 y
1675 1263 1876 1288 contrevenant
1890 1257 1910 1288 ιὶ
1924 1257 1995 1290 leurs
2008 1259 2071 1299 plus
2082 1260 2187 1299 grands
2195 1260 2292 1300 peras.

1320 1368 1368 1398 En
1379 1366 1425 1407 foi
1444 1369 1476 1398 de
1490 1372 1568 1409 quoi,
1582 1367 1643 1406 &in

1318 1446 1442 1476 Tesmoius
1461 1446 1653 1487 nous-me'mes,
1672 1448 1690 1479 ἃ
1710 1448 1934 1491 VVestminster,
1953 1451 1978 1481 le
1994 1452 2032 1482 26
2046 1453 2080 1482 cle
2099 1454 2204 1492 Mars}

1982 1567 2036 1598 Per
2053 1567 2143 1608 ipsam
2163 1568 2318 1608 Reginamss

1282 1697 1408 1739 Annos,
1433 1700 1603 1740 celebrasse,
1629 1713 1664 1733 ex
1694 1705 1771 1742 cujus
1794 1702 1973 1736 Contraufis
1997 1705 2250 1741 Conventionibus
2267 1717 2351 1749 atque

1283 1737 1377 1769 PacTtis
1398 1740 1517 1779 obligati
1544 1740 1651 1771 fuimus
1683 1745 1834 1780 quotannis
1861 1745 2050 1782 quantitatem
2080 1755 2191 1779 certam
2214 1749 2351 1789 Piperum

1282 1777 1382 1807 nostris
1401 1777 1545 1809 Numinis
1563 1781 1593 1809 in
1617 1781 1700 1810 India
1722 1790 1906 1820 comparare,
1931 1794 1998 1821 quas
2023 1783 2139 1817 Merces
2162 1787 2249 1825 inde,
2268 1789 2351 1818 nullis

1281 1816 1340 1846 aliis
1358 1816 1489 1848 Navibus
1501 1817 1688 1856 Ullyffi'ponam
1711 1819 1794 1859 usque
1808 1831 1895 1858 quam
1917 1823 1949 1851 iis
1969 1832 2033 1861 quae
2055 1834 2144 1864 nuper
2166 1836 2214 1864 per
2233 1825 2349 1858 Claffia-

1281 1855 1339 1885 rios
1362 1855 1521 1895 Mayestatrs
1544 1858 1643 1895 vestrae
1659 1867 1741 1895 capta
1754 1859 1883 1898 fuerunt,
1901 1862 2027 1898 trajicere
2041 1865 2202 1903 potuimus,
2221 1865 2296 1895 unde
2310 1865 2353 1896 fa-

1282 1894 1369 1924 cultas
1391 1897 1475 1925 nobis
1487 1896 1562 1926 nulla
1577 1896 1629 1926 fuit
1651 1897 1744 1928 nostra
1760 1898 1788 1928 in
1802 1898 1865 1928 alias
1881 1898 1981 1930 Naves
1995 1910 2110 1933 onerare
2128 1914 2213 1942 quam
2235 1915 2297 1942 quae
2317 1913 2352 1935 ex

1282 1932 1430 1974 Lufitania
1451 1934 1479 1963 in
1499 1935 1609 1965 Indiam
1623 1937 1656 1966 &
1672 1936 1739 1967 inde
1751 1937 1779 1966 in
1797 1937 1973 1977 Lufitaniam
1987 1940 2193 1973 transvehendis
2208 1944 2250 1973 his
2267 1941 2351 1972 Mer-

1282 1973 1363 2002 cibus
1386 1981 1550 2005 commeare
1573 1974 1662 2005 solent
1684 1976 1717 2005 &
1744 1974 1889 2006 destinatae
1910 1976 1999 2016 stitit,
2032 1989 2117 2016 quani
2140 1981 2350 2012 Necessitatem

1282 2010 1369 2048 Nos,
1385 2012 1420 2041 ab
1440 2011 1652 2051 Imprudentia,
1671 2014 1705 2044 ὃ(
1722 2014 1811 2051 longe
1829 2016 1916 2054 magis
1931 2016 1946 2045 Ξι
1963 2016 2054 2048 Poena
2077 2021 2110 2050 &
2124 2020 2237 2058 Jatstura
2262 2020 2344 2050 Mer-

1283 2049 1363 2079 cium
1380 2049 1557 2089 nostrarum,
1575 2051 1754 2083 liberaturam
1775 2053 1832 2084 effe
1854 2054 1976 2086 minime
1998 2056 2176 2096 dubitamus,
2194 2058 2350 2096 praesertim

1284 2097 1353 2118 cum
1370 2088 1517 2126 praedictae
1531 2090 1564 2119 N
1567 2100 1631 2121 aves
1646 2090 1716 2121 Nos
1732 2101 1782 2129 per
1793 2093 1875 2122 unius
1890 2094 1965 2123 Anni
1980 2097 2112 2126 vertentis
2127 2097 2249 2135 spacium
2265 2097 2350 2127 desti-

1284 2127 1407 2165 tuerint,
1425 2137 1480 2167 qua
1493 2128 1528 2159 de
1548 2129 1643 2166 causa,
1659 2129 1750 2160 Anno
1771 2130 1907 2169 superiori
1925 2155 1934 2170 ,
1954 2131 2070 2164 Merces
2090 2138 2197 2166 nostras
2218 2137 2246 2166 in
2268 2135 2351 2166 hasce

1285 2166 1433 2210 conjicere
1454 2167 1613 2199 Neceffitas
1634 2167 1701 2199 Nos
1714 2191 1724 2206 ,
1751 2178 1816 2207 quae
1842 2171 1972 2208 Legibus
1991 2174 2125 2205 omnibus
2148 2175 2272 2212 superior
2291 2174 2352 2214 est,

1286 2212 1397 2241 coegit:

1325 2243 1381 2273 His
1396 2244 1507 2275 accedit
1520 2245 1621 2276 Naves
1641 2245 1722 2283 istas,
1753 2256 1808 2277 nec
1830 2247 1942 2278 bellicas
1964 2259 2019 2280 nec
2038 2249 2144 2281 bellicis
2156 2251 2248 2282 usibus
2262 2260 2355 2290 apum,

1287 2291 1341 2313 nec
1354 2282 1495 2321 Hispaniae
1511 2287 1604 2322 Regis,
1613 2284 1657 2314 sed
1675 2283 1872 2324 Lusitanorum
1885 2288 2005 2324 privatas
2018 2297 2100 2326 atque
2115 2291 2239 2327 proprias
2252 2290 2287 2320 N
2290 2300 2355 2321 aves

1287 2321 1361 2358 esse,
1380 2322 1416 2351 ira
1439 2330 1469 2352 ut
1486 2322 1598 2353 hostiles
1614 2324 1737 2353 minime
1757 2323 1811 2354 fint
1830 2334 1879 2354 aut
1900 2326 2030 2365 appellari
2048 2335 2166 2366 queant,
2185 2329 2217 2358 ὃς
2232 2329 2280 2366 qui
2300 2339 2354 2359 no-

1288 2359 1398 2389 biscum
1425 2361 1454 2389 in
1476 2360 1534 2390 hoc
1558 2361 1719 2391 Contractu
1739 2363 1931 2401 participant,
1964 2374 2018 2395 nec
2041 2365 2139 2396 Vasalli
2162 2376 2215 2396 nec
2239 2367 2353 2398 Subditi

1288 2397 1341 2427 fint
1355 2400 1432 2434 Regis
1451 2400 1609 2437 Hispaniae:
1629 2408 1761 2436 praeterea
1772 2410 1864 2439 neque
1881 2401 1991 2433 Bellum
2006 2404 2077 2434 inter
2094 2404 2271 2443 Majestatem
2288 2417 2354 2436 ves-

1288 2443 1364 2465 tram
1389 2437 1422 2466 &
1441 2440 1536 2475 Regem
1553 2437 1771 2477 Hispaniarum,
1789 2448 1821 2470 ut
1848 2439 1907 2470 fieri
1928 2441 2011 2479 solet,
2030 2448 2157 2480 unquam
2173 2445 2352 2480 publicatum

1290 2474 1361 2512 fuit,
1380 2484 1411 2505 ut
1423 2475 1490 2505 Nos
1505 2475 1550 2505 vel
1564 2477 1608 2506 alii
1627 2476 1725 2507 Exteri
1750 2478 1801 2507 fibi
1819 2478 1912 2517 quoad
1936 2479 2122 2511 Commercia
2144 2484 2204 2512 tute
2223 2484 2354 2514 consule-

1291 2523 1341 2550 re,
1362 2514 1405 2543 vel
1430 2515 1528 2551 quavis
1552 2516 1657 2545 ratione
1680 2515 1812 2546 Pericula
1832 2518 1865 2547 ὃς
1888 2517 2007 2549 Damna
2027 2521 2130 2550 evitare
2152 2522 2354 2561 potuissemus3

1289 2550 1371 2582 Hinc
1394 2552 1529 2592 Majestas
1547 2553 1640 2592 vestra
1655 2577 1664 2592 ,
1683 2564 1736 2591 pro
1760 2554 1804 2586 sua
1825 2555 1936 2586 summa
1960 2557 2119 2597 Sapientia,
2140 2560 2187 2589 vel
2210 2561 2292 2591 nobis
2314 2570 2355 2592 ta-

1289 2591 1437 2629 centibus,
1455 2591 1670 2631 animadvertit,
1684 2603 1737 2624 nec
1754 2592 1852 2624 Naves
1868 2594 1948 2632 istas,
1967 2605 2022 2627 nec
2042 2596 2156 2628 Merces
2169 2600 2268 2638 quibus
2281 2609 2355 2630 one·

1291 2637 1348 2659 rata
1364 2630 1492 2667 fuerunt,
1511 2640 1566 2661 nec
1580 2631 1666 2668 Nos,
1684 2640 1731 2662 aut
1753 2631 1928 2664 Contractus
1943 2633 2020 2665 istius
2037 2635 2149 2666 nostros
2165 2638 2281 2675 Socios,
2299 2638 2355 2669 ho-

1292 2667 1365 2698 stiles
1378 2668 1449 2706 effe,
1468 2678 1522 2698 nec
1539 2669 1572 2699 ad
1596 2669 1723 2700 Hostem
1749 2671 1909 2711 MaJestatis
1928 2671 2027 2712 vestrae
2040 2675 2100 2704 ullo
2118 2676 2180 2713 jure
2201 2678 2356 2714 pertinere,

1290 2715 1345 2736 nec
1367 2706 1525 2746 Majestatis
1546 2707 1644 2747 vestrae
1668 2708 1880 2740 Declarationis
1901 2709 1997 2742 Edisti
2020 2714 2111 2744 verbis
2129 2716 2354 2756 comprehendi,

1291 2744 1369 2783 quod
1390 2745 1576 2776 Commeatui
1592 2747 1752 2778 Frumento
1772 2749 1805 2779 δε
1825 2748 1852 2779 Α
1873 2750 1979 2786 paratui
2000 2751 2105 2783 bellico
2132 2755 2240 2785 tantum
2256 2755 2291 2785 N
2294 2756 2355 2786 avi-

1291 2785 1439 2823 gationem
1455 2785 1598 2823 inhibuit,
1617 2787 1724 2816 caeteris
1738 2789 1810 2817 vero
1866 2788 1976 2819 ercibus
1991 2789 2110 2821 liberam
2128 2792 2356 2831 Navigationem

1290 2823 1428 2892 {puceffit
1439 2847 1449 2862 ,
1467 2824 1529 2892 imit)
1547 2823 1704 2856 Securitate
1718 2826 1820 2857 talibus
1836 2826 1986 2865 Navibus,
2007 2828 2104 2867 Regia
2120 2829 2166 2860 sua
2190 2841 2283 2870 voce,
2301 2842 2354 2870 pu·

1322 2865 1367 2892 ice
1414 2872 1491 2900 opon
1514 2870 1544 2892 it.

1329 2872 1413 2930 Narg
1432 2901 1579 2939 praedidtas
1592 2901 1710 2933 Merces
1723 2902 1822 2934 nostro
1838 2904 1873 2934 δε
1887 2903 2053 2936 nostrorum
2069 2906 2220 2938 Sociorum
2236 2910 2354 2947 proprio

1293 2938 1368 2969 AEre
1384 2940 1413 2968 in
1434 2942 1519 2970 India
1537 2949 1729 2979 comparatas,
1747 2942 1780 2973 &
1793 2943 1920 2982 periculo
1941 2943 2039 2974 nostro
2061 2946 2090 2975 in
2105 2946 2280 2987 Lufitaniaw
2300 2958 2354 2979 tra-

1286 2978 1422 3016 jiciendas
1443 2978 1542 3017 fuisse,
1560 2980 1593 3010 ὃ(
1608 2983 1686 3017 Regis
1698 2982 1840 3026 Hispanico
1859 2992 1920 3011 non
1940 2983 2013 3020 prius
2029 2982 2088 3014 fieri
2102 2995 2186 3023 quam
2205 2986 2352 3025 Ufffiponae

1290 3017 1374 3047 nobis
1391 3020 1452 3046 Rex
1469 3017 1604 3048 Precium
1622 3022 1795 3059 numerarit,
1812 3020 1880 3050 illud
1897 3020 2030 3058 superiori
2050 3021 2148 3053 nostro
2172 3024 2286 3062 Scripto
2301 3027 2355 3056 hu-

1292 3055 1436 3085 miliffime
1452 3055 1672 3096 affirmavimus,
1692 3058 1724 3088 δε
1740 3068 1803 3089 rem
1818 3058 1870 3089 sese
1884 3069 1946 3089 non
1960 3060 2038 3091 aliter
2054 3061 2155 3092 habere
2170 3061 2349 3102 Magistratui

1291 3093 1388 3124 nostro
1405 3094 1568 3136 Augustam
1581 3096 1742 3136 interposita
1757 3098 1822 3128 vice
1844 3098 1990 3136 juramenti
2008 3098 2063 3129 fide
2078 3100 2257 3139 asseruimus,
2278 3103 2350 3132 ficu-

1289 3133 1310 3163 ti
1330 3142 1364 3163 ex
1379 3133 1450 3164 illius
1470 3134 1656 3172 Magistratus
1676 3135 1795 3174 Literis,
1812 3136 1986 3174 jampridem
2011 3138 2157 3207 Masffati
2173 3140 2270 3179 vestrae
2290 3141 2353 3171 red-

1290 3171 1372 3210 ditis,
1388 3172 1539 3211 intellexit,
1556 3174 1590 3204 &
1605 3174 1624 3203 fi
1637 3184 1708 3212 opus
1721 3174 1754 3205 sit
1775 3176 1808 3206 ὃς
1824 3175 1956 3214 Majestas
1971 3175 2062 3215 vestra
2098 3178 2228 3215 efideret,
2246 3187 2302 3208 tani
2317 3179 2354 3208 li-

1291 3211 1382 3250 quido
1399 3211 1568 3242 docebimus
1591 3220 1621 3242 ut
1641 3222 1729 3243 nemo
1744 3213 1897 3244 hominum
1917 3214 2044 3253 suspicari
2060 3215 2142 3256 poffit
2156 3217 2224 3247 Nos
2242 3217 2351 3248 colora-

1290 3251 1369 3280 tione
1392 3249 1448 3281 ulla
1465 3250 1639 3281 fraudulenta
1654 3252 1711 3281 hoc
1726 3253 1754 3281 in
1771 3252 1904 3289 Negotio
1922 3253 2027 3283 verfiiri.

1329 3288 1400 3319 Nec
1417 3289 1451 3319 ad
1467 3299 1529 3319 rem
1546 3289 1614 3320 facit
1629 3290 1706 3327 quod
1721 3291 1856 3330 Majestas
1875 3291 1967 3330 vestra
1983 3293 2095 3330 scribit,
2117 3292 2232 3323 Merces
2246 3293 2355 3325 nostras

1289 3328 1328 3357 ita
1359 3338 1426 3358 cum
1446 3327 1591 3358 hostilibus
1615 3328 1766 3359 Mercibus
1786 3330 1910 3368 ejusdem
1925 3340 2030 3361 naturoe
2048 3332 2143 3361 mixtas
2152 3331 2224 3369 effe,
2242 3341 2270 3361 ut
2287 3343 2352 3370 quae

1288 3376 1349 3403 pars
1371 3368 1449 3405 grani
1469 3367 1578 3405 Piperis
1593 3367 1626 3397 ad
1643 3368 1795 3407 Hispanos,
1813 3378 1877 3407 quae
1897 3369 1931 3399 ad
1948 3369 2016 3398 Nos
2031 3370 2183 3407 pertineat,
2198 3370 2351 3401 internosci

1291 3414 1349 3434 non
1361 3405 1465 3443 possit,
1484 3415 1551 3435 nam
1568 3405 1645 3435 bonri
1659 3405 1732 3444 fide,
1750 3408 1818 3437 vere
1834 3416 1917 3445 atque
1937 3407 2031 3437 sancte
2054 3407 2189 3437 testamur
2208 3408 2241 3438 ὅτ
2257 3409 2353 3440 afferi-

1291 3452 1371 3481 muS,
1389 3453 1482 3482 neque
1500 3444 1621 3474 Nostras
1634 3454 1725 3483 neque
1742 3444 1898 3476 Sociorum
1915 3445 2076 3475 nostrorum
2095 3444 2210 3476 Merces
2225 3447 2259 3477 ad
2280 3448 2351 3478 ullos

1289 3482 1427 3521 Hispanos
1443 3482 1487 3512 sed
1509 3483 1543 3513 ad
1567 3483 1636 3512 Nos
1660 3484 1751 3521 solos,
1769 3486 1816 3522 qui
1838 3484 2016 3513 Germani&
2033 3483 2123 3527 Βρζςιε
2137 3485 2247 3524 sumus,
2268 3488 2352 3524 perti-

1290 3530 1374 3559 nere,
1393 3522 1426 3553 &
1441 3521 1568 3560 quamvis
1579 3529 1695 3560 propter
1707 3522 1919 3559 permistionem
1934 3524 2085 3552 internosci
2102 3533 2161 3552 non
2177 3532 2349 3563 queat,quae

1290 3568 1374 3597 grana
1390 3560 1424 3589 ad
1442 3570 1493 3589 nos
1506 3569 1607 3598 quaeve
1622 3561 1656 3589 ad
1679 3560 1779 3591 Socios
1794 3560 1903 3591 nostros
1919 3561 2091 3599 pertineant,
2111 3570 2236 3593 attamen
2258 3573 2354 3595 natura

1291 3598 1346 3637 ipsa
1363 3598 1431 3629 teste
1449 3597 1597 3629 Permistio
1612 3598 1672 3636 illa,
1688 3609 1740 3629 nec
1755 3608 1880 3637 quartani
1890 3598 2060 3641 Portionem
2075 3599 2216 3640 nostram,
2226 3612 2294 3632 cum
2303 3604 2353 3633 tri-

1293 3638 1345 3667 bus
1361 3637 1472 3675 reliquis
1491 3637 1596 3676 quartis
1615 3646 1717 3675 unam,
1736 3647 1790 3667 nec
1808 3637 1897 3667 taliter
1920 3636 2094 3668 individuam
2111 3638 2225 3670 efficere
2240 3642 2352 3680 potuit,

1294 3684 1325 3705 ut
1339 3675 1434 3706 nostra
1449 3676 1549 3707 Portio
1565 3686 1579 3704 a
1594 3684 1766 3706 creterorum
1789 3676 1912 3714 partibus
1927 3678 2038 3714 separati
2057 3687 2115 3707 non
2137 3678 2272 3709 facillime
2287 3689 2354 3716 pos-

1296 3715 1345 3751 sit,
1365 3725 1434 3745 cum
1449 3714 1546 3745 Gratia
1562 3714 1669 3753 Piperis
1683 3714 1865 3744 commodius
1877 3713 1911 3743 ad
1931 3716 2116 3750 capacitatem
2135 3716 2226 3747 Navis
2243 3720 2354 3748 onerari

1295 3763 1354 3782 non
1370 3754 1531 3791 potuerint,
1552 3752 1624 3783 adeo
1641 3762 1670 3782 ut
1685 3751 1835 3782 Permistio
1856 3752 1899 3781 illa
1919 3752 2023 3782 nullam
2042 3755 2194 3792 unionem,
2212 3756 2244 3786 ὃ(
2261 3756 2355 3787 multo

1297 3792 1391 3822 minus
1411 3792 1585 3822 individuam
1606 3790 1827 3821 Permistionem
1845 3790 1984 3828 effecerit,
2003 3793 2087 3822 etiam
2108 3793 2126 3822 {i
2147 3802 2258 3824 exterae
2283 3796 2355 3825 Por-

1296 3830 1389 3860 tiones
1405 3830 1438 3861 ad
1453 3829 1587 3869 Hispanos
1605 3831 1790 3867 pertinerent,
1811 3838 1903 3867 neque
1921 3830 1998 3859 enim
2013 3830 2082 3868 jure
2102 3830 2233 3862 Caesareo
2249 3833 2354 3870 uspiam

1298 3868 1462 3906 dispositum
1483 3870 1538 3899 elle
1565 3869 1698 3905 reperitur
1712 3889 1722 3904 ‚
1747 3868 1827 3905 quod
1853 3868 1968 3898 Merces
1987 3869 2021 3898 ad
2044 3870 2177 3901 bellicum
2195 3881 2357 3911 apparatum

1299 3908 1333 3938 &
1353 3907 1433 3938 usum
1452 3908 1572 3937 minime
1589 3906 1763 3944 spestantes,
1780 3907 1813 3936 ὃ(
1830 3906 1849 3936 si
1867 3916 1934 3937 cum
1950 3906 2108 3939 Hostilibus
2123 3909 2272 3941 Mercibus
2286 3912 2359 3941 mix-

1299 3953 1337 3976 tae
1356 3946 1424 3984 sint,
1443 3945 1526 3975 Fisco
1541 3944 1760 3974 incommisium
1775 3945 1884 3976 cadant.

1342 3985 1479 4022 Cumque
1501 3990 1614 4021 propter
1640 3981 1832 4014 contractum
1856 3984 1955 4021 istum,
1974 3984 2062 4016 Anno
2079 3985 2117 4015 86
2125 4009 2135 4026 ,
2154 3996 2219 4017 ante
2240 3985 2363 4017 exardes-

1304 4034 1371 4054 cens
1390 4023 1499 4053 Bellum
1520 4023 1592 4051 inter
1615 4020 1756 4060 Hispaniae
1775 4025 1868 4060 Regem
1887 4024 1919 4054 ὃς
1938 4023 2115 4063 Majestatem
2139 4024 2275 4064 vestram,
2291 4026 2364 4054 inte-

1307 4072 1394 4101 grum
1412 4059 1581 4098 Biennium,
1598 4060 1632 4092 &
1648 4068 1712 4092 ante
1726 4059 1959 4094 Declarationem
1974 4063 2133 4103 Majestatis
2148 4063 2262 4103 vestra,
2278 4063 2367 4093 Anno

2331 4100 2370 4137 89

2364 258 2499 295 Ann.D;

2391 308 2475 339 1593·

2364 347 2376 375 3
2382 347 2408 373 5.
2423 341 2491 369 Etiz„

2396 381 2454 412 Reg.
