2557 4279
762 173 871 216 ET
955 173 1225 216 ACTA

35 262 110 296 Anti.
123 260 166 293 D.
180 261 348 295 ChristIanis
362 259 489 299 Regibus
505 259 538 292 δε
561 258 761 302 Principibus,
780 260 814 290 &
829 259 998 290 nominatim
1012 269 1083 290 cum
1097 258 1237 295 Charisii-

54 301 141 340 1605.
177 303 230 332 mis
251 301 393 333 Fratribus
407 298 509 329 nostris
519 319 529 335 ,
546 297 726 328 Serenisiimo
742 297 878 337 Philippo,
894 299 956 337 ejus
969 298 1108 328 Nominis
1120 300 1210 328 Ἰὲνιίο
1221 320 1232 335 ,

36 339 118 380 3Jac.
135 347 161 369 ι.
176 339 371 380 Hispaniarum
385 340 474 374 Rege,
490 346 524 367 ac
539 335 724 366 Sereniffimis
741 336 861 366 Alberto
874 335 913 372 ώ-
931 335 1051 375 Istxbella
1069 335 1152 366 Clara
1173 338 1233 366 Eu-

171 383 254 418 genia
279 375 475 407 Archiducibus
497 373 620 413 Austriae
646 375 792 413 implicato
811 385 845 405 ac
869 377 1014 413 involuto,
1032 374 1232 405 Concordiam

179 427 213 448 ac
239 416 378 454 Qiietem
402 413 634 450 conciliavimus,
652 413 724 447 adeo
744 422 774 444 ut
797 413 879 444 citius
899 415 929 443 in
951 412 1089 451 Regnum
1103 413 1163 443 hoc
1178 422 1233 443 no-

178 455 268 486 strum
283 463 344 484 non
358 454 534 488 venerimus,
553 453 639 489 quam
657 452 672 482 a
688 451 854 482 charissimis
870 452 1011 482 Fratribus
1025 451 1127 482 nostris
1143 451 1178 482 N
1181 461 1231 481 un-

177 493 216 524 tia
237 490 411 528 honorifica,
429 500 494 521 tum
514 490 625 520 {inceris
642 491 878 528 gratulationibus
890 490 990 520 referta
1004 489 1039 519 de
1053 490 1149 520 nostra
1159 489 1233 528 justa

178 533 213 563 &
232 530 348 568 pacifica
369 530 399 560 in
414 528 551 568 Regnum
567 528 767 566 Succeffione,
786 536 850 558 tum
867 528 900 559 &
914 527 1117 570 Declaratione
1133 529 1166 559 ὃς
1182 526 1233 558 As-

174 569 348 601 secutatione
359 569 465 598 munita
479 567 514 598 dt:
528 567 674 597 voluntate
688 566 845 596 eorundem
859 569 993 604 propenla
1007 575 1040 596 ac
1058 567 1177 603 proclivi
1196 566 1231 597 ad

171 607 280 640 Pacem
301 606 527 643 Amicitiamque
547 606 555 639 (
565 615 634 643 quas
653 605 787 634 hactenus
807 613 861 633 nos
881 606 986 640 mutuo
1009 605 1172 643 coluimus,
1197 605 1232 635 &

172 655 241 684 quas
260 647 277 676 a
297 644 461 676 Parentibus
478 645 511 675 ὃς
525 642 754 678 Antecessoribus
769 641 872 672 nostris
884 641 1041 678 respective
1060 643 1231 680 suscepimus

172 686 208 718 &
219 684 449 716 observavimus)
467 692 542 713 nunc
557 683 641 712 etiam
656 679 865 710 confirmandas
878 680 911 711 δε
926 679 1044 710 firmiter
1057 681 1231 712 stabiliendas

176 723 385 761 receperimus,
412 720 477 751 Hiis
491 721 574 758 igitur
588 718 718 755 adducti,
736 718 770 748 &
781 717 943 748 Christiana
957 718 1068 756 insuper
1083 719 1130 749 Re
1151 721 1232 758 inque

175 759 272 800 Cura,
288 770 377 795 quam
396 759 515 790 libenter
533 758 567 788 ad
581 758 685 787 Pacem
699 760 770 787 curri
783 756 920 786 omnibus
933 754 1100 787 Christianis
1143 758 1230 788 rinci-

174 800 257 837 pibus
276 809 311 830 ac
330 798 474 837 speciatim
496 805 564 826 cum
587 794 750 825 charissimis
772 793 914 824 Fratribus
927 794 1031 824 nostris
1045 796 1185 833 praefflffis
1197 798 1228 826 li-

172 839 273 870 benter
285 837 421 869 fovemus
433 837 465 865 &
477 832 674 873 amplectimur
683 855 693 870 ,
711 833 852 871 permoti,
870 840 928 863 tarn
945 831 1101 863 Christiani
1116 834 1232 867 Officio

173 877 262 914 quam
282 875 370 914 Regis
391 882 507 909 munere
531 870 671 909 obstringi
692 881 744 901 nos
756 870 992 908 existimavimus,
1010 881 1070 901 non
1084 872 1177 902 solum
1195 874 1230 904 ad

172 915 280 948 Pacem
301 924 335 944 ac
354 912 515 943 Amicitiam
528 910 674 946 antiquam
690 909 932 947 continuandam,
951 910 1014 947 sed,
1032 918 1080 948 ut,
1098 910 1232 941 obicibus

173 963 208 984 ac
223 950 428 993 impedimentis
439 949 522 980 etiam
537 947 750 986 quibuscunque
768 948 886 985 amotis,
904 948 939 979 ad
953 949 1061 979 mature
1076 950 1231 987 providen-

173 993 263 1028 dum,
282 991 320 1020 ne
338 988 493 1026 quidquam
506 985 632 1055 lgosthac
647 988 713 1016 oriri
728 986 812 1024 possit
827 985 905 1024 quod
921 985 1002 1017 Pacis
1017 986 1226 1025 Amicitiaeque

172 1026 375 1061 conservationi
390 1025 486 1062 (unde
532 1025 633 1064 opulus
655 1025 773 1055 Frudtus
793 1025 952 1055 uberrimos
974 1024 1058 1056 facile
1074 1026 1226 1064 percipiet)

173 1068 284 1099 obstare
304 1064 512 1103 quoquomodo
534 1063 640 1102 valeat,
681 1063 779 1101 Atque
800 1063 886 1102 hinc,
904 1062 970 1101 post
981 1064 1230 1094 Deliberationem

178 1113 351 1142 congruam,
369 1101 580 1141 frequentesque
602 1103 637 1133 de
659 1102 710 1132 hiis
732 1102 869 1140 Negotiis
892 1111 960 1132 cum
982 1102 1147 1133 charissimis
1160 1105 1231 1131 Fra-

173 1142 261 1174 tribus
280 1142 524 1181 intelligentiarum
541 1140 726 1179 intercursus,
743 1140 858 1171 tandem
875 1141 948 1171 inter
964 1141 1034 1171 Nos
1050 1149 1231 1171 conventum

171 1183 206 1213 &
219 1181 405 1211 constitutum
419 1181 509 1210 extitit
522 1179 558 1210 de
570 1179 709 1209 amicabili
721 1178 939 1210 Consultatione
954 1178 1094 1210 Trac‘tatu
1106 1180 1139 1209 ὃς
1149 1178 1233 1209 Con-

173 1228 261 1251 ventu
281 1219 353 1250 infra
372 1219 509 1257 Regnum
525 1217 656 1248 nostrum
672 1218 785 1256 Angliae
798 1217 949 1256 habendis,
971 1218 1006 1248 ad
1020 1218 1234 1248 conferendum

171 1258 351 1289 tratStandum
369 1258 401 1288 &
417 1256 649 1288 concludendum
665 1255 701 1286 de
716 1257 748 1287 ὃ(
761 1256 841 1294 super
856 1258 1042 1291 omnibus&
1055 1257 1167 1294 singulis
1174 1255 1234 1286 Re-

170 1297 222 1328 bus
238 1296 366 1326 Materiis
377 1298 391 1313 ⁴*
403 1296 437 1326 δε
454 1296 602 1334 Negotiis,
621 1304 744 1332 quorum
762 1296 920 1333 Tractatio,
937 1295 1091 1332 Expeditio
1106 1296 1139 1326 &
1152 1293 1236 1325 Con-

170 1336 259 1367 clusio
271 1334 429 1365 necessariae
446 1334 658 1372 quoquomodo
673 1334 777 1363 fuerint
793 1333 826 1363 ad
842 1334 1069 1372 perimplendum
1086 1335 1121 1364 δε
1133 1333 1233 1364 debito

173 1374 266 1404 modo
284 1373 491 1404 terminandum
517 1373 584 1402 tanti
606 1371 736 1409 ponderis
756 1372 789 1402 &
811 1374 952 1403 momenti
968 1372 1070 1410 Opus,
1097 1373 1176 1410 quod
1197 1372 1233 1402 ad

172 1413 234 1443 Dei
255 1411 403 1449 Gloriam,
430 1410 585 1441 Christiani
607 1410 693 1440 Orbis
706 1409 834 1448 Pacem,
859 1409 977 1449 Regum
1000 1409 1234 1442 Christianorum

172 1452 198 1482 F
201 1459 360 1489 ratrumque
381 1451 548 1486 Amicitias,
566 1458 598 1478 ac
613 1448 732 1487 denique
750 1449 785 1478 ad
801 1448 989 1480 Subditorum
1002 1450 1184 1486 nostrorum,
1203 1449 1235 1479 in

171 1488 320 1520 Dominiis
335 1487 488 1526 respec'tive
502 1487 603 1518 nostris
617 1487 848 1525 inhabitantium,
856 1486 1064 1519 Commodum
1078 1487 1235 1518 inaestima-

172 1528 231 1559 bile
251 1527 340 1558 tendit
359 1528 392 1558 &
407 1526 562 1565 plurimum
577 1527 723 1556 conducit.

206 1565 334 1634 Ιάῗὶῐεὸῗ,
348 1565 435 1596 sciatis
450 1565 530 1604 quod
547 1563 633 1601 Nos,
651 1564 686 1595 de
703 1563 835 1595 fidelitate
845 1563 977 1595 industria
991 1565 1024 1596 ἐς
1039 1564 1157 1604 provida
1175 1564 1233 1595 cir-

172 1613 241 1636 cum
273 1613 289 1633 e
320 1613 385 1634 ione
759 1634 760 1638 ,

206 1613 445 1673 Ρτῡξάἰὶεξὶοτῗιιτι
460 1641 493 1672 &
509 1640 648 1671 Fidelium
666 1639 954 1679 consanguineorum
978 1640 1142 1673 nostrorum
1152 1665 1162 1681 ‚

206 1679 315 1711 Thomae
337 1683 449 1710 Comitis
471 1679 590 1719 Dorftt,
609 1679 724 1710 Bai-onis
744 1680 781 1710 de
802 1679 960 1718 Buchurst‚
978 1679 1081 1720 Magni
1103 1678 1231 1713 Thes-‹iu-

171 1720 237 1751 rarii
254 1718 387 1758 Angliae,

208 1757 302 1788 Caroli
331 1760 442 1788 Comitis
468 1755 654 1793 Nottingham
681 1755 797 1786 Batonis
820 1755 954 1788 Howard
981 1755 1018 1787 de
1043 1756 1207 1796 Effingham
1218 1779 1229 1795 ‚

169 1795 308 1835 Capitalis
320 1795 473 1835 Justiciarii
494 1795 689 1832 &justiciarii
710 1794 868 1826 Itinerantis
891 1796 1024 1826 omnium
1046 1796 1230 1826 Forestarum

169 1835 351 1866 Chacearum
369 1834 528 1866 Parcorum
549 1834 752 1864 Warrenarum
773 1834 845 1864 citra
865 1834 1026 1872 Trentam,
1046 1834 1148 1873 Magni
1167 1834 1229 1865 Ad„

169 1873 271 1904 miralli
294 1873 426 1912 Angliae‚
441 1883 474 1904 ac
497 1872 631 1903 Praefec‘ti
653 1871 801 1902 Generalis
821 1871 961 1904 Claffium
979 1874 1011 1903 δε
1027 1872 1156 1903 Marium
1171 1872 1232 1903 Re-

170 1920 298 1952 gnorum
321 1912 433 1951 Angliae
462 1911 495 1941 &
516 1909 665 1941 Hiberniae
687 1920 720 1941 ac
736 1911 891 1941 insularum
905 1912 939 1942 ὃ(
955 1910 1164 1942 Dominiorum
1182 1919 1232 1941 eo*-

168 1951 320 1982 rumdem›

206 1989 300 2019 Caroli
313 1973 424 2018 ²Comitis
440 1989 577 2018 Deveniae
604 1986 721 2017 Baronis
749 1986 786 2018 de
810 1986 967 2028 Mountjoy
991 1987 1232 2019 Locumtenentis

170 2026 271 2066 Regni
286 2028 374 2057 nostri
389 2026 555 2064 Hiberniae,
573 2025 777 2056 Munitionum
793 2026 958 2057 bellicarum
972 2027 1135 2058 nostrarum
1155 2027 1232 2058 Praea-

173 2065 262 2104 festi,
283 2065 489 2096 Gubernatoris
506 2064 617 2101 Oppidi
633 2063 732 2108 insulae
746 2064 780 2094 &
795 2064 887 2095 Castri
904 2066 939 2097 de
961 2065 1163 2104 Portsmouth,

210 2103 380 2135 Praenobilis
395 2102 512 2135 Ordinis
525 2103 650 2133 Garterii
665 2101 798 2134 Militum
811 2113 844 2135 ac
858 2103 1096 2136 Consiliariorum
1118 2103 1233 2136 nostro>-

172 2151 240 2173 l'um
249 2159 259 2183 5

211 2182 362 2221 Necnon,

207 2224 324 2252 Henrici
342 2224 453 2251 comitis
476 2218 717 2260 Northanptoniae
740 2219 865 2251 Domini
887 2219 1035 2258 Howard,
1058 2218 1095 2251 de
1115 2220 1235 2253 Marne-

171 2259 240 2329 hfflA’
265 2259 401 2292 Custodis
415 2260 448 2291 &
463 2260 591 2291 Amiralli
606 2260 744 2299 Quinque
761 2260 901 2291 Portuum
920 2260 1154 2299 maritimorum,

238 2309 255 2329 c

212 2321 374 2368 Przizdileffi
389 2337 423 2368 &
448 2336 537 2367 fidelis
561 2334 667 2374 nostri,
692 2335 804 2366 Roberti
823 2338 937 2365 Domini
957 2334 1041 2365 Cecill
1060 2336 1176 2368 Batonis
1195 2336 1231 2369 de

172 2374 314 2415 Efingden
330 2376 460 2407 Primarii
472 2375 620 2406 Secretarii
634 2374 740 2413 nostri,
758 2373 889 2414 Magistri
905 2373 1004 2405 Curiae
1018 2375 1122 2406 nosttae
1145 2377 1231 2408 War-

171 2415 274 2445 dorum
289 2414 323 2446 &
338 2414 571 2452 Liberationum‚
653 2415 656 2418 ⁴

210 2453 447 2484 Consiliariorurn
467 2452 646 2491 nostrorum,

207 2492 371 2523 Plurimum
387 2489 581 2529 confidentes,
718 2528 721 2530 ‚
1066 2530 1067 2533 Ἰ

209 2530 421 2570 Affignavimus
434 2537 482 2560 eos
493 2539 612 2567 ornnes,
630 2530 675 2561 vel
690 2536 794 2560 eorum
809 2530 930 2568 quatuor
952 2530 999 2561 vel
1021 2539 1093 2568 tres,
1118 2531 1232 2561 nostros

169 2569 255 2599 veros
268 2571 301 2600 &
315 2568 488 2599 indubitatos
508 2567 730 2599 Commissarios
744 2568 905 2608 Deputatos
920 2569 954 2599 ὃς
969 2568 1170 2600 Procuratores
1182 2575 1233 2606 ge·-

171 2607 279 2638 nerales
294 2608 327 2640 &
344 2606 491 2645 speciales,
508 2607 542 2637 ad
564 2606 798 2638 conveniendum
820 2607 1097 2638 communicandum
1121 2609 1154 2639 ὃς
1176 2616 1231 2638 tra-

172 2646 310 2676 &andum
320 2667 329 2682 ,
345 2644 416 2675 infra
429 2645 488 2675 hoc
504 2644 646 2681 Regnum
662 2644 791 2675 nostrum
808 2645 919 2683 Angliae
933 2667 944 2682 ‚
968 2655 1039 2676 cum
1063 2646 1233 2676 Oratoribus

170 2682 380 2714 Commiffariis
395 2683 547 2721 Deputatis
560 2683 605 2713 seu
620 2683 876 2721 Procuratoribus,
893 2693 954 2714 tam
967 2684 1075 2722 praefari
1090 2684 1233 2715 Serenisfi-

169 2723 209 2752 'mi
225 2721 421 2765 Hispaniarum
435 2724 514 2760 Regis
529 2721 628 2752 Fratris
643 2722 732 2753 nostri
747 2722 914 2760 charissimi,
930 2724 1014 2761 quam
1024 2724 1232 2762 praedictorum

169 2760 398 2792 charissimorum
412 2761 498 2791 etiam
518 2760 650 2791 Fratrum
670 2760 934 2797 Sereniffimorum,
960 2762 1150 2792 Archiducum
1165 2766 1232 2793 Au-

160 2798 240 2838 striae
256 2796 364 2830 Ducum
380 2799 559 2837 Burgundiae,
579 2801 639 2831 ὅτε.
664 2798 840 2830 Potestatem
858 2799 978 2829 similem
996 2800 1185 2832 sufficientem
1198 2813 1232 2833 ac

167 2836 285 2876 plenum
313 2837 485 2868 Mandatum
510 2840 525 2867 a
550 2838 634 2868 diCtis
661 2837 839 2875 Principibus
869 2838 1023 2876 respefflv‘e
1045 2840 1233 2879 habentibus,

167 2874 205 2905 de
220 2876 253 2906 &
266 2875 345 2913 super
365 2876 498 2907 omnibus
514 2876 547 2907 &
570 2875 681 2915 singulis
705 2876 900 2915 Differentiis,
919 2877 1067 2916 Qerelis,
1085 2879 1232 2917 Quaestio-

167 2913 267 2951 nibus,
286 2913 415 2951 Litibus,
432 2913 558 2952 Injuriis,
577 2914 808 2953 Hostilitatibus,
827 2915 940 2953 Spoliis,
958 2915 1081 2951 Arrestis
1104 2919 1137 2948 ὃς
1154 2917 1231 2948 Gra-

168 2952 328 2982 varn'inibus
349 2952 573 2991 quibuscumque
598 2953 735 2983 hincinde
752 2953 849 2990 illatis,
873 2955 928 2984 una
942 2955 1011 2984 cuin
1035 2956 1086 2986 suis
1106 2958 1232 2986 circum2

167 2989 274 3020 stantiis
294 2992 502 3029 emergentibus
517 2991 707 3021 incidentibus
723 2991 758 3022 de
779 2992 946 3023 endentibus
959 2994 992 3023 δε
1006 2996 1144 3026 connexis
1154 3016 1163 3032 ,

207 3028 336 3058 Necnon
351 3028 386 3059 de
403 3028 537 3060 Amicitia
551 3028 719 3059 Concordia
769 3030 1000 3071 confoederatione„
1017 3033 1088 3064 inter
1111 3033 1180 3063 Nos
1195 3034 1228 3064 &

166 3066 348 3097 successores
363 3066 489 3103 nostros,
508 3077 541 3096 ac
559 3065 661 3105 Regna
674 3068 706 3097 ὅ(
732 3067 871 3098 Dominia
891 3069 1004 3106 nostra,
1031 3081 1065 3101 ac
1091 3072 1228 3103 Subditos

166 3105 307 3143 Alligatos
321 3106 355 3137 δε
371 3104 592 3136 Consoederatos
605 3103 733 3142 nostros,
751 3116 784 3135 ac
806 3107 874 3136 alios
897 3107 998 3137 Nobis
1023 3109 1224 3149 Adhaerentes,

166 3145 201 3175 &
215 3144 366 3182 praedictos
379 3146 473 3180 Regem
488 3141 526 3177 ὠ·
540 3142 707 3172 Archiduces
726 3142 864 3185 Haeredes
886 3145 919 3174 &
941 3145 1121 3178 Succeffores
1145 3149 1226 3189 suos,

165 3191 251 3221 atque
269 3182 348 3214 Loca
365 3181 399 3213 &
414 3183 555 3214 Dominia
569 3181 632 3220 sua,
651 3181 843 3221 Subditolque
859 3182 997 3222 Alligatos
1009 3184 1089 3224 suos,
1108 3188 1141 3217 &
1159 3188 1226 3219 alios

165 3221 221 3251 illis
237 3221 439 3256 Adhaerentes;

203 3260 251 3291 Ac
267 3261 353 3293 etiam
368 3259 404 3290 de
418 3258 618 3290 Renovatione
631 3258 888 3299 Redintegratione
909 3259 1176 3304 Commerciorum,
1192 3275 1226 3297 ac

164 3297 307 3329 amicabili
322 3294 480 3329 intercursu
497 3297 725 3330 mercandizandi
738 3301 810 3330 inter
824 3299 891 3330 Nos
905 3300 1042 3331 Hceredes
1057 3304 1090 3333 &
1107 3303 1226 3335 Succes—

166 3337 240 3367 sores
254 3336 382 3374 nostros,
404 3336 504 3376 Regna
519 3336 622 3366 Terras
637 3339 669 3368 &
688 3337 826 3368 Dominia
846 3340 940 3369 nostra
960 3350 1168 3381 quaecumque,
1188 3353 1222 3374 ac

166 3375 300 3407 Subditos
316 3376 450 3414 Alligatos
463 3374 716 3406 Confoederatores
735 3376 845 3407 nostros
861 3401 871 3416 ,
896 3378 1019 3416 aliosque
1040 3378 1140 3411 Nobis
1164 3382 1224 3412 Ad-

163 3414 302 3445 haercntes
319 3414 518 3453 quoscunque,
537 3423 570 3444 ac
588 3413 677 3443 didios
691 3417 789 3451 Regem
803 3414 842 3450 ὠ
858 3416 1026 3447 Archiam&
1039 3417 1175 3450 Haeredes
1189 3418 1224 3452 δέ

164 3453 344 3484 Succeffores
358 3452 439 3490 suos,
457 3461 538 3488 atque
555 3451 633 3482 Loca
647 3453 681 3483 &
694 3451 835 3484 Dominia
850 3454 914 3493 sua,
938 3455 1127 3495 Subditosque
1151 3460 1221 3490 Alli-

160 3500 240 3531 gatos
253 3492 314 3522 suos
326 3493 359 3522 ὃ(
377 3491 427 3521 illis
443 3490 643 3528 Adhaerentes3

202 3530 315 3561 Dantes
329 3530 362 3560 ὃ(
380 3529 571 3560 concedentes
589 3528 695 3559 eisdem
712 3530 838 3569 quinque
870 3540 970 3564 uatuor
984 3542 1031 3565 aut
1046 3535 1147 3575 tribus,
1162 3537 1220 3574 ple,

163 3574 230 3598 nam
245 3569 277 3599 &
294 3567 493 3598 omnimodam
509 3565 716 3598 Auctoritatem
727 3570 761 3600 ὅ(
781 3568 855 3600 Pote
879 3580 954 3602 atem
968 3594 979 3609 ,
1009 3573 1145 3605 Nomine
1168 3586 1223 3606 00-

163 3605 237 3645 stro,
255 3607 391 3638 traCtandi
404 3605 595 3636 conveniendi
610 3605 766 3644 paciscendi
781 3608 946 3647 transigendi
961 3611 994 3641 ὃ(
1015 3612 1210 3644 concludendi

166 3644 215 3674 sub
230 3646 282 3675 illis
298 3646 388 3685 pactis
404 3644 496 3675 modis
509 3645 608 3675 formis
624 3644 838 3676 conditionibus
859 3648 1101 3681 conventionibus
1125 3653 1158 3683 &
1179 3637 1223 3683 sei

164 3684 343 3721 curitatibus,
361 3693 424 3723 quae
444 3683 477 3713 ad
501 3681 662 3714 firmitatem
687 3682 858 3714 validitatem
882 3687 968 3716 robur
991 3689 1023 3719 ὃ(
1050 3691 1220 3728 ρετρεωὶῑε*

164 3726 224 3750 tem
235 3722 319 3752 bonae
331 3725 363 3753 &
380 3722 493 3753 fincerae
506 3721 587 3751 Pacis
601 3722 633 3752 δε
659 3719 835 3751 Concordiae
856 3733 889 3753 ac
913 3723 1088 3757 Intercursus
1114 3728 1220 3759 Subdi-

165 3765 261 3789 torum
275 3760 429 3798 respective
442 3759 607 3790 nostrorum
630 3759 802 3790 videbuntur
823 3761 967 3798 expedire-
999 3765 1107 3796 Literas
1133 3768 1219 3798 etiam

165 3796 205 3839 ὃς
214 3797 311 3835 scripta
324 3800 402 3838 super
416 3799 518 3830 eisdem
532 3799 683 3828 conventis
697 3799 729 3829 &
746 3799 885 3829 concluiis
909 3785 1053 3841 tradendi,
1072 3806 1104 3835 &
1126 3807 1219 3836 conli-

165 3834 245 3864 miles
259 3835 389 3868 Nomine
405 3837 504 3867 nostro
521 3836 649 3875 petendi,
668 3846 782 3866 necnon
798 3836 831 3867 ad
847 3838 927 3868 aliam
937 3838 1055 3872 Dietam
1072 3844 1127 3874 live
1136 3844 1220 3875 Con-

165 3873 344 3912 ventionetn,
363 3886 445 3913 prout
461 3877 634 3906 conveniens
649 3875 681 3905 &
698 3883 896 3914 opportunum
911 3878 972 3915 iplis
986 3881 1139 3918 videbitur,
1155 3891 1219 3920 pro-

164 3911 329 3954 rOgfimdi&
342 3913 545 3952 continuandi,
562 3924 595 3944 ac
609 3909 771 3953 generaliter
787 3922 888 3944 caetera
902 3918 1000 3947 omnia
1014 3918 1151 3949 Nomine
1167 3924 1220 3951 no-

163 3946 222 3993 stro
235 3948 356 3992 faciendi
369 3953 401 3982 &
417 3953 548 3989 petendi,
565 3962 628 3991 quae
642 3956 719 3982 circa
742 3952 886 3982 Praemiffa
910 3955 1058 3986 necessaria
1080 3958 1222 3989 videbun-

159 3995 204 4016 tur
217 3995 263 4016 aut
276 3985 492 4025 quomodolibet
507 4000 683 4030 opportuna,
701 3999 784 4028 atque
801 3992 866 4021 tanti
884 3991 1007 4031 Negotii
1029 3995 1159 4033 Qualitas
1175 4008 1218 4028 re-

158 4025 273 4094 giglige't,
294 4027 403 4057 etiamsi
422 4028 484 4059 talia
496 4029 586 4061 essent
600 4039 665 4069 quae
683 4028 854 4062 Mandatum
869 4033 1039 4069 requirerent
1054 4038 1143 4074 tnagis
1162 4035 1220 4075 spe-

187 4104 260 4132 :lima
277 4103 346 4131 VH.
374 4104 407 4132 P.
427 4104 474 4135 It.

0 1314 4 1329 ¹
28 1302 142 1338 ‘XV'It

0 1351 4 1374 ί
27 1348 91 1378 628.

1309 174 1795 223 PUBLICA.
2265 206 2337 232 ια’

1299 260 1535 305 -Ρτοῐηίῐτςηεεε,
1555 264 1634 295 bona
1648 265 1716 296 Fide
1733 267 1810 297 &in
1827 266 1926 298 Verbo
1947 267 2058 309 Regio,
2078 272 2163 311 Nos,
2190 284 2243 312 pro
2265 277 2334 307 No-

1275 297 1318 328 bis
1333 297 1504 344 Haeredibus
1518 303 1550 332 ὃς
1567 302 1778 334 Successoribus
1795 305 1895 336 nostris
1906 330 1915 343 ,
1929 306 2007 337 firma
2023 318 2079 340 rata
2104 312 2136 342 ὃς
2158 321 2231 350 grata
2255 314 2319 345 hab.
2399 339 2401 341 .

1274 337 1505 380 turos-quidquid
1521 341 1536 369 ἐι
1551 340 1635 370 dietis
1650 341 1861 372 Commiffariis
1878 343 2029 382 Deputatis
2044 348 2076 379 ὃς
2100 350 2331 382 procuratoribus
2365 362 2369 379 2

1274 373 1395 418 nostris,
1412 378 1572 420 vel-eorum
1588 387 1707 416 quatuor
1719 388 1767 411 aut
1781 381 1884 419 tribus,
1904 383 2085 416 concludi&
2100 390 2246 419 conveniri
2260 401 2331 421 con-
2360 383 2365 386 '

1275 420 1386 452 tigerit,
1405 414 1437 457 βε
1454 414 1564 452 insuper
1580 416 1794 448 confirmaturos
1809 428 1857 456 per
1876 420 1981 450 Literas
2008 424 2112 455 nostras
2135 425 2263 458 Parentes
2300 439 2330 458 ea

1273 460 1337 490 quae
1351 452 1388 481 ab
1403 452 1465 490 ipfis
1479 454 1620 497 sic—pieta
1641 464 1784 486 conventa
1808 457 1841 487 &
1866 458 1995 488 conclusa
2020 460 2138 502 fuerint,
2164 475 2257 504 neque
2272 451 2333 498 'illis

1274 490 1484 529 quoquomodo
1499 490 1606 535 directe
1620 493 1666 522 vel
1682 493 1837 532 indirecte,
1856 495 1873 514 *²
1903 499 2003 534 quovis
2025 502 2143 538 quaelito
2166 507 2265 534 colore
2289 506 2334 537 vel
2354 503 2371 521 ‘¹‘
2386 505 2455 532 xvi

1273 537 1411 596 1prateteittu
1426 537 1681 568 contraventuros,
1699 533 1785 561 omni
1798 532 1866 562 dolo
1880 531 1976 564 fraude
1990 535 2022 565 &
2037 542 2203 578 exceptione
2225 543 2335 582 penitus
2357 545 2424 575 629.

1285 575 1398 598 emotis.

1278 644 1280 648 ,
1313 604 1346 635 In
1354 606 1438 673 1gujus
1452 602 1509 636 Rei
1524 606 1745 638 Testimonium
1760 607 1908 646 praesentes
1925 608 2042 643 Litteras
2056 613 2164 648 nostras
2184 618 2242 649 fieti
2264 620 2337 652 feci·

1274 652 1340 673 mus
1379 653 1492 676 arentes.

1309 719 1422 764 Datum
1445 721 1519 759 apud
1541 716 1684 752 Palatium
1706 721 1822 761 nastrum
1845 719 2091 767 Wstmonasterii,
2109 729 2230 765 'decimo
2251 745 2334 766 nono

1272 753 1331 788 Die
1347 759 1439 798 Maii,
1457 761 1546 792 Anno
1568 760 1694 791 Domini
1714 761 1747 792 &
1769 760 1972 799 RedemPtoris
1994 765 2082 796 nostri
2106 771 2253 803 millesimo
2275 774 2334 804 sex-

1271 797 1428 828 centefimo
1442 808 1560 837 quarto,
1576 800 1610 830 &
1627 797 1722 838 Regni
1739 798 1829 829 nostri
1847 800 1960 839 Angliae
1980 802 2105 835 Franciae
2126 808 2158 838 ὃς
2183 809 2333 843 Hiberniae

1271 835 1413 875 secundo,
1432 837 1466 868 δε
1480 837 1587 869 Scotiae
1603 838 1746 869 tricesimo
1760 839 1890 876 septimm

1403 913 1619 954 Subscripturn,

1629 992 1683 1021 Per
1699 991 1783 1032 ipsimi
1799 994 1904 1032 Regem.

1506 1066 1546 1097 Et
1563 1068 1721 1107 lignatum,
1883 1108 1903 1149 J
1923 1120 1944 1140 Δ
1963 1119 1981 1142 c
2000 1119 2020 1141 ο
2037 1119 2057 1141 B
2076 1111 2099 1142 ὕ
2117 1121 2129 1143 s
2164 1108 2205 1145 R

1379 1182 1421 1210 Et
1436 1179 1591 1220 sigillatum
1608 1185 1713 1222 Magno
1730 1180 1824 1223 sigillo
1841 1185 1964 1225 Angliae.

1313 1254 1349 1284 Et
1365 1257 1400 1291 ita
1412 1265 1499 1296 prout
1511 1257 1590 1295 supra
1603 1259 1655 1304 fuit
1668 1270 1717 1298 per
1734 1260 1803 1303 Nos
1815 1261 1946 1301 suprascri
1968 1272 2011 1295 tos
2022 1265 2056 1296 &
2074 1264 2263 1305 infrascriptos
2277 1267 2332 1299 Le-

1274 1301 1353 1332 gatos
1370 1294 1531 1333 Deputatos
1545 1296 1744 1329 Procuratores
1756 1301 1790 1331 &
1807 1300 1930 1331 Commi
1957 1303 2029 1333 arios
2053 1304 2202 1335 tractatum
2231 1306 2335 1337 stabili-

1275 1340 1338 1362 tum
1355 1334 1389 1364 &
1403 1334 1591 1373 conclusum,
1609 1338 1714 1368 virtute
1728 1337 1870 1370 dictarum
1886 1339 2045 1371 nostrarum
2064 1340 2334 1385 Commiffionum,

1273 1372 1502 1446 ¹§ceriipnfigtttjisriiiim
1521 1374 1554 1405 ὃς
1575 1375 1751 1414 singulorum
1771 1376 1873 1408 Fidem
1898 1378 1992 1410 Manu
2012 1378 2108 1411 nostra
2140 1383 2256 1420 propp-ja
2276 1384 2339 1415 sub,

1308 1481 1453 1531 j‘aondini,
1470 1486 1529 1518 Die
1543 1480 1684 1532 vigesimo
1696 1490 1804 1522 ostavo
1827 1491 1950 1530 Augusti
1975 1490 2071 1531 (Stilo
2095 1499 2191 1531 novo)
2219 1497 2252 1529 &
2277 1497 2336 1530 Die

1273 1524 1390 1556 decimo
1406 1526 1512 1557 octavo
1525 1528 1650 1565 ejusdem
1667 1527 1776 1562 Mensis
1792 1529 1880 1567 (Stilo
1897 1531 2005 1568 Veteri)
2022 1533 2110 1564 Anno
2123 1533 2248 1567 Domini
2265 1537 2337 1567 Mil-

1271 1562 1370 1595 lesirno
1387 1563 1590 1596 sexcentesimo
1606 1576 1715 1605 quarto.

1372 1639 1519 1684 JuAN
1558 1655 1619 1691 na
1657 1647 1911 1682 VELAsc'o
1948 1651 2162 1691 Condestable3

1378 1682 1446 1714 ΕΙ,
1486 1684 1675 1716 Conna
1713 1695 1774 1718 DE
1817 1688 2001 1721 Victa
2043 1689 2332 1734 Manliana,

1377 1723 1726 1756 ALEXANDER
1766 1727 2083 1768 Rovinius,

1378 1758 1646 1793 CRARLEs
1680 1763 1714 1794 P.
1754 1763 2341 1804 C0.n’ARaNnaRoPraeses:

1377 1798 1811 1833 Riemanno-rus.

1378 1837 1416 1867 L.
1455 1836 1851 1872 VERREYCKEN

1378 1912 1705 1948 T.“DORsa*r.

1383 1951 1773 1995 Nomneniiiu,

1378 1986 1781 2033 DavoNsnrnit,

1377 2028 1422 2058 H.
1459 2029 1938 2073 NORTHAMPTON,

1378 2066 1462 2099 Ro.
1500 2068 1685 2101 Cnch.

1310 2144 1380 2176 Nos
1395 2145 1494 2177 omnia
1510 2149 1543 2180 δε
1560 2148 1663 2187 singula
1676 2147 1746 2180 ditsti
1761 2149 1916 2181 Tractatfis
1930 2149 2059 2189 Capituia
2081 2151 2271 2192 suprascripta,
2291 2156 2340 2192 per

1275 2185 1389 2223 Nostros
1411 2186 1444 2215 &
1468 2187 1611 2217 diciorum
1631 2187 1820 2218 Archiducum
1839 2188 1964 2228 Austriae
1986 2192 2094 2219 Ducum
2116 2193 2281 2228 Burgundiae
2306 2196 2340 2224 <Sc

1274 2222 1377 2261 Jacoln·
1392 2227 1492 2261 Magni
1505 2227 1665 2255 Britanniae
1678 2229 1757 2263 Regis
1759 2228 1841 2296 ἑςυὶ
1858 2235 1929 2257 tunc
1945 2227 2060 2265 Angliae
2076 2231 2170 2259 Scottae
2185 2228 2222 2264 ὠ
2237 2231 2340 2261 Hiber-

1274 2264 1327 2291 niae
1343 2264 1554 2301 nominabatur)
1574 2264 1702 2294 Fratrum
1717 2267 1750 2295 &
1789 2265 2047 2302 onsanguineotum
2064 2266 2228 2299 nostrorum
2247 2269 2341 2300 Com-

1274 2300 1408 2330 miffirios
1423 2303 1593 2340 praedic‘tos,
1612 2308 1756 2333 conventa
1769 2303 1942 2334 concordata
1962 2305 1993 2335 &
2017 2307 2168 2344 conclusa,
2189 2308 2221 2338 ὃς
2241 2310 2340 2339 omnia

1274 2339 1308 2370 &a
1323 2339 1431 2375 singula
1444 2341 1591 2380 superinde
1605 2341 1633 2370 in
1650 2340 1749 2370 iisdem
1763 2349 1900 2373 contenta
1923 2343 1956 2373 ὅ(
1976 2343 2131 2381 specificata
2149 2367 2157 2382 ,
2178 2354 2233 2376 rata
2259 2346 2340 2377 firma

1277 2379 1312 2408 &
1331 2386 1409 2415 grata
1424 2378 1576 2417 habentes,
1595 2389 1627 2409 ea
1639 2380 1737 2409 omnia
1753 2381 1786 2411 ὃς
1800 2380 1914 2419 singula,
1934 2390 1985 2419 pro
2003 2381 2101 2412 Nobis
2117 2382 2290 2416 Haeredibus
2305 2386 2339 2414 ὃς

1274 2416 1488 2448 Siiccesloribus
1502 2418 1620 2458 nostris,
1636 2426 1774 2455 quatenus
1788 2418 1858 2449 Nos
1871 2427 1918 2449 aut
1934 2419 2070 2450 Haeredes
2092 2420 2272 2460 Successores
2293 2424 2339 2454 vel

1275 2452 1412 2485 Subditos
1427 2456 1539 2487 nostros
1557 2464 1739 2486 concernunt
1757 2465 1809 2488 aut
1829 2464 2002 2488 concernere
2027 2467 2178 2498 poterunt,
2205 2471 2337 2499 accepta-

1274 2503 1339 2524 mus
1350 2495 1544 2531 approbamus
1560 2495 1745 2532 ratificamus,
1763 2505 1796 2525 ac
1812 2496 2010 2527 inviolabiliter
2025 2497 2141 2528 firmiter
2165 2500 2240 2529 bene
2255 2502 2288 2531 δε
2304 2500 2338 2530 fi-

1273 2532 1372 2562 deliter
1389 2534 1548 2562 tenebimus
1561 2533 1773 2563 observabimus
1789 2534 1821 2565 &
1834 2534 2071 2573 adimplebimus,
2087 2537 2121 2567 &
2143 2547 2211 2566 cum
2226 2538 2335 2569 effetstu

1272 2571 1407 2601 faciemus
1428 2580 1456 2600 ut
1481 2572 1510 2600 in
1533 2571 1614 2600 dictis
1635 2570 1773 2609 Capitulis
1794 2574 1975 2611 continetur,
2001 2575 2034 2604 &
2056 2583 2104 2611 per
2125 2574 2263 2606 Subditos
2285 2587 2337 2607 no-

1274 2609 1343 2640 stros
1357 2617 1389 2637 ac
1406 2608 1575 2647 Regnorum
1592 2609 1757 2639 nostrorum
1773 2609 1884 2640 Incolas
1900 2612 1987 2641 teneri
2001 2612 2139 2642 observari
2154 2623 2187 2644 ac
2201 2615 2338 2654 adimple-

1272 2649 1294 2677 ri
1308 2656 1379 2677 cum
1394 2645 1498 2677 effectu
1512 2647 1665 2685 faciemus,
1692 2657 1745 2677 nec
1769 2650 1807 2678 eis
1828 2649 1937 2680 dii-ecte
1956 2649 2002 2679 vel
2028 2660 2077 2688 per
2098 2652 2270 2683 indiretfftum
2288 2663 2336 2692 per

1273 2686 1341 2716 Nos
1355 2687 1612 2723 contraveniemus,
1631 2695 1684 2716 nec
1700 2696 1748 2725 per
1763 2686 1902 2718 Subditos
1916 2688 2028 2718 nostros
2043 2691 2075 2720 &
2094 2689 2267 2729 Regnorum
2284 2701 2337 2722 no-

1273 2724 1395 2755 strorum
1414 2723 1527 2754 Incolas
1542 2726 1733 2755 contraveniri
1748 2724 1854 2755 directe
1879 2726 1924 2756 vel
1970 2737 1999 2756 er
2025 2727 2194 2758 indirectum
2219 2731 2339 2761 consen-

1271 2764 1392 2833 gemin)
1410 2763 1443 2792 &
1466 2764 1503 2793 ita
1525 2762 1601 2793 bon&⁴
1625 2762 1693 2793 Fide
1714 2763 1748 2793 &
1770 2764 1799 2792 in
1825 2764 1923 2794 Verbo
1980 2766 2048 2801 egio
2072 2768 2266 2803 promittimus
2288 2780 2337 2806 per

1301 2811 1338 2831 rae
1349 2810 1436 2832 entes:

1309 2840 1342 2871 In
1358 2848 1481 2877 quorum
1497 2840 1629 2870 omnium
1645 2840 1678 2871 δε
1692 2839 1866 2879 singulorum
1878 2840 2093 2872 Praemifforum
2111 2844 2209 2875 Fidem
2227 2846 2259 2875 δε
2274 2846 2337 2876 Te-

1271 2878 1463 2915 stimonium,
1489 2877 1541 2908 hiis
1565 2879 1747 2917 praesentibus
1770 2878 1871 2909 Literis
1892 2880 2013 2917 nostris,
2038 2881 2131 2912 Manu
2156 2883 2251 2914 nostrii
2270 2893 2336 2921 pro-¹

1270 2918 1330 2957 pria
1345 2917 1520 2954 subscriptis,
1539 2917 1572 2946 &
1587 2918 1622 2947 ab
1638 2927 1674 2946 eo
1700 2918 1749 2954 qui
1773 2917 1872 2948 Nobis
1898 2919 1913 2947 a
1935 2919 2056 2948 Secretis
2082 2920 2179 2951 Status
2202 2921 2243 2951 est
2264 2923 2334 2953 infra

1269 2955 1350 2994 posit'
1365 2954 1415 2985 sub
1430 2955 1518 2985 notat'
1531 2955 1662 2995 Sigillum
1680 2955 1808 2986 nostrum
1822 2957 1928 2994 apponi
1945 2957 2074 2987 fecimus„

1303 3036 1375 3067 Dat.
1393 3033 1560 3075 Vallifialeti,
1577 3035 1695 3066 decimo
1713 3038 1814 3074 quinto
1830 3036 1890 3068 Die
1907 3035 2016 3069 Mensis
2025 3037 2122 3078 Junii,
2147 3039 2237 3072 Anno
2262 3041 2329 3072 Do-‘

1266 3077 1337 3106 mini
1353 3075 1503 3105 millelimo
1521 3073 1722 3105 sexcentesimo
1735 3077 1845 3114 quinto,

1783 3148 2114 3185 Pnimppus
2151 3155 2191 3186 R.

1302 3226 1464 3264 Notandum
1482 3231 1633 3274 praefatum
1651 3232 1843 3272 Sereniffi'mum
1868 3236 2015 3272 Principem
2031 3234 2178 3273 Jacobum
2211 3235 2328 3274 R'Iagnae

1264 3271 1413 3304 Britanniae
1429 3273 1539 3312 Regem
1556 3277 1586 3302 in
1601 3271 1655 3312 ipsb
1672 3273 1810 3302 Tractatu
1831 3272 2017 3310 Capitulorum
2037 3274 2119 3311 pra‘d.
2126 3275 2231 3303 [lorum
2244 3283 2328 3314 atque

1262 3311 1317 3340 alio
1334 3316 1363 3341 in
1378 3311 1560 3351 Instrumenta
1587 3309 1618 3340 ἷιο
1632 3310 1840 3348 Rattficationis
1855 3312 2013 3349 eorundem,
2032 3313 2254 3341 Procuratoribus
2266 3316 2325 3342 Do-

1263 3353 1331 3379 mini
1344 3354 1394 3380 met'
1408 3349 1541 3380 Clementi
1559 3353 1608 3378 imi
1626 3348 1698 3378 Phili
1721 3350 1822 3389 pilejus
1837 3349 1976 3380 Nominis
1991 3350 2087 3380 Tertii
2111 3350 2326 3389 Hispaniarum,-

1262 3390 1324 3419 &c.
1352 3389 1439 3427 Regis
1468 3389 1577 3419 tradito
1593 3409 1602 3424 ,
1629 3391 1693 3417 Titu
1707 3399 1720 3416 o
1741 3386 1815 3426 uficm
1834 3386 1883 3426 effi·
1906 3387 1993 3426 Regis
2023 3388 2135 3426 Angliae
2159 3389 2322 3428 Scotiaeque

1262 3438 1338 3469 quem
1355 3438 1391 3456 ex
1404 3425 1450 3456 illo
1468 3436 1584 3467 tempore
1598 3429 1628 3455 in
1642 3425 1740 3455 Stilum
1756 3426 1873 3465 Magnae
1889 3425 2038 3457 Britanniae
2059 3429 2199 3464 mutavit,
2226 3429 2324 3457 Domi-

1262 3475 1312 3495 nus
1331 3466 1397 3497 Rex
1412 3466 1563 3496 mandavit
1578 3463 1655 3493 mihi.

1712 3543 1971 3575 Ennaeas
2008 3543 2253 3577 Arriani.

1328 3652 1356 3690 ’Ϊὲ
1383 3661 1546 3703 δονηνηὶψο
1568 3655 1612 3691 ad
1634 3659 1839 3692 Traffandum
1855 3671 1924 3692 cum
1948 3662 2039 3707 Rqgy's
2060 3660 2248 3695 Francorum

1785 3713 1789 3717 .
1854 3711 1871 3716 ..
2341 3687 2360 3705 θ
2373 3689 2396 3714 ἶ(
2403 3688 2455 3717 VI.

1675 3708 1893 3752 Commfftrns.

2337 3727 2405 3762 630.

1262 3806 1384 3861 REX
1395 3828 1405 3843 ,
1422 3806 1482 3836 &c.
1501 3803 1573 3834 fideli
1589 3804 1622 3835 &
1639 3803 1743 3833 dilecto
1759 3802 1858 3833 Nobis
1871 3802 1977 3833 Thomae
1994 3805 2085 3844 Par-ry
2102 3804 2193 3836 Militi
2209 3806 2318 3847 Legato
2340 3815 2397 3838 Κατ.

1337 3845 1437 3875 nostro
1451 3845 1479 3872 in
1496 3841 1614 3872 Francia
1627 3841 1757 3871 residenti
1772 3864 1781 3879 ,
1798 3842 1934 3872 Salutem.
2339 3851 2454 3876 Tradat.

1295 3881 1408 3913 Humili
1426 3881 1565 3912 Petitione
1585 3879 1773 3922 Subditorum
1797 3879 1959 3910 nostrorum
1980 3881 2009 3910 in
2033 3880 2149 3912 Francia
2171 3884 2317 3923 negotian-
2339 3890 2416 3914 Amin
2443 3897 2468 3912 2,

1259 3921 1332 3950 tium
1353 3931 1387 3951 ac
1412 3918 1600 3949 mercaturam
1622 3918 1816 3948 exercentium
1836 3918 2060 3949 demonstratum
2082 3922 2192 3959 e‘xritit,
2217 3922 2316 3960 quod,
2339 3925 2371 3958 (ῥα
2394 3935 2417 3961 3.

1258 3959 1325 3990 licet
1340 3969 1388 3996 per
1402 3958 1433 3988 T
1436 3959 1553 3988 ractatus
1570 3964 1712 3995 perpetuae
1730 3955 1809 3986 Pacis
1822 3966 1854 3986 ac
1871 3955 2047 3988 intercursus
2061 3960 2094 3990 ὃς
2116 3957 2316 3997 Commercii,
2339 3964 2400 4000 Jac.
2423 3972 2443 3989 it

1259 3998 1332 4028 in'ter
1345 4000 1427 4033 Reges
1446 3993 1559 4031 Angliae
1576 3993 1772 4025 Anteceffores
1786 3994 1895 4025 nostros
1916 3996 1948 4026 ὃ(
1970 3997 2053 4033 Reges
2081 3999 2242 4028 Frtincorum
2265 4000 2318 4027 ini-
2342 4011 2377 4030 m.
2403 4008 2426 4027 ι,

1260 4043 1303 4066 tos
1317 4037 1350 4067 ὃς
1364 4034 1532 4071 conclusos,
1550 4032 1739 4064 constitutum
1756 4032 1837 4063 fuerit
1852 4043 1885 4063 ac
1900 4033 2049 4065 stabilitum

1298 4073 1400 4113 Quini,
1417 4072 1544 4113 quamdiu
1560 4072 1623 4101 Pax
1639 4069 1677 4106 ὠ
1697 4073 1832 4139 ‘missia‘
1846 4075 1954 4110 integra
1977 4058 2165 4115 inviolataque
2178 4082 2327 4140 pemani?

1813 4120 1831 4139 2
2304 4117 2328 4138 it
