2557 4279
154 75 208 115 54
663 53 1899 109 coNvENTroN533L1TERAE

9 145 78 177 Anu
96 143 139 176 D·
167 149 292 187 expressa
300 172 319 193 ,Δ
329 149 434 180 dederit
446 149 481 190 ξ(
493 146 667 190 concesserit
678 146 786 191 dile&0
799 145 922 190 Subdito
934 144 985 176 suo
997 146 1121 176 Andreae
1133 142 1233 180 Bright
1271 150 1370 185 eorum
1385 143 1462 173 alteri
1476 143 1657 181 conjunffim
1674 144 1707 175 ὃ(
1721 143 1832 175 divisim
1841 167 1850 181 ,
1867 152 1926 174 tam
1940 151 1988 180 per
2002 142 2101 181 seipsos
2117 147 2202 183 quam
2214 155 2264 185 per
2278 145 2336 177 suf·
2359 140 2433 173 Ann.
2442 137 2486 175 Dss

31 184 117 220 1623-
169 187 284 219 Locum
302 192 356 219 five
372 185 513 229 Officium
528 184 693 215 Distillandi
710 185 825 216 Herbas
839 184 1009 223 odoriferas,
1037 186 1070 217 &
1084 183 1241 214 odoriferas
1275 179 1419 211 ficientem
1440 180 1621 218 Deputatum
1636 182 1718 212 suurn
1735 182 1791 212 five
1807 181 1968 213 Denutatos
1985 180 2047 212 suos
2070 182 2238 215 sufficientes
2274 185 2329 216 five
2375 177 2459 222 1623.

15 221 141 265 23J2⁶·1·
171 228 269 263 Aquas
284 237 336 264 pro
355 226 478 256 Servitio
491 223 540 253 suo
558 223 737 266 deducendi,
754 234 788 255 ac
805 223 899 261 ipsum
914 223 1062 253 Andream
1076 221 1176 259 Bright
1187 218 1241 250 Di-
1276 217 1458 256 Deputatum
1472 229 1519 250 aut
1537 219 1695 257 Deputatos
1710 214 1897 257 sufficientes,
1914 229 2013 250 eorum
2028 220 2155 260 alterius,
2172 222 2206 252 ad
2214 208 2332 254 Termi-
2355 219 2481 259 21Jac.i,

172 264 336 295 stillatorein
353 263 516 292 Herbarum
531 262 737 292 odorirerarum
752 262 785 293 &
802 263 953 300 Aquarum
966 261 1173 292 odoriferarum
1183 268 1238 296 pro
1274 266 1345 286 num
1357 280 1366 294 ,
1384 258 1418 288 &
1434 267 1485 293 pro
1500 259 1534 289 ὃς
1548 258 1665 288 durante
1680 259 1824 289 Termino
1843 258 1919 288 Vitae
1934 259 2061 289 naturalis
2083 260 2250 290 eorumdem
2266 264 2334 292 Ana

172 304 296 334 Servitio
319 302 380 344 suo·
395 300 595 330 Dedu&orem
621 310 670 338 per
688 300 834 338 praedidias
855 300 963 331 Literas
987 299 1119 330 Patentes
1137 297 1237 328 fecerit
1273 291 1345 338 dreae
1361 295 1462 332 Bright
1473 296 1506 327 ὃς
1532 296 1671 326 Edmundi
1687 296 1862 336 Doublfflay,
1881 297 1914 327 &
1931 296 2006 328 Vitae
2029 299 2157 329 naturalis
2177 309 2279 330 eorum
2294 300 2334 330 al-

170 342 204 373 &
223 341 417 376 ordinaverit,
441 348 474 369 ac
492 339 578 368 etiam
596 339 705 370 dederit
725 339 758 370 &
776 339 949 370 concesserit
968 339 1088 376 praefaro
1112 337 1239 366 Andreae
1274 341 1356 375 terius
1369 333 1473 365 diutius
1486 335 1656 374 viventium,

170 380 273 416 Bright
291 378 436 408 Officium
451 376 630 408 custodiendi
641 401 651 417 ,
677 378 733 408 five
758 377 947 415 Custodiam,
973 376 1158 407 Bibliothecae
1180 374 1237 405 suae
1310 370 1346 401 ht
1360 371 1520 404 dederimus
1534 373 1568 404 &
1584 373 1804 404 concesserimus
1817 383 1868 411 per
1883 373 2028 410 praedffiias
2038 374 2145 406 Literas
2158 375 2264 407 nostras
2279 376 2333 407 Pa-

169 417 295 448 VVestm.
314 417 438 447 scituatae
455 417 487 447 &
504 415 647 446 existentis
664 416 736 447 infra
749 415 897 447 Pallatium
914 415 994 445 suurn
1011 415 1046 444 de
1059 412 1188 444 Westm.
1201 421 1236 443 ac
1272 417 1363 453 tentes
1376 410 1478 442 eisdem
1491 411 1617 442 Andreae
1633 412 1735 449 Bright
1747 413 1780 443 ὃς
1797 411 1941 441 Edmundo
1956 412 2116 452 Doubleday
2127 414 2159 444 &
2173 424 2274 445 eorum
2292 415 2332 445 al-

169 455 291 486 eundem
307 454 454 498 Androm
473 453 575 492 Bright
595 454 755 485 Custodem
770 453 855 485 dietae
879 452 1066 484 Bibliothecae
1081 452 1137 482 suae
1159 451 1236 482 fece-
1272 456 1322 491 terr
1341 448 1444 480 diutius
1459 451 1584 491 viventi,
1605 461 1658 491 pro
1681 451 1824 482 Exercitio
1845 450 1916 480 Loci
1939 450 1995 481 five
2017 449 2122 482 Officii
2142 452 2270 489 praediffl
2290 453 2334 484 di-

170 497 206 525 rit
228 496 260 526 ὅ(
278 494 451 524 ordinaverit
471 502 520 532 per
540 494 649 524 Literas
669 493 725 524 suas
742 492 871 524 Parentes
889 491 1052 529 praediCia53
1272 485 1412 531 s’tillandi,
1431 489 1571 529 quandam
1588 490 1776 521 Annuitatem
1791 490 1846 519 sive
1861 490 2010 519 annualem
2028 488 2198 520 Penfionem
2221 490 2332 530 Tresdea

204 532 381 576 Haben-dum
397 531 588 563 exercendum
603 532 635 562 &
650 531 829 570 gaudendum
843 531 955 561 dietum
972 527 1089 559 Locum
1104 527 1162 558 five
1174 527 1233 558 Of·
1271 534 1322 553 ctm
1347 526 1497 569 Librarum
1512 528 1565 568 fix
1586 529 1736 559 Solidorum
1752 527 1790 563 ὠ·
1804 528 1862 557 osto
1882 528 2069 557 Denariorum
2091 528 2183 567 legalis
2204 528 2335 562 Monetae

172 570 270 602 ficium
286 569 436 615 distillandi
451 569 560 601 Herbas
570 570 707 608 praedidio
720 570 844 600 Andreae
858 566 959 610 Bright
976 575 1091 604 tamper
1103 567 1131 598 se
1144 567 1233 605 quem
1273 562 1407 607 Angllae3
1425 575 1460 597 ac
1473 567 1558 598 etiarn
1574 570 1680 605 Viginti
1694 574 1808 607 quotuor
1823 564 1924 596 solidos
1938 575 1992 603 pro
2012 565 2144 597 Vestibus
2162 567 2194 598 δι
2217 566 2336 600 Libera-

13 613 26 624 ·
46 607 143 634 XVII.
168 619 219 648 per
235 609 426 640 sufficientem
445 609 625 647 Dcpuratum
654 609 673 629 '¹‘
697 610 793 646 suum,
816 605 985 637 immediate
1009 604 1073 643 post
1098 605 1232 636 Mortem
1271 609 1339 632 turis
1350 603 1418 633 suis:
2344 612 2346 614 ’

39 655 72 681 4,·
83 656 105 673 ¹-
168 648 313 692 cujusdam
328 647 435 691 Thomae
450 650 536 686 Seex,
555 648 601 678 vel
618 658 702 686 quarn
719 647 846 684 primum
861 644 956 675 dietus
971 643 1070 674 Locus
1083 643 1139 674 five
1151 642 1232 674 Offi-
1311 639 1487 673 Habendum
1503 643 1687 683 gaudendum
1703 644 1736 675 &
1749 640 1893 673 annuatim
1909 642 2126 681 percipiendum
2137 667 2147 681 ,
2164 651 2223 674 tam
2238 644 2342 684 praedia

167 698 246 718 crum
267 697 294 717 in
316 686 454 717 Manibus
479 695 527 717 aut
540 686 732 723 Dispofitione
752 687 795 714 sua
813 706 823 721 ,
850 682 1011 714 Haeredum
1024 683 1058 714 &
1079 681 1231 714 Succeffo-
1273 677 1336 709 &OS
1352 682 1463 719 Viginti
1475 690 1596 722 quatuor
1607 680 1708 712 solidos
1723 690 1776 719 pro
1790 680 1923 713 Vestibus
1942 682 1975 712 ὃ(
1993 681 2167 713 Liberaturis
2186 683 2252 720 suis,
2270 693 2340 715 eroa

164 735 229 756 ium
255 725 372 757 suorum
405 725 538 756 devenire
568 725 720 762 contigerit
734 746 744 762 ,
782 722 816 753 ad
845 722 1020 752 Terminum
1051 720 1130 751 Vitae
1151 720 1232 759 ipsius
1273 716 1388 748 Festum
1403 720 1522 750 Natalis
1539 724 1652 751 Domini
1668 721 1800 758 tanturn,
1816 720 1903 759 quam
1921 719 2085 758 praediehim
2105 706 2337 752 Annuitatem‘fi-

165 765 310 808 Andreaej
329 775 361 808 ac
377 764 542 794 habendum
556 762 738 805 gaudendum
755 762 787 791 &
802 760 993 791 exercendum
1007 758 1153 790 Officium
1168 759 1232 790 Cu-
1273 766 1309 786 ve
1321 758 1470 789 annualem
1488 759 1663 790 Penfionem
1680 758 1826 798 Trefii‘ecim
1841 759 1992 788 Librarum
2005 757 2054 797 [ἐκ
2069 758 2215 789 solidorum
2232 756 2336 794 &0530

166 803 254 846 s'todis
267 802 456 834 Bibliothecae
472 803 527 832 suae
544 800 689 840 praedieiae
703 800 822 842 praefato
838 799 964 829 Andreae
978 797 1169 837 Bright,tam
1180 808 1230 837 per
1272 797 1477 837 Denariorum‚
1492 798 1528 828 de
1544 797 1692 829 Thesauro
1711 797 1810 828 nostro
1830 796 1991 827 Haeredum
2010 799 2044 829 ὅ(
2063 797 2265 829 Succefforum
2283 807 2338 829 no-

162 846 190 872 ie
205 844 293 882 quem
307 842 495 873 sufficientem
515 839 695 877 Deputatum
713 842 808 876 suum,
824 837 991 868 immediate
1011 835 1079 875 post
1095 837 1229 868 Mortem
1272 833 1412 874 strorum,
1438 846 1488 876 per
1511 835 1618 868 Manus
1638 836 1816 867 Thesaurarii
1837 836 1871 867 ὅ(
1893 834 2125 868 Camerariorum
2146 837 2268 875 ejusdem
2283 847 2338 876 pro

164 881 311 920 cujusdam
335 879 477 911 Anthonii
502 881 633 916 Martin,
661 877 706 907 vel
720 887 805 916 quam
827 876 935 907 rimum
950 875 1093 906 Officium
1116 875 1185 906 illud
1199 876 1230 906 in
1272 880 1402 912 tempore
1417 875 1615 914 existentium,
1633 875 1807 912 solvendam,

164 920 296 951 manibus
309 921 342 951 &
357 918 535 958 dispositione
550 917 595 947 sua
609 915 771 946 Haeredum
778 926 813 946 vc
837 914 1041 946 Successorum
1057 914 1170 945 suorum
1179 914 1230 946 de·
1309 911 1355 941 Ac
1370 913 1455 943 etiarn
1470 923 1518 952 per
1534 913 1644 944 easdem
1658 913 1766 945 Literas
1781 913 1908 944 Patentes
1929 912 2089 944 dederimus
2110 914 2143 944 &
2165 915 2337 946 concefferi÷

162 959 263 990 venire
276 958 446 997 contigerit,
463 956 580 986 durante
595 955 718 985 termino
737 953 812 984 Vitae
826 953 908 991 ipsius
923 954 1065 992 Andrea,
1084 954 1141 984 unii
1159 963 1230 984 cum
1272 958 1336 980 mus
1348 950 1454 982 eisdem
1469 953 1594 982 Andreae
1609 952 1712 990 Bright
1725 954 1760 984 &
1774 952 1918 982 Edmando
1930 951 2088 990 Doubleday
2102 952 2134 983 &
2149 963 2250 984 eorum
2265 955 2336 985 alte-

163 998 300 1028 omnibus
322 995 590 1027 Commoditatibus
613 992 751 1032 Regardis
772 992 958 1027 Advantagiis
985 991 1174 1022 Libertatibus
1194 993 1229 1024 &
1271 988 1301 1031 ri·
1316 988 1417 1020 diutius
1435 991 1557 1028 viventi,
1585 999 1638 1028 pro
1659 991 1804 1022 Exercitio
1827 990 1930 1021 Officii
1956 989 2092 1020 Custodis
2114 991 2169 1022 five
2184 991 2334 1025 Custodiae

163 1035 409 1067 Praeheminentiis
423 1032 639 1075 quibuscunque
652 1033 750 1062 eidem
764 1030 878 1062 Officio
893 1029 1031 1061 Custodis
1045 1040 1229 1069 quoquomo-
1269 1026 1461 1059 Blbliothecae
1477 1028 1583 1059 nostrae
1595 1029 1757 1067 praedffiae,
1775 1028 1918 1067 quandam
1934 1029 2051 1060 alteram
2078 1028 2260 1061 Annuitatem
2277 1032 2334 1062 five

161 1076 201 1105 do
220 1073 421 1113 pertinentibus
442 1074 497 1102 {ive
509 1071 708 1114 spectantibus.
1270 1066 1423 1097 annualem
1439 1066 1600 1098 Redditum
1616 1070 1725 1106 Viginti
1741 1071 1904 1097 Marcarmn
1916 1067 2014 1105 legalis
2023 1066 2157 1098 Monerae
2169 1067 2335 1109 Angliaeper

201 1113 339 1150 Cumque
353 1111 464 1141 ulterius
487 1110 562 1139 dicta
579 1112 683 1146 Regina
704 1107 811 1139 dederit
828 1109 862 1140 &
880 1106 1053 1138 concesserit
1072 1117 1122 1145 per
1140 1106 1229 1138 diCtas
1270 1103 1408 1135 Annum:

158 1152 268 1184 Literas
286 1153 342 1180 suas
362 1149 489 1180 Parentes
510 1158 561 1186 pro
580 1148 616 1178 Se
637 1147 809 1190 Haeredibus
827 1148 861 1179 &
881 1145 1096 1177 Successoribus
1113 1146 1165 1177 suis
1185 1147 1228 1177 ei-
1306 1142 1479 1175 Habendam
1493 1145 1528 1176 &
1541 1145 1686 1175 annuatim
1700 1143 1914 1183 percipiendam
1930 1143 2053 1175 eandem
2077 1143 2263 1176 Annuitatem
2278 1146 2335 1178 five

158 1193 225 1221 dem
248 1189 373 1219 Andreae
392 1186 490 1225 Bright
510 1197 564 1224 pro
581 1186 729 1216 Exercitio
748 1185 827 1215 Loci
853 1185 909 1216 five
939 1185 1041 1216 Officii
1063 1184 1101 1215 sui
1120 1186 1226 1222 praedj-
1269 1181 1419 1212 annualem
1437 1181 1596 1212 Redditum
1614 1184 1723 1220 Viginti
1735 1186 1901 1213 Marcarum
1915 1182 2035 1220 praefatis
2051 1183 2174 1212 Andreae
2191 1184 2333 1222 Bright&

159 1230 200 1261 cti
232 1227 381 1259 distillandi
407 1250 416 1265 ,
455 1225 595 1263 quandam
629 1225 814 1256 Annuitatem
847 1224 904 1255 five
933 1224 1083 1254 annualem
1109 1222 1223 1254 Pensio·
1268 1219 1413 1250 Edmundo
1428 1220 1586 1261 Doubleday
1603 1223 1637 1254 ὃ(
1651 1221 1806 1261 Affignatis
1820 1221 1887 1260 suis,
1906 1222 1943 1252 de
1957 1221 2105 1252 Thesauro
2126 1220 2224 1252 nostro
2240 1232 2270 1254 ut
2289 1223 2334 1255 su·

163 1277 232 1299 nem
251 1266 401 1305 {Irefilecim
418 1266 571 1295 Librarum
601 1274 635 1292 ex
654 1263 801 1294 Solidorum
820 1260 858 1297 ὠ
878 1263 935 1291 otio
955 1265 1142 1292 Denariorum
1159 1274 1170 1301 3
1191 1272 1225 1293 ac
1266 1267 1317 1295 pra
1330 1258 1513 1296 solvendam,

159 1308 244 1339 etiam
264 1308 364 1344 Viginti
379 1312 496 1345 quatuor
511 1302 566 1333 Soli
588 1313 616 1332 os
633 1312 685 1340 pro
701 1301 787 1332 Veste
800 1301 832 1332 &
850 1301 1014 1331 Liberatura
1032 1300 1095 1338 sua,
1307 1295 1345 1340 Et
1362 1297 1492 1337 ulterius,
1509 1309 1559 1336 per
1573 1298 1683 1330 easdem
1703 1298 1811 1330 Literas
1823 1299 1970 1337 Parentes,
1994 1297 2154 1329 dederimus
2168 1301 2202 1332 &
2215 1301 2337 1332 conces-

198 1345 369 1376 Habendam
386 1342 566 1383 gaudendam
581 1343 615 1373 ὃ(
633 1340 779 1371 annuatim
800 1339 1030 1382 percipiendam,
1046 1347 1104 1369 tarn
1122 1340 1227 1376 Viginti
1268 1333 1384 1379 serimus
1407 1336 1513 1367 eisdem
1534 1338 1662 1368 Andreae
1688 1335 1791 1375 Bright
1815 1337 1850 1368 &
1869 1337 2014 1367 Edmundo
2034 1337 2191 1377 Doubleday
2213 1339 2335 1378 conjun-

159 1390 277 1424 quatuor
293 1382 394 1413 Solidos
409 1391 462 1420 pro
474 1380 562 1412 Veste
577 1381 610 1410 &
629 1379 798 1409 Liberatura
813 1380 876 1415 sua,
894 1385 959 1414 erga
976 1377 1092 1408 Festum
1106 1377 1226 1407 Natalis
1268 1372 1340 1404 &im
1368 1375 1402 1406 &
1425 1375 1538 1406 divisim
1557 1399 1566 1414 ,
1604 1376 1638 1407 &
1664 1386 1768 1407 eorum
1790 1376 1867 1407 alteri
1889 1376 1992 1406 diutius
2017 1375 2137 1407 Viventi
2164 1377 2336 1409 Custodiam

159 1425 273 1453 Domini
288 1422 418 1458 tantum,
437 1420 523 1458 quim]
539 1418 704 1457 praedi&am
722 1417 907 1447 Annuitatem
922 1415 978 1447 five
986 1416 1140 1447 annualem
1150 1416 1228 1448 Pen-
1267 1411 1366 1456 Clavis
1382 1412 1427 1443 vel
1445 1413 1582 1445 Clavium
1603 1414 1747 1452 praedictae
1766 1414 1953 1446 Bibliothecae
1971 1413 2075 1444 nostrae
2092 1424 2177 1452 prout
2195 1426 2244 1454 per
2262 1426 2334 1454 prae-

160 1462 271 1493 fionem
286 1460 433 1500 TreJdecim
447 1458 599 1488 Librarum
606 1455 659 1495 sex
684 1454 832 1499 Solia'orum
847 1453 886 1489 ό·
901 1455 960 1484 cllo
974 1457 1157 1486 Denariorum
1190 1455 1227 1487 de
1267 1450 1358 1482 dieras
1377 1451 1486 1483 Literas
1504 1453 1610 1484 nostras
1628 1453 1758 1484 Patentes
1776 1454 1899 1484 similiter
1925 1453 2035 1491 plenius
2054 1453 2142 1491 liquet
2166 1455 2199 1484 &
2218 1463 2333 1493 apparet

159 1500 310 1544 Thesauro
327 1500 377 1530 suo
391 1496 549 1541 Haeredum
565 1496 597 1526 δε
614 1494 818 1538 Successorurn
832 1493 1019 1538 suorum,par
1030 1493 1135 1538 Manus
1143 1478 1227 1526 'I'he-
1266 1491 1315 1528 qui
1332 1491 1448 1529 quidem
1466 1491 1627 1523 Edmundus
1645 1492 1804 1534 Doubleday
1824 1501 1856 1524 ut
1881 1493 2042 1531 accepimus
2063 1491 2235 1530 jamdudum
2254 1503 2334 1525 mor-

159 1540 268 1570 siurarii
287 1539 322 1569 δε
347 1536 580 1568 Camerariorum
602 1532 724 1570 ejusdem
746 1541 800 1570 pro
821 1539 952 1569 ternpore
974 1531 1173 1571 existentium,
1189 1533 1225 1564 ad
1266 1536 1330 1559 tuus
1347 1529 1405 1568 est,

161 1578 326 1616 Receptam
347 1575 483 1607 Scaccarii
506 1574 545 1603 sui
567 1570 728 1601 Haeredum
750 1571 784 1602 ὃς
803 1569 1008 1602 Successorum
1030 1570 1164 1609 suorum,
1191 1572 1226 1603 ad
1282 1606 1287 1611 ,
1305 1567 1406 1599 Sciatis
1421 1570 1501 1608 quod
1519 1570 1605 1609 Nos,
1621 1571 1657 1602 de
1671 1571 1773 1602 Gratia
1789 1570 1884 1602 nostra
1898 1569 2028 1609 speciali,
2042 1579 2076 1602 ac
2091 1577 2125 1602 ex
2140 1579 2217 1602 certa
2230 1571 2334 1604 Scien-

165 1615 246 1647 Festa
269 1616 368 1646 Saneli
380 1611 523 1643 Michaelis
538 1608 709 1654 Archangeli
723 1610 756 1641 &
772 1611 1007 1639 Anrmnciationis
1021 1608 1108 1639 beatae
1124 1612 1228 1641 Mariae
1267 1613 1304 1636 tm
1319 1607 1352 1638 &
1371 1617 1452 1639 mero
1469 1608 1559 1641 Motu
1577 1609 1695 1648 nostris,
1714 1616 1769 1647 pro
1783 1609 1897 1641 diverfis
1918 1608 2015 1639 Caufis
2035 1610 2069 1640 δε
2090 1608 2332 1640 Considerationi-

160 1657 281 1692 Virginis
295 1664 344 1692 per
359 1652 478 1691 aequales
494 1649 645 1680 Portiones
670 1647 851 1692 solvendam:>
873 1647 966 1685 primii
987 1647 1138 1681 Solutione
1160 1649 1227 1680 inde
1268 1644 1320 1675 bus
1336 1644 1404 1676 Nos
1419 1647 1454 1677 ad
1471 1646 1596 1678 Praesens
1611 1648 1764 1685 specialiter
1780 1649 1981 1686 moventibus,
1996 1647 2126 1678 dedimus
2139 1649 2174 1680 ὃς
2191 1647 2336 1680 conceffi-

156 1693 321 1732 incipienda
335 1691 368 1722 ad
384 1689 452 1721 illud
462 1687 578 1719 Festum
594 1685 743 1732 Festorum
759 1686 963 1730 praedieiorum
973 1686 1051 1724 quod
1060 1688 1225 1725 proximum
1269 1692 1349 1721 muS,
1373 1694 1406 1716 ac
1423 1695 1472 1722 per
1492 1684 1661 1724 Praesentes,
1687 1695 1741 1724 pro
1759 1685 1859 1716 Nobis
1877 1685 2050 1717 Haeredibus
2063 1686 2096 1716 &
2115 1685 2334 1718 Succefforibus

157 1734 285 1764 evenerit
300 1730 452 1770 postquam
468 1727 601 1758 Andreas
622 1725 723 1770 ljssrtght
737 1724 852 1755 dietum
867 1725 984 1755 Locum
1008 1725 1065 1755 five
1078 1724 1223 1757 Officium
1268 1721 1389 1762 nostris,
1417 1724 1515 1754 damus
1537 1724 1570 1755 &
1593 1724 1800 1762 concedimus,
1821 1723 1930 1754 dileeto
1950 1725 1983 1754 ὃ(
2001 1723 2075 1754 fideli
2094 1723 2214 1755 Subdito
2234 1725 2334 1757 nostro

158 1770 330 1809 (similandi,
348 1769 452 1802 virtute
471 1765 582 1800 illarum
605 1764 767 1799 Literarum
783 1763 897 1797 suarum
912 1762 1077 1797 Parentium
1091 1764 1225 1803 gauderet
1267 1760 1412 1804 Edwardo
1426 1763 1540 1792 Birkitt
1555 1761 1721 1799 Generoso,
1739 1761 1911 1802 Praedistum
1925 1761 2040 1792 Locum
2054 1762 2110 1792 sive
2131 1762 2276 1795 Officium
2289 1764 2334 1795 di-

159 1811 193 1843 &
229 1809 377 1841 offideret:
1266 1797 1388 1830 stillandi
1402 1799 1515 1832 Herbas
1528 1801 1699 1840 odoriferas,
1708 1801 1741 1832 δε
1757 1799 1854 1838 Aquas
1867 1800 2022 1832 odoriferas
2030 1810 2083 1838 pro
2096 1800 2217 1832 Servitio
2231 1802 2332 1833 nostro

226 1859 242 1880 c
257 1850 341 1881 etiarn
355 1847 461 1879 dederit
476 1847 510 1878 &
526 1843 696 1878 concesserit
710 1853 761 1883 per
775 1843 922 1883 praedidhs
930 1843 1037 1876 Literas
1052 1843 1109 1875 suas
1122 1841 1226 1876 Paten-
1272 1836 1453 1883 deducendi,
1472 1850 1506 1872 ac
1521 1838 1613 1878 ipsum
1628 1839 1805 1877 Edwardum
1823 1840 1933 1869 Birkitt
1954 1838 2161 1870 Distillatorem
2174 1839 2338 1872 Herbarum

158 1899 218 1929 tes,
236 1898 288 1926 pro
302 1888 329 1918 se
344 1886 516 1918 Haeredibus
530 1885 563 1916 &
578 1882 797 1916 Succefforibus
812 1882 981 1923 suis‚eidem
990 1883 1116 1913 Andreae
1123 1882 1226 1921 Bright
1270 1876 1482 1910 Odorlfiirafflm
1499 1878 1533 1910 ὅ(
1549 1878 1697 1917 Aqual'um
1710 1878 1919 1909 odoriferarum
1935 1887 1989 1915 1³10
2011 1876 2134 1910 servitio
2156 1878 2258 1909 n0str0
2271 1878 2334 1912 De-

158 1938 212 1969 pro
230 1927 379 1960 Exercitio
393 1925 499 1956 Officii
513 1922 692 1956 custodiendi
709 1922 765 1953 five
780 1921 932 1954 Custodiae
955 1921 1146 1953 Bibliothecae
1168 1924 1225 1954 suae
1266 1914 1420 1948 duetorem
1434 1917 1556 1949 facimus
1570 1918 1604 1949 &
1616 1917 1781 1948 ordinamus
1793 1926 1843 1954 per
1858 1916 2022 1948 Praesentes.

157 1969 317 2006 praedietae,
335 1964 477 2005 quandam
493 1963 608 1994 alteram
624 1961 808 1993 Annuitatem
822 1961 880 1993 five
901 1960 1049 1992 annualem
1067 1960 1229 1993 Redditum'
1304 1955 1351 1986 AC
1366 1956 1455 1987 etiam
1469 1965 1503 1987 ex
1517 1955 1618 1987 eadem
1635 1955 1737 1987 Gratia
1752 1954 1847 1987 nOstra
1859 1955 1987 1994 speciali,
2005 1964 2038 1986 ac
2054 1964 2106 1993 pro
2119 1954 2333 1989 Consideratio-

157 2008 259 2046 Viginti
273 2009 434 2036 Marcarum
453 2001 649 2040 sterlingorum
661 2010 716 2046 ’per
729 1999 867 2031 Annum:
1266 2002 1303 2038 ¹¹?-
1317 1995 1453 2033 praedicta
1467 1995 1567 2026 damus
1582 1995 1615 2026 &
1630 1992 1820 2026 concedimus
1841 1994 1937 2025 eidem
1959 1994 2103 2024 Edwardo
2121 1995 2232 2025 Birkitt
2249 1995 2330 2028 Offi-

193 2044 366 2077 Habendam
381 2043 414 2074 &
429 2042 575 2073 annuatim
590 2038 804 2078 percipiendam
819 2038 939 2070 eandem
957 2038 1143 2071 Affinitatem
1167 2039 1225 2079 five
1265 2033 1489 2077 ciumCustodis
1496 2033 1553 2064 five
1561 2032 1731 2065 Custodiam
1739 2031 1928 2064 Bibliothecae
1937 2032 2040 2064 nostrae
2046 2032 2190 2071 praedietae
2200 2034 2330 2066 Westm.

155 2085 305 2118 manualem
323 2081 481 2113 Redditum
498 2081 598 2121 Vigiriti
611 2081 773 2108 Marcarum
787 2077 906 2115 praefato
929 2078 1054 2108 Andreae
1075 2077 1177 2117 Bright
1189 2080 1224 2112 ὃς
1262 2070 1386 2104 scituatae
1409 2073 1451 2104 δι’
1467 2071 1610 2104 existentis
1632 2072 1705 2102 infra
1728 2070 1879 2103 Pallatium
1897 2071 2029 2102 nostrum
2045 2071 2082 2103 'de
2105 2071 2233 2103 Westm.
2258 2076 2332 2112 praess·

158 2124 308 2164 Affignatis
328 2121 396 2159 suis,
422 2119 458 2150 de
485 2118 635 2149 Thesauro
648 2116 697 2147 suo
712 2115 870 2147 l-laeredum
893 2116 926 2147 ὃ(
942 2115 1145 2148 Successori-im
1159 2117 1224 2150 suo·
1263 2110 1367 2150 diffie,
1391 2121 1426 2142 ac
1449 2110 1573 2142 eundem
1595 2110 1772 2140 Edwardum
1797 2110 1922 2149 Birkitt,
1951 2109 2112 2142 CustOdem
2134 2109 2327 2143 Bibliothecae

157 2162 240 2202 rum,
258 2162 292 2193 ad
309 2160 470 2197 Receptam
484 2156 628 2189 Scaccarii
644 2155 683 2186 sui
700 2154 860 2185 Haeredum
886 2155 920 2185 δε
943 2154 1147 2186 Successorum
1160 2159 1226 2189 suo·
1261 2149 1367 2181 nostrae
1391 2149 1536 2190 praedscrae
1557 2150 1679 2182 facimus
1702 2148 1904 2182 constituimus
1928 2149 1962 2181 δε
1985 2149 2149 2181 ordinamus
2167 2159 2217 2188 per
2242 2149 2325 2182 Prae-

157 2213 237 2241 rum,
255 2211 304 2240 per
321 2198 427 2230 Manus
439 2196 616 2228 Thesaurarii
631 2195 664 2224 δὲ
679 2192 913 2230 Camerariorum
937 2193 1060 2233 ejusdem
1078 2204 1132 2233 pro
1147 2205 1224 2228 tern-
1261 2188 1370 2230 sentes,

155 2251 225 2280 pore
242 2238 421 2272 existentium
436 2236 471 2266 ad
485 2234 568 2280 Festa
584 2234 680 2280 §asisii
697 2231 843 2263 Michaelis
857 2229 1030 2277 Archangeli
1044 2229 1079 2265 &
1095 2237 1222 2267 Annun-
1299 2228 1439 2274 Habenda
1453 2229 1610 2263 exercenda
1624 2229 1658 2262 &
1673 2228 1823 2270 gaudenda
1841 2228 1918 2261 dieta
1940 2227 2068 2269 separalia
2090 2227 2171 2259 Loca
2191 2227 2248 2260 five
2266 2227 2328 2259 Of-

157 2283 282 2327 astionis
296 2278 383 2321 ¹²2⁶?ae
398 2277 500 2320 Maria
512 2276 637 2318 Vregims
659 2281 708 2313 per
723 2271 845 2316 aequales
866 2271 1016 2302 Portiones
1036 2270 1222 2318 solvendafn3
1263 2266 1326 2299 ficia
1341 2269 1492 2301 distillandi
1506 2269 1617 2301 Herbas
1632 2271 1666 2302 δε
1683 2269 1880 2301 custodiendae
1898 2268 2084 2300 Bibliothecae
2098 2267 2205 2298 nostrae
2219 2267 2325 2306 praedi-

156 2317 413 2393 Pz‘gssgsrffi
428 2310 723 2389 gessisses&
739 2309 1224 2392 ssdisisaizfffflssssaie
1263 2306 1816 2386 Zirmsszers‘sffigsmoessffis
1823 2305 2326 2383 affirsfsssaszrusiur

156 2369 238 2428 §ium
256 2395 370 2437 Locum
388 2392 442 2421 sive
458 2389 600 2433 Officium
619 2387 756 2431 Custodis
769 2387 959 2422 Bibliothecae
980 2388 1146 2429 praedidhe,
1165 2393 1223 2423 vir-
1261 2385 1405 2427 ficientes,
1429 2386 1595 2419 immediate
1617 2386 1683 2424 post
1707 2385 1838 2416 Mortem
1851 2384 1976 2423 ejusdem
1998 2383 2125 2415 Andreae
2140 2382 2260 2422 Bright‚
2278 2382 2324 2415 vel

159 2444 220 2467 tute
237 2431 437 2473 praedrcstarum
455 2429 614 2461 Literarum
628 2426 790 2462 Patentlum
806 2425 917 2460 suarum
931 2427 1065 2469 gauderet
1087 2427 1122 2462 ὃς
1137 2430 1223 2472 poffi.
1260 2427 1475 2466 quamprimum
1483 2425 1592 2457 Officia
1601 2423 2050 2462 illainmanibus&dispositione
2057 2421 2323 2453 nostrisHaeredurn

156 2475 248 2506 deret:
1260 2465 1307 2496 vel
1323 2464 1526 2496 successorum
1539 2463 1704 2495 nostrorum
1713 2486 1722 2502 ,
1740 2473 1788 2501 per
1802 2461 2123 2494 Sursum-redditionem
2136 2460 2182 2492 vel
2189 2459 2322 2492 aliterde⁶

195 2510 379 2543 Concesstrit
395 2517 529 2547 praeterea
543 2517 593 2547 per
607 2506 755 2550 praedie‘ms
765 2506 874 2550 Literas
896 2504 955 2537 suas
977 2506 1108 2539 Parentes
1126 2509 1221 2542 eidem
1260 2505 1357 2534 venire
1371 2504 1564 2542 contigerint,
1582 2503 1616 2533 ad
1625 2502 1804 2533 Terminum
1814 2524 1824 2539 >
1841 2502 1875 2533 &
1889 2511 1941 2539 1³¹0
1955 2502 1989 2533 &
2002 2500 2118 2532 durante
2132 2499 2254 2529 tefmim
2261 2497 2316 2529 Vi·

155 2552 280 2582 Aua're.e
295 2548 398 2586 Bright
415 2557 484 2579 tunc
501 2545 673 2577 Custodiam
687 2545 785 2576 Clavis
800 2545 846 2575 vel
861 2543 996 2575 Clavium
1014 2547 1158 2584 praedietae
1173 2549 1220 2580 Bi·
1260 2550 1298 2572 tae
1312 2542 1441 2572 naturalis
1452 2543 1534 2580 ipsius
1550 2541 1690 2572 Edwards*
1702 2540 1828 2577 Birkitt,
1850 2542 1905 2571 una
1924 2549 1992 2570 cum
2014 2538 2148 2568 omnibus
2169 2535 2318 2567 Commo-

154 2590 309 2621 bliothecae
332 2587 385 2617 strae
401 2598 411 2625 ·,
438 2596 471 2617 ac
495 2585 576 2623 quod
598 2583 675 2615 idem
696 2583 831 2613 Andreas
845 2582 947 2620 Bright
968 2583 1011 2613 vel
1027 2584 1164 2623 Deputati
1180 2588 1220 2619 sui
1258 2580 1391 2612 ditatibus
1405 2580 1548 2618 Regardis
1565 2580 1750 2619 Advantagiis
1766 2575 2249 2611 Libertatibus&Praeheminentiis
2257 2576 2320 2614 qui-

155 2639 223 2660 mnc
243 2631 275 2661 ἃ
291 2628 372 2656 omni
389 2634 517 2664 tempore
532 2622 628 2663 postea
646 2623 717 2665 cum
736 2622 786 2652 fibi
809 2621 949 2661 placeret,
976 2622 1092 2654 haberet
1109 2624 1220 2661 Ingres.
1259 2619 1424 2657 buscunque
1438 2619 1542 2650 eisdem
1557 2618 1672 2649 Officiis
1685 2618 1731 2649 seu
1749 2620 1765 2636 ¹¹
1781 2626 1883 2648 eorum
1899 2615 1976 2647 alteri
1992 2624 2112 2654 quoquo
2124 2614 2217 2645 modo
2232 2615 2318 2654 perti·
2338 2620 2464 2653 exvu-

155 2669 217 2698 suni
232 2667 266 2697 ad
282 2664 488 2696 bibliothecam
501 2662 580 2706 suam
596 2661 788 2704 praedichm,
801 2661 905 2704 abique
918 2660 1134 2700 Impedimento
1145 2663 1219 2695 Mo·
1259 2659 1393 2688 nentibus
1407 2657 1463 2688 five
1478 2657 1676 2694 spectantibus.
2380 2644 2466 2701 473„⁰

156 2706 305 2737 lestarione
322 2704 376 2734 five
395 2703 523 2732 Licentia
539 2700 675 2731 Custodis
690 2699 789 2729 Palatii
805 2701 845 2729 sui
858 2699 903 2729 W
905 2699 1042 2730 estm.vel
1056 2701 1170 2741 alicujus
1177 2703 1216 2733 al·
1295 2695 1332 2726 Et
1353 2695 1464 2726 ulterius
1477 2695 1514 2726 de
1527 2696 1650 2725 uberiori
1665 2693 1766 2725 Gratia
1781 2692 1877 2724 nostra
1892 2692 1990 2723 damus
2004 2693 2037 2724 ὃ(
2052 2691 2320 2731 concedimus,pso

155 2746 241 2776 terius
265 2743 476 2781 cujuscunque,
499 2749 533 2770 ac
555 2739 636 2777 quod
651 2747 720 2780 tunc
730 2737 768 2781 ⁴&
782 2738 866 2767 omni
881 2746 1012 2775 tempore
1051 2739 1126 2771 ostea
1140 2742 1217 2772 com
1256 2733 1355 2765 Nobis
1370 2733 1541 2764 Haeredibus
1555 2733 1589 2764 &
1601 2732 1814 2764 Succefforibus
1828 2730 1928 2762 nostris
1944 2740 1995 2768 per
2012 2730 2180 2768 Praesentes,
2221 2731 2320 2763 raefato

156 2783 207 2815 sibi
218 2783 338 2821 placeret
350 2780 460 2819 ,eidem
474 2778 570 2809 liceret
583 2787 616 2808 ex
625 2777 685 2807 aliis
698 2780 749 2806 iuis
765 2775 949 2806 Bibliothecis
962 2776 1018 2806 huc
1044 2777 1122 2808 ibere
1130 2788 1217 2811 com-
1258 2773 1403 2803 Edwardo
1417 2772 1527 2802 Birkitt
1541 2781 1593 2808 pro
1609 2770 1755 2802 Exercitio
1774 2769 1849 2800 Loci
1864 2769 1920 2800 five
1935 2767 2028 2799 officii
2043 2768 2172 2806 praedieti
2205 2768 2318 2801 istillan-

154 2831 269 2860 portare
286 2821 408 2857 Libros,
426 2818 475 2856 qui
488 2825 535 2847 aut
550 2816 760 2847 Bibliotliccam
776 2813 858 2844 istam
873 2814 947 2844 suam
957 2824 1074 2854 ornare,
1091 2826 1138 2848 aut
1150 2818 1215 2850 Stu-
1256 2812 1305 2850 di,
1324 2810 1464 2850 quandam
1483 2810 1675 2841 Annuitatem
1692 2810 1751 2840 five
1768 2808 1918 2840 annualem
1928 2807 2098 2838 pensionem
2116 2806 2255 2846 tresdecim
2263 2810 2318 2839 Li-

153 2862 199 2891 dia
222 2860 267 2890 sua
293 2855 504 2898 quoquomodo
526 2864 698 2892 promovere
717 2853 800 2893 posse
815 2852 994 2892 viderentur,
1014 2854 1106 2885 modo
1124 2855 1155 2885 id
1169 2856 1217 2888 fiat
1257 2850 1370 2880 brarum
1387 2849 1442 2890 fix
1468 2848 1618 2878 Soltdorum
1634 2846 1673 2883 ό
1689 2849 1746 2877 offo
1772 2850 1954 2876 Denariorum
1979 2845 2004 2876 le
2025 2845 2071 2875 alis
2095 2845 2228 2877 Monetae
2253 2847 2318 2878 An..

154 2901 212 2930 fine
227 2900 361 2929 ulteriore
377 2896 485 2926 damno
498 2903 545 2924 aut
560 2893 754 2924 incommodo
767 2892 875 2934 rat-ione
889 2892 1006 2929 alicujus
1014 2890 1216 2927 Conceffionis
1255 2889 1341 2928 gfiaei
1357 2899 1392 2920 ac
1410 2889 1497 2919 etiam
1515 2890 1617 2925 viginti
1633 2894 1751 2927 quatum·
1769 2884 1917 2915 S⁰lffd⁰⁷⁹m
1933 2893 1986 2923 ΡΙὉ
2033 2883 2092 2915 este
2116 2884 2150 2915 &
2170 2884 2319 2918 Liberatu-

152 2947 201 2968 aut
220 2936 390 2967 Donationis
404 2944 452 2973 per
469 2933 495 2962 se
511 2940 560 2962 aut
577 2932 780 2968 progenitores
794 2931 856 2959 suos
870 2930 898 2959 in
915 2930 1056 2961 confimili
1078 2933 1162 2964 causa
1174 2934 1216 2965 fa·
1255 2937 1285 2958 ra
1302 2927 1370 2958 suis:

153 2977 267 3007 (starum
277 2986 285 3011 ς
297 2982 381 3013 prout
396 2982 444 3011 per
457 2970 606 3008 praedictas
622 2971 731 3000 Literas
748 2968 806 2998 suas
821 2968 950 2999 Parentes
964 2969 1073 3006 plenius
1085 2970 1215 3009 liquet&
1290 2965 1470 2997 Habessdum
1483 2963 1666 3005 gandessdum
1680 2963 1713 2995 &
1727 2963 1869 2993 annuatim
1883 2960 2116 3000 PUClPiendum,
2135 2969 2194 2993 tam
2215 2963 2317 3001 Pl'aedi-

152 3024 281 3052 apparet:
304 3014 384 3050 Qias
398 3010 514 3048 quidem
532 3009 638 3039 Literas
650 3008 796 3049 Pii-tentes,
817 3007 947 3043 praefatus
967 3007 1095 3038 Andreas
1111 3011 1216 3048 Bright
1257 3005 1318 3036 &os
1330 3007 1434 3042 viginti
1449 3011 1567 3044 quatuor
1581 3002 1682 3033 Solidos
1689 3011 1741 3040 pro
1750 3001 1883 3032 Vestibus
1895 3001 1928 3031 &
1939 2999 2110 3030 Liberaturis
2119 2999 2181 3038 suis,
2187 3010 2254 3039 erga
2263 3001 2318 3033 Fe-

152 3054 237 3084 nobis
260 3054 288 3082 iii
311 3049 520 3081 Cancellariam
539 3045 663 3076 nostram
678 3046 779 3082 sponte
799 3044 904 3074 sursum
920 3045 1042 3076 reddidit
1057 3050 1216 3080 cancellan-
1257 3043 1332 3074 stum
1348 3042 1466 3073 Natalis
1481 3045 1594 3073 Domini
1609 3050 1740 3078 tantum,
1757 3049 1844 3078 quam
1866 3037 2033 3078 praedictam
2055 3037 2238 3070 Annuitatem
2256 3041 2314 3073 sive

151 3093 216 3129 das,
234 3091 267 3122 ὃς
289 3090 398 3120 ibidem
420 3089 454 3119 &
477 3084 638 3117 cancellatae
657 3083 798 3122 existunt,
823 3091 854 3114 ut
875 3092 982 3115 certam
997 3084 1064 3114 inde
1077 3086 1217 3120 habemus
1256 3082 1410 3113 annualem
1427 3080 1598 3111 Pensionem
1611 3079 1753 3118 tresdecem
1768 3077 1920 3107 Librarum
1921 3077 1974 3115 ftx
1985 3075 2241 3111 Solidorum&oeio
2254 3081 2316 3109 De-

152 3131 298 3161 notitiam.
1090 3147 1092 3150 .
1255 3124 1395 3151 uariorum
1404 3142 1414 3158 ,
1431 3119 1467 3149 de
1481 3118 1632 3149 Thesauro
1645 3116 1745 3147 nostro
1759 3115 1918 3147 Haeredum
1934 3116 1967 3147 &
1978 3113 2178 3146 successorum
2200 3116 2316 3148 nostro-

192 3168 330 3206 Cumque
352 3165 421 3196 Nos
434 3187 444 3203 ‚
476 3172 510 3193 ex
539 3160 698 3192 humillima
721 3159 937 3197 Supplicatione
962 3161 1070 3198 praefati
1091 3163 1217 3194 Andreae
1255 3169 1338 3197 rum,
1363 3159 1398 3190 ad
1420 3156 1581 3194 Receptam
1604 3155 1747 3186 Scaccarii
1769 3154 1861 3185 nostri
1882 3152 2041 3184 Haeredum
2061 3153 2094 3184 &
2113 3152 2316 3187 Succefforum

155 3206 274 3245 Bright,
293 3216 342 3244 per
356 3204 460 3235 Literas
473 3200 579 3231 nostras
591 3199 718 3230 Patentes
734 3198 783 3229 sub
801 3197 912 3237 Magno
926 3199 1135 3235 Sigillonostro
1143 3212 1216 3232 con-
1254 3197 1441 3234 nostrorum,
1459 3204 1508 3235 per
1525 3192 1815 3225 ManusThesaurarii
1830 3193 1863 3223 ὅτ
1878 3191 2112 3222 Camerariorum
2128 3193 2251 3231 ejusdem
2260 3204 2313 3232 pro

158 3247 262 3283 sectas,
280 3252 408 3283 gerentes
425 3241 534 3272 Datam
548 3239 622 3277 apud
640 3237 747 3277 Westm.
763 3247 832 3266 nono
847 3240 901 3266 Die
908 3237 1033 3276 Aprilis,
1053 3239 1142 3269 Anno
1158 3240 1217 3271 Re·
1252 3245 1383 3274 ternpore
1396 3233 1580 3264 existentium
1592 3255 1602 3271 ,
1627 3232 1666 3262 ad
1681 3230 1760 3300 Feffa
1773 3233 2012 3262 Annunciationis
2023 3229 2110 3260 beata
2128 3233 2230 3262 Μανία.»
2246 3233 2311 3263 Vir-

154 3286 203 3323 gn'i
220 3283 307 3314 nostri
321 3282 434 3321 Angliae
449 3277 591 3315 secundo,
612 3278 645 3308 ὃς
660 3276 767 3306 Scotiae
781 3274 925 3306 tricefimo
947 3275 1084 3314 septimo,
1106 3277 1215 3309 dederi-
1249 3277 1320 3312 ginis
1335 3274 1368 3304 &
1381 3273 1476 3302 Sanlli
1491 3269 1636 3302 Michaelis
1649 3273 1711 3300 Arc
1731 3269 1819 3307 angeli
1833 3279 1884 3307 per
1894 3268 2012 3307 aequales
2028 3267 2176 3300 Portiones
2197 3270 2306 3301 solven-

155 3332 219 3353 mus
231 3323 263 3352 &
286 3320 508 3352 concesserimus
523 3316 642 3354 praeFato
664 3315 788 3344 Andreae
805 3313 907 3351 Bright
929 3313 962 3344 &
977 3314 1124 3344 Edraundo
1137 3319 1216 3347 Dou-
1254 3313 1339 3350 dam,
1356 3311 1450 3349 prima
1470 3311 1610 3342 solutione
1630 3308 1697 3339 inde
1712 3308 1874 3346 incipienda
1897 3307 1931 3338 ad
1946 3306 2014 3337 illud
2030 3306 2151 3338 Festum·
2160 3308 2307 3338 Festorum

157 3361 251 3399 bleday
267 3359 345 3390 Gen'
362 3358 453 3389 modo
469 3354 624 3392 defuneto,
643 3353 675 3383 &
691 3362 792 3396 eorum
807 3353 884 3383 alteri
899 3351 1124 3395 conjunfflm&
1137 3354 1214 3385 divi-
1254 3351 1368 3381 illorum
1393 3349 1472 3387 quod
1494 3350 1659 3387 proximum
1681 3348 1792 3378 eveniet
1808 3346 1960 3386 postquam
1983 3345 2133 3384 praedierus
2152 3345 2311 3385 Edwatdus

155 3399 206 3428 fim
216 3423 225 3438 ‚
245 3398 414 3436 praedielum
432 3396 549 3439 Locum
563 3392 620 3422 five
635 3390 781 3435 Officium
796 3390 945 3421 distillandi
965 3390 1075 3435 Herbas
1088 3391 1216 3424 odorife-
1254 3389 1363 3419 Birkitt
1377 3387 1488 3418 dietum
1505 3388 1620 3417 Locum
1635 3385 1692 3429 sive
1708 3384 2015 3428 Officiumldistillandi
2033 3384 2135 3428 virt-ute
2149 3383 2247 3416 harum
2255 3382 2308 3414 Li-

155 3429 869 3510 }{Jdffassq{³253}‘'Eacfe‘iiffoffi‘ifffssviiss'uilss'ssff
877 3428 1216 3505 §ellffsss‘ssrssssffi
1252 3423 1875 3503 tesircuZlissi‘ssstssi‘ffigfiissssitd'iitiiassfiffi
1889 3420 2122 3499 {missia
2140 3460 2174 3491 sc
2196 3467 2305 3490 conce-

10 3523 134 3551 *XVIL
159 3513 347 3543 Distillatores
359 3513 523 3543 Herbarum
539 3508 764 3544 odoriferarum,
785 3510 798 3523 ’
819 3507 851 3536 &
876 3508 1020 3549 Aquarum
1044 3505 1216 3538 Odorifera-
1251 3505 1346 3536 dimus
1370 3513 1418 3547 per
1446 3503 1616 3541 Praesentes,
1660 3511 1693 3531 ro
1719 3500 1820 3531 Nobis
1845 3499 2014 3543 Haeredibus
2039 3499 2072 3530 &
2091 3497 2307 3542 Succefforibus

44 3570 109 3595 47²-
157 3562 221 3581 rum
237 3561 290 3589 pro
305 3551 428 3581 Servitio
443 3547 544 3579 nostro
554 3546 806 3589 Dedu&ores‚per
819 3544 966 3585 praedictas
982 3544 1091 3575 Litems
1103 3545 1214 3577 nostras
1250 3543 1368 3579 nostris,
1392 3541 1487 3572 eidem
1512 3510 1661 3583 Edwarag
1674 3539 1783 3569 Birkitt
1802 3547 1855 3579 pro
1878 3537 2018 3569 Exercitio
2044 3537 2148 3579 Officii
2167 3533 2307 3566 Custodis

158 3591 308 3626 Parentes,
327 3589 476 3619 fecerimus
490 3587 522 3617 &
536 3586 770 3615 ordinaverimus.
1250 3581 1437 3613 Bibliothecae
1455 3579 1557 3610 nostrae
1574 3577 1739 3617 praedictae,
1758 3577 1899 3615 quandam
1915 3577 2027 3608 alteram
2045 3575 2227 3606 Annuitatem
2246 3574 2304 3605 five

195 3630 238 3659 Ac
253 3628 339 3657 etiam
358 3627 519 3657 dederimus
541 3625 574 3655 &
591 3622 822 3664 concesserimus.
833 3621 955 3658 praefatis
972 3621 1096 3651 Andreae
1109 3622 1212 3660 Bright
1249 3619 1398 3651 annualem
1425 3618 1583 3649 Redditum
1608 3619 1712 3654 viginti
1738 3618 1902 3646 Marcarum
1919 3614 2010 3655 legalis
2033 3611 2168 3643 Monetae
2186 3611 2302 3651 Angliae

155 3668 189 3698 δε
210 3665 353 3695 Edmundo
376 3663 550 3701 Douhleday,
575 3663 607 3693 &
625 3670 728 3693 eorum
748 3660 840 3702 alteri,
867 3659 1013 3690 Officium
1029 3659 1210 3691 custodiendi
1250 3669 1299 3698 per
1320 3658 1455 3688 Annum:
1795 3692 1800 3696 ι
2009 3681 2012 3684 ⁴
2149 3688 2155 3694 ⁸

153 3705 211 3734 sive
225 3703 396 3734 Custodiam
412 3702 601 3732 Bibliothecae
614 3699 719 3731 nosttae
732 3698 874 3736 praedretae
890 3697 1015 3728 Westm.
1035 3697 1160 3728 scituatae
1175 3699 1210 3729 &
1286 3695 1459 3727 Habendam
1478 3694 1511 3724 &
1529 3694 1675 3724 annuatim
1695 3692 1907 3731 percipiendam
1924 3689 2040 3722 eandem
2059 3687 2246 3719 Annuitatem
2265 3689 2302 3720 fi-

155 3742 292 3773 existentis
306 3741 380 3771 infra
393 3740 544 3770 Pallatium
565 3738 695 3769 nostrum
713 3735 838 3766 Westm.
861 3735 1022 3775 praedi&ae‚
1040 3745 1073 3765 ac
1094 3736 1209 3767 eosdem
1247 3746 1282 3766 ve
1301 3734 1451 3766 annualem
1468 3731 1630 3763 Redditum
1648 3734 1750 3768 viginti
1766 3733 1930 3760 Marcarum
1947 3726 2063 3767 praefato
2081 3726 2224 3756 Edwardo
2238 3730 2307 3758 Bir-

156 3779 301 3810 Andream
316 3779 414 3816 Bright
429 3779 460 3809 ὅ(
477 3778 648 3807 Edmundum
665 3774 842 3812 Doubleday,
864 3776 897 3805 &
917 3783 1067 3811 utrumque
1088 3783 1208 3814 eorum,
1246 3776 1303 3805 kitt
1323 3774 1355 3804 &
1371 3770 1526 3808 Affignatis
1540 3770 1591 3801 suis
1624 3769 1660 3801 de
1677 3769 1824 3800 Thesauro
1842 3768 1941 3798 nostro
1957 3763 2115 3808 Haeredum
2133 3765 2168 3796 &
2185 3764 2305 3797 Succes-

154 3817 316 3860 Custodem
337 3819 370 3847 &
390 3816 531 3847 Custodes
551 3815 739 3846 Bibliothecae
763 3813 866 3843 nostrae
889 3812 1033 3851 praedi&ae
1059 3811 1210 3844 fecerimus
1246 3814 1340 3844 sorum
1365 3808 1545 3846 nostrorum,
1567 3794 1606 3840 acs
1628 3808 1791 3846 Receptam
1815 3804 1952 3837 Scaccarii
1978 3801 2065 3846 nostri
2089 3801 2250 3835 Haeredum
2267 3805 2304 3836 δε

155 3855 381 3888 constituerimus
394 3856 427 3886 &
441 3854 678 3885 ordinaverimus:
1247 3850 1449 3882 Successorum
1466 3847 1646 3884 nostrorum,
1670 3856 1720 3885 per
1746 3845 1850 3876 Manus
1869 3841 2043 3873 Thesaurarn
2061 3841 2096 3873 &
2120 3840 2303 3874 Camerario-

191 3893 331 3925 Habenda
345 3893 496 3923 exercenda
509 3893 541 3922 &
559 3890 705 3928 gaudenda
721 3889 796 3920 dicta
811 3889 938 3927 separalia
960 3888 1042 3919 Loca
1061 3887 1116 3920 five
1131 3888 1209 3920 Offi-
1248 3899 1310 3920 rum
1329 3887 1454 3926 ejusdem
1473 3895 1526 3924 pro
1546 3895 1677 3925 tempore
1694 3883 1889 3919 existentium,
1913 3879 1948 3910 ad
1966 3878 2043 3919 Festa
2066 3882 2302 3912 Annunciationis

154 3936 198 3965 cia
216 3930 388 3968 distillandi,
406 3931 438 3960 &
459 3929 651 3960 custodiendae
672 3928 859 3958 Bibliothecae
875 3927 979 3957 nostrae
994 3926 1156 3967 praedieiae,
1175 3929 1208 3958 δε
1249 3928 1337 3957 beatae
1358 3928 1463 3955 Mariae
1482 3928 1603 3961 Virginis
1621 3925 1655 3955 &
1674 3923 1770 3952 Sandi
1789 3917 1934 3950 Michaelis
1953 3917 2122 3955 Archangeli
2138 3928 2188 3958 pei·
2206 3929 2301 3963 aequa-

149 3980 253 4004 eorum
264 3970 371 4001 alterius
389 3968 508 4006 praefatis
522 3967 645 3998 Andreae
661 3966 761 4004 Bright
776 3968 808 3998 ὅ(
826 3965 968 3996 Edmundo
982 3964 1157 4006 Doubleday,
1175 3967 1209 3998 &
1247 3967 1285 3999 les
1303 3965 1452 3998 Portiones
1467 3964 1611 3996 aunuatim
1637 3960 1820 3997 solvendam,
1844 3956 1937 3997 prima
1961 3956 2110 3989 solutione
2134 3956 2201 3989 inde
2224 3958 2304 4027 incid-a-

2202 4004 2268 4035 pien
