2557 4279
708 240 817 281 ET
902 226 1168 280 ACTA
1250 233 1701 276 PUssLicA

0 334 107 369 lun.D.
122 331 271 364 Annorum
285 328 391 361 adtunc
404 328 586 365 existentem,
606 327 734 358 Militem
749 327 930 362 faciendum,
949 333 1009 356 tarn
1028 323 1064 354 de
1086 322 1178 361 fingu-

1 376 84 413 1609.
122 372 154 402 lis
169 369 266 401 Feodis
293 367 424 398 Militum
442 368 475 398 δε
492 367 622 398 Partibus
636 366 739 404 Feodi,
755 367 843 404 quam
860 367 896 396 de
921 364 1018 395 Terris
1036 363 1071 394 de
1095 361 1178 405 nobis

5 413 69 452 Jac.
81 423 91 441 ι
101 435 108 442 .
124 410 154 440 iri
166 410 272 445 Socagio
287 406 343 436 sine
360 406 458 437 medio
472 406 571 442 tentis,
592 405 746 435 secundum
761 405 887 434 formam
904 403 1006 433 Statuti
1030 400 1174 442 praedicti:

161 447 250 477 Unde
268 444 368 475 Nobis
378 467 387 482 ,
407 454 456 482 per
472 445 542 474 duos
555 446 590 474 de
606 443 723 475 Privato
738 442 878 474 Concilio
903 441 1002 471 nostro
1023 437 1176 469 humilime

121 485 304 523 supplicatum
319 482 376 521 est,
396 483 475 520 quoti
493 484 582 520 ciii-n,
601 490 661 513 tam
675 482 724 519 ipsi
742 483 829 519 quam
849 481 945 512 caeteri
962 478 1089 514 Praelati,
1109 476 1176 507 Do—

124 523 196 555 mini
212 521 362 560 Magnates
376 521 409 551 &
425 521 561 552 Proceres
576 521 657 559 hujus
680 520 778 559 Regni
800 519 889 549 nostri
910 518 1021 556 Angliae
1034 539 1043 554 ,
1070 516 1176 545 habent

121 563 155 594 ὃς
171 560 308 599 possident
320 559 438 590 diversas
452 559 556 590 Terras
570 560 641 590 infra
660 558 785 588 diversos
804 559 838 589 &
857 557 987 594 seperales
1010 554 1176 584 Comitatus

118 599 187 630 dieii
201 598 285 636 hujus
301 597 396 637 Regni
410 597 497 629 nostri
511 598 641 638 Angliae,
659 597 678 627 si
691 597 739 634 ipsi
762 604 930 634 cogerentur
953 595 1064 624 mittere
1078 592 1176 622 :Nun-

121 639 181 669 cios
196 637 297 668 Servos
311 646 356 667 aut
374 636 498 676 Agentes
510 638 591 674 suos,
610 644 680 666 cum
706 633 862 664 Evidentiis
885 635 918 664 ὃ(
936 632 1054 670 Scriptis
1076 631 1128 662 suis
1147 632 1176 661 in

121 676 277 714 quemlibet
293 676 441 714 sepetalern
456 675 635 706 Comitatum
650 673 698 703 ubi
714 671 812 702 Terrae
824 671 880 702 suae
897 673 1011 709 jacent,
1035 670 1176 701 sufficien-

120 723 161 745 ter
175 714 341 752 instrucstoe,
366 715 399 744 ad
422 712 636 745 informandum
656 710 786 748 seperales
815 709 1087 740 Commiffionarios
1101 731 1111 745 ,
1131 707 1177 738 vel

118 753 263 792 Juraiotes
278 753 313 783 ad
326 752 526 790 inquirendum
549 749 694 788 superinde
716 748 957 786 impannellandos
971 771 981 786 ‚
997 749 1074 785 juxta
1096 747 1176 777 debi-

120 801 182 822 tam
197 792 281 830 Legis
293 792 418 822 formam
434 792 466 822 &
479 790 647 827 exigentiam
659 810 668 825 ,
686 787 721 818 de
733 786 899 824 seperalibus
913 787 1051 824 Tenuris,
1071 787 1103 817 &
1121 784 1178 815 Va-

116 829 180 861 lore
196 830 356 870 seperalium
373 829 528 859 Terrarum
546 828 575 856 in
594 826 723 865 quolibet
741 825 850 863 seperali
869 824 1035 862 Comitatu‚
1054 833 1102 854 aut
1119 824 1176 853 ibi-

121 869 189 899 dem
207 869 241 898 ad
257 866 488 907 componendum
503 874 571 896 curn
583 865 747 904 seperalibus
754 862 1015 894 Commiffionariis
1028 873 1081 900 pro
1090 862 1178 892 Auxi-

122 907 163 938 lio
179 907 293 945 nostro,
312 908 345 937 de
357 906 453 936 Terris
467 904 517 934 illis
531 902 566 934 ad
580 903 663 942 Opus
678 903 806 933 nostrum
821 924 830 939 ‚
849 911 879 932 ut
901 902 1062 939 praefertur,
1081 902 1177 931 levan-

125 945 166 975 do
181 946 214 976 &
230 944 408 982 colligendo,
426 942 454 972 id
468 942 581 972 cederet
603 942 637 972 ad
655 951 755 971 eorum
781 941 938 971 maximum
961 939 1127 971 Gravamen
1143 940 1177 969 δε

126 983 356 1014 Incommodum
373 979 569 1017 manifestum3
590 989 619 1011 ut
633 980 699 1010 ideo
722 979 822 1010 Nobis
844 979 983 1018 placeret,
1008 988 1060 1018 pro
1084 977 1178 1008 Com-

127 1022 219 1053 modo
232 1023 266 1052 &
281 1021 388 1058 Quiete
402 1019 527 1057 ipsorum
542 1028 575 1049 ac
592 1026 764 1049 caeterorum
776 1016 974 1048 Dominorum
990 1017 1179 1048 Praelatorum

131 1053 301 1099 NI'ag'natum
319 1058 351 1088 &
369 1057 526 1088 Procerum
545 1057 616 1088 dieti
635 1057 717 1095 hujus
738 1057 835 1095 Regni
858 1056 946 1086 nostri
967 1056 1097 1095 Angliae,
1120 1064 1181 1085 non

2183 236 2274 294 '165

1214 327 1265 363 giis
1279 318 1382 349 nostris
1395 318 1630 363 quibuscunque,
1645 321 1679 350 &
1694 330 1795 352 eorum
1811 323 1944 360 cuilibet,
1962 322 2079 354 firmiter
2092 323 2121 354 in
2145 323 2266 356 Manda-
2291 327 2366 359 Ann.
2383 326 2425 359 D:

1213 366 1260 395 tis,
1277 358 1357 396 quod
1372 359 1469 394 vobis,
1486 367 1534 387 aut
1549 359 1684 397 aliquibus
1696 368 1817 397 quatuor
1832 362 1876 391 vel
1892 362 2015 398 pluribus
2030 361 2157 393 vestrum
2176 366 2267 401 (quo-
2312 367 2399 403 1609.

1211 405 1277 441 rum
1293 405 1345 426 vos
1360 396 1517 439 praefatum·
1532 395 1730 439 Cancellariugn
1755 399 1870 437 nostrum
1891 400 2019 438 Angliae,
2048 410 2095 431 aut
2117 400 2269 441 Thesaura-
2294 416 2307 441 7
2318 406 2378 444 Ja:‚
2397 413 2407 432 i

1212 444 1282 478 rruqn
1298 434 1415 478 nastrum
1432 433 1546 470 Angliae
1559 443 1650 477 unum
1663 436 1720 465 elie
1734 436 1882 474 volumus)
1904 439 1933 466 in
1954 438 2107 469 Praemill‘is
2127 439 2269 476 praedietis

1211 473 1346 503 faciendis
1360 474 1393 502 &
1409 471 1591 509 exequendis,
1607 481 1720 511 pareant
1733 475 1868 505 obediant
1890 476 1922 505 ὃς
1952 477 2096 507 intendant
2117 478 2146 507 in
2168 479 2268 508 omni-

1213 513 1264 541 bus
1278 519 1360 556 prout
1374 510 1471 548 decet,
1491 520 1523 540 ac
1540 518 1626 547 prout
1640 519 1688 552 per
1703 520 1772 548 VOS,
1791 523 1837 543 aut
1850 514 1957 550 aliquos
1973 523 2091 551 quatuor
2106 515 2151 547 seu
2175 516 2268 554 plures

1212 550 1342 592 vestrum
1360 550 1503 587 (quorum
1516 558 1567 578 vos
1583 554 1728 585 praeiatum
1743 551 1939 579 Cancellarium
1955 550 2070 590 nostrum
2088 554 2266 592 Angliae‚aut

1211 587 1419 626 Thesaurarium
1436 587 1553 626 nostrum
1570 587 1682 624 Angliae
1699 596 1790 617 unum
1806 589 1862 619 effe
1875 589 2023 627 volumus)
2049 600 2083 621 ex
2107 601 2184 631 parte
2210 598 2264 622 no*

1214 626 1268 657 stra
1285 626 1349 656 inde
1365 627 1469 656 fuerint
1485 625 1617 663 requisiti.
2259 624 2266 629 ’

1249 664 1283 695 In
1298 665 1375 703 cujus
1392 666 1450 703 rei,
1466 665 1527 695 &c.

1248 741 1338 772 Teste
1352 740 1433 780 Rege
1447 740 1522 779 apud
1536 738 1812 779 Wsimonasterium,
1830 738 1886 769 xxi.
1904 739 1963 769 Die
1975 739 2060 778 Junii.

1638 819 1691 846 Per
1710 819 1808 846 Breve
1825 815 1858 845 de
1876 818 1999 845 Privato
2017 815 2118 852 Sigillo.

1238 962 1297 992 Pro
1317 957 1520 1001 Univerfitate
1546 959 1644 990 Oxon’
1672 957 1838 989 concernen’
1865 955 2033 989 Auxilium
2057 957 2254 1002 Primogenito

1607 1008 1693 1052 Regis
1709 1003 1873 1051 praestand'.

3 2705 112 2739 *XVL

4 2748 65 2777 ⁶804

125 1093 219 1130 solam
234 1097 423 1135 appuneiuare
438 1097 470 1127 ἃ
482 1095 617 1135 affignare
633 1095 739 1135 aliquos
751 1094 821 1125 duos
834 1094 898 1125 fore
911 1093 1181 1125 Commisfionarios
1222 1090 1357 1146 REX,
1372 1090 1432 1121 &c-
1451 1089 1572 1120 Dileffis
1587 1091 1620 1122 ec
1635 1089 1776 1121 Fidelibus
1789 1088 1862 1127 suis,
2298 1048 2421 1125 Αιῃόῐέςῇ

126 1135 236 1167 nostros
252 1135 286 1165 ad
302 1134 556 1172 componendum,
573 1144 608 1165 ex
620 1143 698 1172 parte
714 1132 806 1164 nostra
821 1143 888 1164 cum
909 1135 964 1170 eis,
983 1143 1018 1164 ac
1032 1143 1101 1164 cum
1124 1131 1182 1162 aliis
1332 1131 1481 1159 Vicecomiti
1496 1128 1662 1159 Comitatus
1677 1128 1765 1159 nostri
1778 1127 1877 1158 Oxou.
2299 1130 2360 1154 Par.
2380 1134 2409 1164 7.

125 1174 282 1212 Dominis,
300 1182 356 1204 tam
373 1173 565 1209 Spiritualibus
580 1175 666 1210 quam
683 1172 920 1210 Temporalibus,
935 1173 1003 1203 illud
1025 1172 1181 1202 defideranss
1257 1167 1405 1198 Willielmo
1418 1169 1528 1204 Spencer
1544 1166 1652 1206 Militi,
2303 1163 2365 1200 Jac.
2385 1174 2394 1190 1

123 1213 213 1250 tibus,
232 1221 284 1248 pro
299 1211 437 1249 praedisfto
453 1212 569 1241 Auxilio
585 1211 700 1249 Nobis,
717 1212 825 1241 ratione
838 1210 989 1248 praedidifi,
1005 1219 1054 1248 per
1070 1220 1119 1240 eos
1132 1209 1182 1240 de-
1256 1209 1382 1236 Antonio
1401 1208 1466 1244 Cope
1483 1205 1589 1242 Militi,
2300 1211 2326 1240 p.
2346 1212 2389 1238 27.

126 1251 208 1289 bito,
223 1252 256 1282 &
269 1250 409 1280 solvendo
425 1259 478 1289 pro
492 1250 600 1287 Terris,
621 1250 680 1280 &c
707 1250 848 1287 praedietis
869 1259 918 1287 per
933 1258 1027 1280 totum
1046 1248 1183 1288 Regnum
1255 1245 1363 1283 Jacobo
1376 1246 1552 1280 Harrington
1567 1242 1673 1281 Militi,
2337 1263 2342 1268 .
2388 1262 2395 1269 ,

128 1287 260 1319 nostrum
278 1288 390 1327 Angiiae
406 1288 601 1326 existentibus,
619 1289 652 1319 δε
670 1287 706 1318 de
719 1287 834 1326 Nobis,
852 1297 883 1319 ut
900 1288 1061 1326 praefertur,
1081 1298 1108 1318 in
1125 1288 1182 1317 for-

130 1336 178 1357 ma
195 1327 330 1365 praedit‘h
343 1328 447 1366 tentis,
466 1330 569 1357 verum
588 1328 674 1357 etiam
689 1334 719 1356 ut
733 1328 865 1357 notitiam
880 1326 943 1357 dare
957 1327 1091 1356 vellemus
1107 1326 1183 1363 sepe-

126 1365 230 1396 talibus
247 1365 504 1396 Commiffionariis
527 1362 628 1395 nostris
651 1364 801 1402 cujussibet
829 1363 993 1395 Comitatus
1013 1365 1082 1395 dieti
1103 1365 1187 1402 hujus

126 1402 224 1472 1Regni
240 1403 327 1435 nostri
341 1403 473 1444 Anghae,
490 1403 525 1434 de
538 1403 718 1442 beneplacito
731 1404 764 1434 ὃς
782 1403 856 1435 velle
877 1402 978 1434 nostris
1000 1404 1030 1433 in
1049 1403 1181 1434 Praemis-

139 1451 175 1472 is:

144 1479 203 1527 „Et
218 1480 299 1524 quod
320 1480 446 1518 praediffi
470 1479 715 1511 Commisfionarii
738 1480 888 1519 cujussibet
905 1480 1029 1518 seperalis
1049 1479 1184 1511 Comita-

129 1526 192 1556 tus,
210 1518 388 1562 nouficarent
400 1520 536 1549 omnibus
549 1518 703 1556 Dominis,
721 1526 778 1549 tam
796 1519 986 1558 Spiritualibus
1000 1520 1084 1558 quam
1092 1520 1185 1550 Tem—

129 1557 292 1627 Rtliralibus,
314 1558 385 1587 infra
407 1557 536 1596 seperales
556 1556 718 1588 Comitatus
742 1557 853 1587 nostros
873 1557 1071 1596 residentibus,
1105 1558 1186 1596 quod

170 1605 202 1625 os
217 1595 337 1625 similem
353 1595 486 1626 Gratiam
509 1597 542 1627 ὃς
564 1594 705 1625 Favorem
727 1596 766 1625 eis
784 1596 924 1633 impartiri
943 1595 1137 1634 dignaremur,
1156 1604 1187 1627 ut

1259 1282 1403 1313 Wllielmo
1420 1286 1523 1311 Greene
1538 1281 1644 1318 Militi,

1258 1321 1298 1352 Et
1319 1320 1450 1350 Michaeli
1466 1324 1582 1350 Dormer
1599 1320 1708 1357 Militi3

1259 1360 1305 1390 Ac
1322 1359 1430 1389 dilectis
1449 1359 1549 1395 nobis,

1259 1397 1388 1436 Johanni
1405 1399 1480 1434 King
1493 1396 1616 1427 Decano
1633 1394 1764 1425 Ecclesiae
1779 1392 1958 1424 Cathedralis
1971 1391 2077 1423 Christi
2100 1392 2200 1423 Oxon.
2225 1391 2278 1423 Vi-

1222 1436 1425 1468 cecancellario
1441 1436 1606 1466 Academiae
1623 1434 1724 1468 Oxon.
1741 1433 1904 1470 praedic‘tae,

1261 1473 1396 1504 Richardo
1414 1474 1568 1504 Hovenden
1584 1473 1731 1504 Gardiano
1752 1470 1875 1508 Collegii
1898 1471 2033 1500 omnium
2054 1469 2246 1507 Animarum,

1259 1515 1377 1542 Henrico
1394 1515 1473 1551 Arey
1490 1512 1584 1542 Sacrae
1597 1510 1771 1550 Theologiae
1786 1508 1914 1539 Dostori
1926 1528 1936 1545 ,

1260 1551 1391 1589 Johanni
1407 1553 1451 1580 Do
1449 1550 1503 1590 ylie
1514 1572 1523 1588 ,

1259 1589 1366 1619 Thomae
1386 1587 1596 1627 chamberlayne
1606 1608 1617 1625 ,

126 1634 238 1666 veniant
255 1634 289 1664 &
304 1633 448 1664 attendant
466 1632 498 1663 ad
512 1634 751 1671 componendum
767 1643 819 1670 pro
837 1633 952 1663 Auxilio
974 1633 1112 1672 praedicto
1138 1644 1188 1672 per
1263 1628 1318 1666 Et,

131 1678 196 1710 eos,
215 1679 246 1701 ut
261 1672 407 1709 praefertur
421 1694 431 1709 ,
453 1671 567 1708 debito,
593 1681 662 1701 cum
685 1671 785 1702 talibus
808 1671 1064 1702 Commiffionariis
1087 1675 1191 1703 nostris
1264 1666 1405 1696 Edmundo
1422 1667 1564 1696 Taverm'r
1573 1683 1584 1702 s

131 1716 204 1779 auos
218 1710 471 1748 apponctuaremus
483 1711 515 1741 ὃς
529 1709 732 1748 affignaremus
752 1709 815 1741 fore
840 1709 1109 1742 Commiffionarios
1134 1721 1188 1742 no·
1265 1705 1436 1743 Armigeri53

161 1758 206 1780 ros
221 1749 248 1778 in
262 1752 295 1779 ea
308 1750 402 1786 parte:
677 1778 679 1782 ,
1264 1743 1413 1780 Necnon,
1540 1768 1543 1770 .
2032 1763 2034 1766 ,

172 1786 210 1817 Et
231 1789 311 1825 quod
332 1786 420 1817 iidem
443 1786 569 1817 Domini
591 1785 703 1818 necesse
723 1797 784 1817 non
805 1786 937 1818 haberent
964 1788 1075 1818 mittere
1094 1787 1190 1818 dictos
1264 1780 1404 1821 Efiass'tffl'
1423 1780 1456 1811 &
1471 1779 1607 1809 Feodariis
1621 1777 1762 1808 n0st15⁵ln
1776 1775 1927 1807 comitam
1950 1773 2108 1814 p‘raedieto,

133 1825 172 1856 N
174 1826 273 1856 uncios
287 1825 391 1856 Servos
406 1833 452 1856 aut
470 1825 598 1862 Agentes
611 1825 671 1856 suos
685 1835 753 1855 cum
767 1835 869 1856 eorum
891 1825 1048 1857 Evidentiis
1064 1826 1097 1856 ὅ(
1112 1826 1190 1857 Scri·
1263 1819 1399 1850 Salfflem·

137 1867 140 1870 ⁴
156 1865 189 1895 tis
204 1863 240 1894 ad
257 1863 460 1894 intendendum
478 1864 569 1893 dictos
581 1864 848 1894 Commiffionarios
864 1863 1008 1894 diciorum
1026 1864 1191 1903 seperalium

163 1903 353 1940 omitatuum,
369 1901 418 1932 sed
430 1901 508 1940 quod
522 1901 587 1931 inde
601 1902 690 1932 effent
705 1903 791 1939 quieti
806 1903 839 1933 &
855 1903 966 1940 penitus
979 1905 1135 1933 exonerati:

172 1941 241 1971 Nos
259 1940 400 1979 paaemissa
416 1940 637 1977 considerantes,
657 1950 689 1971 ac
703 1940 896 1971 Petitionibus
911 1941 1049 1978 praedietis
1070 1943 1191 1979 gratiose

135 1981 171 2012 δε
185 1979 376 2012 favorabiliter
389 1981 559 2016 annuentes,
584 1978 797 2016 Beneplaeitum
819 1978 948 2009 nostrum
966 1979 1001 2010 ad
1019 1979 1194 2018 Propofitio-

136 2029 186 2049 nes
202 2016 372 2054 antediffiias,
391 2014 474 2046 dietis
484 2016 652 2053 seperalibus
668 2016 926 2048 Commiiiionariis
933 2017 1035 2048 nostris
1049 2018 1196 2056 cujussibet

139 2055 342 2100 Comitatuutn
357 2055 499 2086 dictorum
515 2055 598 2094 hujus
617 2055 713 2094 Regni
728 2055 816 2086 nostri
835 2055 967 2095 Angliae,
988 2055 1136 2094 significari
1151 2057 1194 2088 fe-

140 2104 244 2126 cimus.
399 2123 402 2127 .

178 2132 248 2163 Nos
260 2133 368 2176 itaque,
386 2129 423 2163 de
438 2131 584 2176 Fidelitate
597 2123 734 2164 industria
753 2134 786 2164 ὅτι
810 2131 931 2172 provida
953 2131 1196 2172 Circumspee‘cio-

139 2179 178 2201 ne
192 2170 289 2202 vestris
302 2180 331 2200 in
344 2170 480 2210 Negotiis
497 2169 598 2201 nostris
613 2170 724 2209 agendis
740 2171 982 2210 quamplurimum
1002 2173 1196 2213 confidentes,

137 2204 308 2248 affignamus
319 2219 394 2253 yos,
412 2210 482 2240 ficut
497 2209 560 2252 alias
574 2209 811 2248 affignaverimus,
828 2219 861 2240 ac
876 2209 995 2240 Tenore
1010 2211 1197 2243 Praesentium

139 2246 240 2278 damus
255 2247 354 2285 vobis,
379 2256 426 2278 aut
448 2247 588 2285 aliquibus
609 2256 727 2285 quatuor
751 2248 797 2279 vel
819 2249 943 2286 pluribus
962 2248 1091 2280 vestrum
1107 2252 1117 2285 (
1126 2261 1199 2288 quo-

140 2295 207 2329 rum
222 2285 421 2323 vospraefatos
433 2285 630 2316 cancellarium
654 2286 784 2317 nostrum
807 2287 939 2324 Angliae‚
967 2296 1015 2318 aut
1040 2288 1194 2328 Thefizura-

141 2327 212 2353 rium
229 2323 359 2367 nostrum
375 2324 492 2361 Angliae
506 2334 595 2355 unum
610 2324 667 2355 esse
681 2325 825 2361 volumus)
847 2326 957 2364 plenam
975 2325 1147 2358 Potestatem
1164 2328 1197 2358 &

142 2361 353 2406 Audieritatem
369 2362 404 2393 ad
420 2362 572 2400 praedictos
588 2361 740 2400 Magnates
758 2373 790 2394 ac
805 2364 872 2394 alios
885 2364 1043 2404 Dominos,
1061 2374 1119 2396 tarn
1135 2365 1200 2403 Spi-

143 2401 253 2431 rituales
269 2402 355 2439 quam
371 2400 556 2440 Temporales
571 2401 640 2431 dieti
657 2401 741 2439 hujus
754 2401 849 2441 Regni
872 2401 960 2432 nostri
982 2403 1096 2442 Angliae
1117 2404 1202 2442 quos-

142 2449 275 2477 cunque,
290 2439 326 2469 ἀὲ
340 2439 442 2477 quibus
457 2438 618 2477 hujusmodi
643 2439 809 2478 Auxilium,
836 2449 886 2478 per
905 2441 981 2471 viam
1003 2440 1200 2480 Compoiitio-

134 2487 195 2509 rnes
208 2486 254 2508 aut
268 2477 361 2515 aliter,
380 2477 512 2509 nondum
531 2478 654 2508 levatum
671 2477 780 2517 existit,
798 2487 896 2509 coram
911 2478 1027 2517 Nobis,
1044 2480 1090 2510 seu
1104 2480 1204 2517 aliqui-

144 2516 199 2547 δας
213 2517 333 2555 quatum
347 2513 393 2548 vel
408 2515 532 2554 pluribus
547 2514 673 2547 vestrum
688 2520 829 2555 (quorum
843 2518 894 2547 vos
908 2517 1040 2554 praefatos
1062 2518 1204 2549 cancella-

144 2558 215 2584 rium
230 2554 346 2594 nostrum
360 2555 470 2593 Angliae
483 2577 493 2593 ,
519 2563 565 2585 aut
587 2554 795 2594 Thefizurarium
822 2555 936 2594 nastrum
957 2555 1088 2594 Angliae,
1114 2567 1203 2587 unum

145 2592 202 2637 esse
220 2592 370 2637 volumus)
393 2593 427 2623 ad
443 2602 535 2624 certos
552 2593 622 2623 Dies
635 2595 668 2624 &
687 2593 778 2631 Loca,
817 2603 861 2623 uas
874 2594 919 2624 vel
934 2603 998 2631 quae
1014 2593 1049 2624 ad
1063 2594 1121 2625 hoc
1135 2604 1202 2632 pro-

145 2631 288 2668 vrderitis,
307 2631 352 2661 seu
369 2631 454 2671 aliqui
467 2640 585 2669 quatuor
600 2632 643 2662 vel
658 2631 748 2670 plures
765 2642 800 2662 ve
828 2631 893 2661 rsim
912 2631 1052 2669 (quorum
1067 2642 1118 2663 vos
1132 2642 1205 2671 prae-

146 2669 239 2714 fatum
255 2668 451 2699 Camellarium
469 2664 587 2708 nostrum
606 2669 995 2709 Angliae,autThesae'1urarium
1010 2670 1128 2709 nostrum
1142 2670 1206 2701 An-

149 2708 216 2746 gliae
230 2717 322 2738 unum
336 2708 393 2739 esse
406 2708 558 2744 volumus)
576 2708 611 2738 ad
629 2709 688 2739 hoc
704 2709 896 2746 providerint,
914 2708 933 2728 '¹‘
953 2709 1095 2740 evocandi
1112 2710 1157 2740 seu
1172 2720 1201 2740 e-

150 2747 250 2778 vocari
260 2746 401 2791 faciendi:
418 2749 451 2779 &
467 2746 500 2776 ad
517 2747 686 2784 praedictum
703 2747 847 2777 Auxilium
861 2749 964 2784 Viginti
973 2746 1132 2786 Solidorum,
1148 2756 1208 2778 tam

153 2784 190 2815 de
203 2785 338 2828 omnibus
361 2785 394 2815 &
415 2785 526 2825 singulis
545 2785 647 2815 Feodis
668 2785 816 2824 Militum,
842 2795 891 2823 per
914 2795 1016 2816 eorum
1036 2787 1156 2825 aliquem
1172 2787 1209 2817 de

154 2822 325 2867 Nobis-sirie
341 2822 439 2854 medio
460 2823 557 2861 teritis,
582 2825 668 2861 quam
689 2823 725 2853 de
743 2823 880 2854 omnibus
901 2823 935 2854 &
959 2824 1073 2861 singulis
1095 2824 1208 2862 Viginti

155 2861 278 2905 Libratis
291 2861 389 2891 Terrae
406 2871 454 2900 per
469 2861 627 2892 eorundem
649 2861 787 2900 aliquem,
815 2871 847 2893 ut
869 2862 1034 2901 praefertur‚
1051 2863 1086 2893 de
1107 2864 1208 2894 Nobis

155 2902 305 2943 mssocagio
320 2899 375 2929 fine
390 2899 484 2943 medio
500 2900 621 2930 similiter
636 2902 736 2938 tentis⁷
754 2900 825 2931 infra
839 2900 977 2937 Regnum
993 2901 1125 2932 nostrum
1145 2903 1207 2932 An-

155 2936 237 2975 gliae,
252 2939 285 2968 &
301 2937 342 2971 de⁴
352 2937 475 2974 pluribus
491 2938 551 2976 plus
564 2939 596 2969 &
611 2938 646 2968 de
661 2939 820 2969 minoribus
834 2940 945 2977 minus,
958 2941 1034 2976 juitta
1047 2939 1162 2978 Raram,
1179 2941 1212 2971 &

154 2974 316 3018 secundum
331 2971 455 3019 formam
474 2976 508 3007 &
532 2976 730 3007 Provisionem
753 2976 858 3008 Statuti
888 2978 1033 3016 praedi&i‚
1059 2988 1107 3016 per
1135 2981 1212 3009 viam

156 3013 397 3058 Conipofitionis,
416 3024 468 3052 pro
485 3014 587 3045 Nobis
607 3015 639 3045 &
657 3016 686 3044 in
711 3015 847 3045 Nomine
870 3015 990 3053 nostro,
1015 3026 1084 3047 cum
1109 3017 1212 3047 eisdem

157 3046 309 3096 Dominis,
328 3060 385 3082 tarn
399 3052 606 3091 Spiritualibus,
632 3053 717 3089 quam
735 3053 975 3092 Temporalibus‚
1000 3063 1030 3084 ut
1053 3054 1213 3093 praefertur,

156 3100 189 3121 an
206 3099 237 3120 ea
252 3098 328 3127 parte
343 3089 461 3127 fiendae,
477 3090 512 3120 ad
534 3099 607 3131 opus
622 3089 752 3120 nostrum
769 3113 779 3128 ,
801 3091 836 3121 ad
857 3091 1087 3130 Primogenitum
1112 3091 1215 3123 Filium

157 3127 290 3159 nostrum
301 3151 310 3166 ,
328 3126 440 3157 AEtatis
458 3128 620 3167 ¹Quindecim
637 3130 782 3158 Annorum
795 3129 851 3164 jam
871 3129 1038 3160 existentem
1055 3153 1065 3168 ,
1084 3130 1214 3162 Militem

157 3166 321 3198 faciendum
337 3166 488 3197 levandum
503 3168 536 3198 &
553 3166 618 3197 colli
640 3166 765 3206 endum,
780 3167 816 3197 de
831 3168 934 3204 quibus
944 3167 1105 3206 hujusmodi
1126 3169 1216 3199 Auxi-

160 3205 233 3236 lium
247 3205 393 3248 nondum,
407 3213 440 3248 ut
453 3205 616 3243 praefertur,
641 3209 755 3235 evatum
768 3203 879 3243 existit,
895 3205 932 3235 ita
944 3206 1023 3244 quod
1040 3216 1140 3237 omnes
1154 3203 1217 3237 De-

160 3246 252 3275 narios
266 3243 302 3273 de
318 3243 434 3273 Auxilio
449 3244 601 3281 praedieto,
619 3253 668 3280 per
683 3244 757 3274 viam
779 3242 1025 3282 Compositionis,
1052 3253 1084 3275 ut
1103 3245 1219 3283 praefer-

161 3292 225 3319 tur,
243 3282 458 3321 provenientes,
474 3281 610 3320 habeatis,
623 3281 667 3311 seu
684 3281 769 3320 aliqui
784 3290 902 3319 quatuor
920 3283 963 3312 vel
978 3283 1066 3319 plures
1083 3283 1213 3314 vestrum

163 3322 176 3358 (
188 3329 313 3358 quorum
325 3329 376 3350 vos
390 3320 540 3356 praefatum
553 3319 748 3350 Cancellarium
764 3319 881 3359 nostrum
908 3320 1020 3361 Angliae
1034 3329 1080 3352 aut
1098 3321 1217 3362 Thesau-

163 3363 270 3389 rarium
286 3357 403 3397 nostrum
422 3358 535 3395 Angliae
550 3368 641 3388 unum
654 3358 708 3388 effe
724 3358 873 3396 volumus)
893 3359 1013 3390 habeant
1042 3359 1077 3390 ad
1101 3360 1221 3391 Scacca-

163 3399 240 3428 rium
255 3396 382 3427 nostrum
395 3400 447 3426 Die
464 3396 551 3435 Jov·is
564 3395 688 3435 proxim&
701 3396 759 3436 post
785 3396 941 3437 Crastinum
968 3399 1076 3428 Sandi‘ae
1093 3402 1219 3429 Trinita-

163 3440 201 3466 tis
213 3434 337 3475 proxim&
349 3434 465 3474 ficturo,
485 3435 524 3464 illi
542 3435 585 3465 vel
600 3435 667 3472 illis,
683 3436 729 3466 cui
745 3434 791 3466 vel
806 3437 923 3474 quibus,
941 3435 1081 3467 Denarios
1102 3437 1165 3468 illos
1185 3438 1218 3467 li-

163 3475 255 3505 berari
269 3475 481 3511 mandavimus,
498 3473 670 3506 liberandos:
806 3501 808 3505 ,

165 3525 188 3543 ι
203 3512 242 3544 Et
260 3513 326 3544 ideo
340 3513 422 3542 vobis
437 3521 484 3542 aut
502 3511 640 3549 aliquibus
655 3519 773 3548 quatuor
790 3511 835 3543 ieu
849 3512 973 3550 pluribus
987 3513 1114 3544 vestrum
1131 3513 1222 3552 (quo-

167 3560 235 3581 rum
249 3562 302 3582 vos
318 3551 468 3588 praefatum
486 3549 681 3580 cancellarium
698 3549 814 3588 nostrum
840 3552 972 3591 Angliae,
996 3561 1044 3583 aut
1070 3551 1222 3591 Thesbaru-

166 3592 238 3620 rium
255 3589 372 3629 nostrum
385 3589 497 3627 Angliae
514 3598 603 3619 unum
618 3588 674 3619 effe
687 3588 833 3625 volumus)
863 3590 1046 3627 mandamus,
1066 3590 1136 3620 sicut
1157 3591 1223 3620 alias

170 3629 252 3659 vobis
266 3628 511 3668 mandaverimus,
529 3626 625 3668 quod,
643 3625 737 3657 habita
756 3626 835 3663 super
856 3626 1008 3664 Praemiffis*
1023 3629 1224 3659 deliberatione

168 3666 308 3705 plenaria,
324 3666 358 3696 ad
377 3665 615 3704 componendum
628 3674 697 3695 cum
715 3665 854 3702 praedieus
869 3664 1054 3705 Magnatibus
1069 3667 1101 3697 &
1112 3666 1221 3697 Domi-

169 3704 231 3741 nis,
249 3713 306 3735 tam
321 3704 512 3742 Spiritualibus
528 3707 613 3741 quam
628 3702 868 3740 Temporaiibus‚
886 3713 934 3735 aut
957 3714 1027 3735 cum
1049 3714 1150 3735 eorum
1173 3705 1221 3734 ali-

171 3743 293 3785 quibus,
312 3743 345 3774 &
358 3743 390 3773 ad
407 3742 555 3774 Auxilium
572 3742 739 3780 praeditfitum
754 3740 916 3778 superinde,
954 3752 984 3773 er
997 3743 1075 3774 viam
1091 3742 1224 3780 Compo-

172 3784 272 3818 tionis,
287 3787 320 3810 ut
333 3778 495 3819 praefertur,
515 3780 634 3818 fiendae,
653 3780 786 3810 omnibus
801 3780 855 3810 viis
875 3752 973 3810 mediis
992 3781 1025 3811 &
1048 3780 1140 3811 modis
1161 3781 1223 3818 qui-

173 3816 228 3847 bus
242 3825 294 3855 pro
322 3819 523 3850 acceleratione
538 3818 754 3849 Praemissorum
774 3819 857 3848 vobis
869 3817 1009 3849 videbitur
1032 3820 1120 3859 magis
1143 3829 1226 3856 expe-

175 3853 248 3892 dlre,
266 3855 300 3898 ad
316 3865 387 3893 opus
400 3858 543 3895 nostrum,
557 3857 709 3893 levandum
731 3857 764 3887 δε
787 3856 997 3895 colligendum,
1020 3857 1167 3896 diligenter
1185 3859 1230 3887 iri-

179 3893 314 3930 tendatis,
330 3903 375 3924 aut
389 3896 472 3934 aliqui
487 3904 605 3934 quatuor
620 3895 666 3927 vel
682 3895 773 3932 plures
788 3894 912 3926 vestrum
930 3900 1074 3932 (quorum
1089 3906 1140 3927 vos
1156 3904 1230 3932 prae-

181 3930 274 3973 fatum
296 3931 489 3969 cancellarium
515 3933 632 3973 nostrum
657 3933 769 3971 Angliae
786 3956 795 3971 ,
813 3942 859 3964 aut
883 3932 1091 3972 Thefizurarium
1112 3935 1230 3973 nostrum

181 3967 296 4012 Angliae
310 3978 398 4000 unum
413 3973 469 4003 esse
480 3973 630 4010 volumus)
650 3972 794 4003 intendant
819 3981 852 4002 ac
878 3981 910 4001 ea
935 3972 1040 4002 faciatis
1060 3973 1093 4003 &
1113 3981 1231 4010 exequa-

181 4015 253 4037 mini
267 4015 334 4036 cum
347 4007 450 4050 effectu
466 4011 494 4040 in
512 4011 602 4041 forma
618 4011 765 4050 praediCta:

204 4044 330 4088 ’Damus
345 4053 427 4088 etiam
439 4047 562 4089 ‘Tenore
578 4049 763 4080 Ptaesentium
779 4048 914 4078 omnibus
929 4047 962 4078 ὅτ.
985 4047 1096 4087 singulis
1111 4047 1233 4078 Archie-

180 4082 302 4127 piscopis
317 4081 460 4127 Episcopis
476 4085 695 4118 Marchionibus
710 4085 876 4117 Comitibus
899 4086 1055 4117 Batonibus
1077 4086 1234 4122 Militibus,

182 4122 295 4154 Liberis
306 4120 501 4161 Hominibus,
518 4133 552 4156 ac
564 4126 696 4157 omnibus
714 4126 773 4156 aliis
783 4124 939 4157 Officiariis
964 4123 1103 4157 Ministris
1125 4126 1159 4158 δε
1183 4124 1236 4155 Li-

1263 1858 1359 1889 Sciatis
1376 1858 1457 1896 quod
1478 1857 1547 1887 cum
1561 1856 1589 1885 in
1605 1855 1716 1885 Statuto
1731 1855 1760 1884 in
1785 1853 1973 1883 Parliamento
1996 1851 2119 1881 Domini
2145 1850 2286 1881 Edwardi
2316 1876 2318 1880 Α

1227 1906 1308 1936 nuper
1326 1900 1404 1934 Regis
1422 1896 1441 1915 ²*
1463 1894 1577 1933 Angliae
1595 1896 1681 1923 Tertii
1700 1892 1771 1930 apud
1797 1891 1904 1932 Westm.
1926 1893 2012 1920 Anno
2030 1892 2116 1927 Regni
2123 1889 2169 1929 fici
2188 1889 2283 1928 vicesi-

1229 1974 1393 2004 rationabile
1406 1973 1554 2004 Auxilium
1566 1971 1599 2001 ad
1614 1970 1844 2008 Primogenitum
1865 1968 1967 1998 Filium
1988 1967 2077 2005 Regis
2100 1966 2226 1996 Militem
2245 1967 2288 1996 fa-

1229 2013 1363 2044 ciendum
1378 2019 1486 2051 petatur
1501 2012 1535 2041 &
1550 2010 1675 2045 levetur,
1692 2007 1848 2039 secundum
1864 2007 1988 2037 formam
2003 2005 2106 2036 Statuti
2122 2006 2186 2035 inde
2213 2005 2289 2041 prius

1229 2051 1315 2089 editi,
1336 2052 1369 2082 &
1386 2060 1447 2080 non
1467 2049 1523 2080 alio
1543 2047 1660 2085 modo,
1686 2047 1817 2076 videlicet
1830 2068 1840 2083 ,
1867 2045 1901 2076 de
1922 2045 2049 2082 quolibet
2070 2043 2153 2073 Feodo
2181 2041 2287 2072 Militis

1229 2097 1311 2120 tento
1326 2089 1361 2119 de
1376 2088 1457 2128 Rege
1477 2088 1533 2118 sine
1550 2086 1670 2123 Medio,
1690 2087 1792 2122 Viginti
1811 2083 1913 2113 Solsdos
1927 2085 1959 2114 ὃς
1971 2092 2029 2112 non
2046 2082 2117 2121 plus:
2138 2081 2175 2112 Et
2191 2081 2226 2110 de
2241 2082 2288 2110 Vi-

1228 2131 1299 2166 ginti
1317 2127 1449 2157 Libratis
1457 2130 1548 2156 Terrae
1561 2125 1643 2155 tentis
1658 2124 1694 2154 de
1713 2124 1796 2161 Rege
1811 2123 1866 2153 sine
1883 2121 1986 2151 Medio
2003 2121 2031 2150 in
2057 2123 2163 2157 Socagio
2182 2121 2288 2155 Viginti

1233 2166 1332 2196 Solidos
1348 2167 1382 2197 ὅ(
1397 2175 1456 2207 non
1471 2165 1548 2203 plus,
1566 2170 1650 2201 prout
1665 2163 1695 2192 in
1717 2163 1821 2193 eodem
1844 2161 1973 2198 Statuto,
1999 2160 2072 2189 inter
2093 2159 2159 2196 alia,
2179 2157 2290 2196 plenius

1235 2212 1414 2236 continetur:
1979 2226 1982 2229 .

1270 2242 1408 2280 Cumque
1421 2240 1551 2279 seperales
1562 2238 1786 2271 Commiffiones
1801 2237 1905 2269 nostrae
1920 2236 1956 2267 de
1971 2234 2113 2266 Mandato
2127 2234 2226 2266 nostro
2240 2244 2294 2265 nu-

1234 2291 1282 2321 per
1299 2289 1466 2311 emanarunt
1481 2280 1512 2309 in
1527 2279 1646 2318 singulos
1658 2277 1819 2308 Comitatus
1835 2276 1990 2313 noliros,in
2004 2276 2037 2304 ὃς
2053 2284 2101 2312 per
2118 2281 2214 2304 totuni
2228 2273 2292 2302 Re-

1235 2329 1328 2360 gnum
1342 2318 1472 2349 nostrum
1486 2318 1617 2355 Angliae,
1641 2316 1676 2346 ad
1699 2316 1850 2347 levandum
1872 2316 1904 2346 &
1928 2313 2121 2352 colligendum
2146 2311 2293 2342 Auxilium

1235 2358 1405 2396 praedkstum
1419 2356 1454 2387 ad
1470 2355 1567 2385 Primo
1587 2355 1697 2385 enitum
1713 2355 1815 2385 Filium
1832 2353 1978 2390 nostrum,
2004 2351 2109 2381 AEtatis
2129 2350 2295 2390 Qaeindecim

1236 2400 1383 2427 Annorum
1399 2395 1504 2425 adtunc
1517 2394 1559 2424 ex‘
1587 2401 1684 2424 entem
1695 2415 1705 2430 ‚
1724 2392 1852 2422 Militem
1869 2391 2049 2427 faciendum,
2068 2399 2126 2421 tam
2142 2393 2177 2419 de
2200 2388 2296 2425 singu-

1237 2437 1270 2465 lis
1287 2435 1388 2465 Feodis
1402 2433 1532 2463 Militum
1548 2432 1581 2462 &
1596 2432 1729 2462 Partibus
1749 2430 1837 2460 Feodi
1852 2453 1861 2466 ,
1885 2429 1971 2467 qu'am
1991 2428 2027 2458 de
2044 2428 2139 2458 Terris
2154 2428 2190 2457 de
2206 2426 2291 2468 nobis

1237 2474 1386 2542 iCrZSocagio
1402 2472 1459 2502 sine
1476 2470 1581 2501 Medio
1606 2470 1692 2501 teritis
1705 2492 1715 2508 ,
1740 2468 1895 2498 secundum
1917 2467 2042 2497 formam
2067 2464 2296 2503 Statutipraedi-

1271 2521 1295 2541 i:

1276 2548 1366 2579 Unde
1389 2547 1489 2578 Nobis
1512 2569 1522 2588 ,
1547 2556 1597 2584 per
1619 2544 1814 2576 cancellarium
1834 2543 1975 2580 utriusque
2003 2539 2168 2572 Academiae
2190 2538 2295 2570 nostrae
2341 2559 2343 2561 ·

1239 2587 1339 2617 oxori.
1354 2587 1387 2616 &
1403 2585 1528 2627 Canqtabr
1553 2585 1696 2615 humiliter
1713 2584 1741 2614 su
1764 2583 1898 2622 plicatum
1912 2581 1964 2619 est,
1972 2578 2293 2623 quodiviagisti·i,Gar-

1239 2626 1332 2663 diarii,
1350 2624 1512 2662 Praepoiiti‚
1530 2623 1718 2661 principales,
1737 2593 1970 2657 gubernatores,
1988 2619 2064 2648 Socii
2076 2640 2085 2655 ,
2111 2620 2143 2648 &
2169 2617 2296 2660 Scolares

1241 2664 1445 2700 Collegiorum
1461 2685 1472 2700 ,
1498 2661 1683 2697 Domorum,
1710 2659 1833 2690 AEdium
1849 2681 1859 2696 ‚
1884 2658 2099 2695 Hospitiorutn,
2124 2657 2156 2686 &
2177 2656 2299 2686 aliorum

1242 2703 1420 2733 Scholarium
1439 2701 1471 2731 in
1485 2700 1588 2730 eisdem
1598 2699 1758 2731 Academiis
1773 2697 1940 2735 respeffiv‘e,
1954 2696 2062 2725 haberit
2075 2703 2171 2724 tenent
2181 2694 2213 2724 ὃς
2234 2691 2297 2730 pos-

1245 2742 1333 2771 siderit
1348 2739 1455 2770 diveria
1469 2739 1574 2768 Terras
1588 2739 1621 2769 &c
1633 2737 1813 2767 Tenementa
1829 2737 1859 2764 iri
1873 2735 1984 2764 diveriis
1998 2733 2191 2762 Comitatibus
2214 2732 2296 2768 hujus

1246 2779 1343 2818 Regni
1359 2778 1447 2808 nostri
1462 2777 1595 2814 Angliae,
1613 2785 1677 2815 quae
1691 2776 1726 2805 de
1738 2775 1821 2804 nobis
1835 2781 1964 2803 tenentur
1980 2780 2029 2813 per
2043 2769 2295 2813 Servitiuthili-

1245 2826 1302 2848 tare
1318 2817 1362 2847 vel
1377 2818 1408 2846 in
1426 2816 1498 2846 Soca
1520 2816 1548 2845 io
1562 2815 1618 2844 sine
1638 2813 1760 2850 Medio,
1785 2813 1818 2842 ὃς
1835 2812 1913 2849 quod
1939 2811 1958 2840 si
1976 2811 2024 2847 ipii
2045 2810 2074 2838 iri
2095 2808 2221 2838 Peiionis
2244 2807 2298 2837 suis

1245 2856 1379 2894 propriis,
1399 2864 1469 2885 cum
1514 2854 1597 2883 hartis
1613 2852 1767 2883 Evidentiis
1783 2852 1816 2882 δε
1831 2849 1948 2887 Scriptis
1961 2847 2028 2885 suis,
2045 2846 2079 2890 ad
2095 2847 2187 2877 dictos
2203 2846 2299 2875 Com-

1246 2894 1434 2925 miffionarios
1448 2892 1571 2930 nostros,
1590 2893 1618 2921 in
1634 2890 1791 2928 quemlibet
1804 2889 1950 2926 seperalem
1967 2886 2144 2916 Comitatum
2160 2885 2211 2926 ubi
2223 2883 2298 2913 Ter-

1247 2943 1286 2963 rae
1299 2932 1354 2962 suae
1363 2931 1477 2969 jacent,
1496 2931 1554 2968 ire,
1571 2931 1604 2959 &
1622 2928 1725 2959 Itinera
1740 2928 1892 2965 longinqua
1913 2925 1979 2954 illuc
1993 2925 2100 2960 facere,
2129 2923 2173 2953 vel
2195 2926 2213 2952 li
2234 2922 2301 2951 Sei·-

1247 2982 1301 3003 vos
1318 2969 1455 3000 Nuncios
1469 2968 1514 2999 vel
1528 2969 1695 2999 Attornatos
1709 2966 1770 2996 suos
1790 2964 1958 2995 sufficienter
1972 2964 2001 2992 in
2025 2960 2176 2992 Praemiffis
2194 2959 2297 2990 instru-

1249 3011 1326 3045 ctos,
1344 3008 1410 3038 illuc
1428 3008 1536 3037 mittere
1549 3013 1733 3044 cogerentur,
1759 3003 1793 3034 ad
1817 3000 2029 3033 informandum
2053 2999 2182 3037 sepetales
2202 2997 2299 3028 Com-

1250 3046 1453 3082 missionarios,
1471 3045 1517 3075 vel
1528 3044 1667 3082 Juratores
1680 3044 1714 3073 ad
1729 3041 1929 3081 inquirendum
1947 3039 2092 3082 superinde
2115 3037 2298 3080 impanellan·

1249 3087 1317 3123 dos,
1331 3086 1410 3123 juxta
1428 3084 1555 3113 debitam
1578 3082 1664 3119 Legis
1685 3082 1810 3112 formam
1831 3081 1864 3110 δε
1885 3080 2053 3116 exigentiam
2077 3076 2112 3106 de
2134 3075 2301 3112 leperalibus

1250 3124 1390 3160 Tcnuris,
1409 3123 1443 3154 &
1458 3121 1561 3152 Valore
1575 3120 1735 3160 seperaliurn
1752 3120 1908 3150 Terrarum
1924 3118 1954 3146 in
1988 3115 2095 3145 uolibet
2109 3113 2218 3153 seperali
2237 3112 2301 3156 Co‘-

1252 3163 1368 3198 mitatu,
1386 3169 1432 3191 aut
1446 3160 1551 3190 ibidem
1567 3160 1601 3189 ad
1617 3158 1853 3196 componendum
1877 3165 1945 3185 curn
1976 3153 2127 3191 eperalibus
2152 3152 2300 3182 Commis-

1251 3201 1371 3230 sionariis
1385 3209 1437 3236 pro
1456 3198 1569 3228 Auxilio
1585 3197 1683 3227 nostro
1698 3197 1733 3227 de
1746 3196 1845 3226 Terris
1864 3195 1931 3231 illis,
1951 3193 1985 3222 ad
2009 3196 2081 3228 opas
2102 3190 2248 3233 nostrum,
2269 3197 2300 3219 ut

1251 3238 1416 3278 praefertur,
1441 3237 1561 3267 levando
1584 3238 1617 3268 &e
1638 3235 1799 3273 colligendo
1841 3230 2003 3270 hujusmodi
2025 3239 2121 3272 earum
2146 3228 2246 3270 Itinera
2267 3227 2301 3258 &

1255 3277 1398 3308 Absenti-ae
1413 3278 1429 3306 'a
1444 3274 1596 3313 Collegiis,
1612 3274 1778 3311 Domibus,
1797 3257 1937 3307 fiinibus,
1955 3268 2133 3305 Hospitiis&
2145 3266 2223 3296 Aulis
2238 3265 2303 3302 suis,

1254 3326 1286 3346 ac
1302 3314 1463 3352 hujusmodi
1485 3313 1635 3343 Miiiiones
1656 3313 1684 3341 iri
1707 3320 1805 3341 eorum
1831 3310 1986 3350 maximum
2009 3305 2172 3336 Gravamen
2202 3302 2303 3346 &.¹¹¹“

1252 3353 1445 3385 commodum
1465 3351 1660 3388 manifestum,
1677 3351 1755 3382 &in
1770 3348 1937 3379 Studiorum
1954 3344 2097 3375 dictorum
2121 3341 2304 3373 Scholariurn

1255 3393 1413 3423 maximum
1427 3390 1663 3427 impedimentum
1679 3388 1824 3424 cederent:
2117 3419 2122 3425 .

1296 3432 1341 3461 Ac
1353 3430 1423 3460 ideo
1438 3427 1600 3459 Cancellarii'
1614 3427 1738 3465 praedicti
1754 3425 1852 3456 Nobis
1865 3422 2015 3453 humilime
2038 3419 2238 3462 supplicarunt,
2251 3424 2305 3457 pro

1256 3467 1430 3499 Commodo
1445 3468 1478 3497 ὃς
1495 3468 1601 3505 Quiete
1615 3465 1741 3503 ipsorum
1754 3465 1787 3494 &
1803 3462 1967 3494 Studiorum
1982 3461 2093 3490 suorum
2115 3465 2306 3500 incremento,

1256 3516 1287 3538 ut
1303 3505 1573 3537 Commiffionarios
1587 3504 1697 3534 nostros
1712 3503 1767 3533 hac
1783 3503 1810 3532 iti
1827 3509 1905 3539 parte
1914 3498 2039 3538 speciales
2054 3504 2202 3527 nominare
2217 3496 2250 3526 &
2263 3495 2306 3524 as·-

1258 3546 1366 3584 iignare
1384 3545 1583 3584 dignaremur,
1602 3543 1651 3580 qui
1676 3541 1887 3572 Authoritatem
1908 3538 2040 3579 haberent
2059 3545 2091 3566 ac
2114 3533 2306 3578 Corn-missio-

1258 3594 1326 3614 nem
1343 3581 1552 3620 componendi,
1568 3589 1602 3610 ex
1621 3588 1695 3617 parte
1712 3579 1817 3615 nostra,
1833 3585 1900 3607 cum
1915 3574 2055 3612 praedietis
2071 3571 2306 3618 MagistrisaGar-

1258 3623 1363 3660 diariis,
1382 3620 1548 3658 Praepofitis‚
1566 3617 1781 3655 Principalibus,
1799 3611 2153 3655 Gubernatoribus,SOCiis
2166 3611 2199 3641 ὃ(
2215 3611 2309 3654 bcho-

1259 3662 1361 3692 laribus
1374 3659 1519 3689 didtorum
1535 3656 1751 3694 collegiorum,
1779 3654 1947 3683 Domorum
1961 3673 1971 3688 ,
1996 3649 2135 3694 AEdium,
2158 3648 2307 3692 Hospitio-

1260 3709 1324 3730 rum
1340 3699 1373 3729 &
1392 3698 1526 3727 Aularum
1538 3697 1566 3725 in
1580 3694 1683 3725 eisdem
1701 3692 1878 3726 Academiis,
1897 3690 1928 3720 δε
1945 3698 2045 3719 eorum
2059 3687 2239 3726 quibussibet,
2255 3695 2307 3724 pro

1261 3737 1400 3777 praeditsto
1417 3735 1531 3765 Auxilio
1545 3733 1661 3769 Nobis,
1677 3733 1784 3762 ratione
1801 3727 1951 3767 praedicta,
1969 3734 2018 3765 p‘er
2033 3736 2080 3756 eos
2102 3727 2200 3757 debito
2217 3727 2250 3756 δε·
2265 3728 2307 3767 re-

1261 3775 1399 3807 solvendo
1413 3783 1466 3812 pro
1482 3772 1579 3802 Terris
1590 3771 1639 3801 suis
1652 3779 1700 3807 per
1715 3778 1809 3799 totum
1828 3767 1968 3802 Regnum
1982 3764 2110 3795 nostrum
2127 3764 2237 3802 Angliae
2252 3772 2311 3793 exi-

1257 3815 1417 3850 ‘stentibu85
1434 3813 1467 3843 &
1480 3811 1515 3841 de
1529 3809 1646 3844 Nobis,
1660 3817 1691 3838 ut
1707 3806 1868 3845 praefertur,
1887 3805 1980 3839 tentis,
1997 3813 2030 3833 ac
2047 3805 2133 3833 etiam
2148 3812 2178 3833 ut
2195 3801 2261 3832 inde
2275 3810 2308 3830 ac

1263 3853 1299 3883 de
1314 3851 1493 3890 Beneplacito
1510 3847 1607 3878 nostro
1621 3846 1674 3876 hac
1692 3847 1719 3875 in
1745 3854 1820 3884 parte
1842 3844 1929 3872 iidem
1952 3840 2198 3871 Commiffionarii
2220 3840 2308 3869 nostri

1263 3889 1408 3926 cujussibet
1424 3887 1547 3925 seperalis
1560 3883 1726 3915 Comitatus
1742 3881 1981 3916 certificarentur,
2000 3879 2040 3909 Ita
2055 3888 2085 3910 ut
2099 3879 2227 3916 praedicti
2247 3877 2311 3907 Ma-

1264 3928 1360 3968 gistri,
1379 3926 1528 3961 Gardiani,
1546 3923 1709 3961 Praepofiti,
1728 3921 1912 3956 principales,
1930 3917 2141 3948 Gubernatores
2158 3940 2166 3955 ,
2183 3918 2261 3947 Socii
2281 3918 2315 3945 ὅτε

1265 3967 1393 3997 &coleres
1405 3963 1617 4000 Collegiorum‚
1634 3960 1816 3995 Domorum,
1838 3955 1970 3993 AEdiutn,
1989 3955 2190 3994 Hospitiorum
2205 3957 2237 3983 ὃς
2257 3954 2316 3995 Au-

1267 4006 1353 4036 larum
1369 4002 1584 4040 praedictarum,
1602 4000 1617 4029 a
1632 3998 1712 4028 dietis
1733 3994 1992 4027 Commiffionariis
2015 3995 2118 4024 nostris
2138 3995 2165 4022 in
2192 3992 2315 4028 seperali‘·

1269 4044 1321 4074 bus
1335 4041 1526 4072 Comitatibus
1538 4037 1640 4067 nostris
1654 4037 1682 4065 in
1700 4034 1853 4066 Praemiss'is
1867 4032 1951 4071 quieti
1965 4032 2053 4062 essent
2075 4034 2106 4062 &
2128 4033 2282 4070 immunes,
2305 4064 2314 4071 ἱ

1306 4080 1374 4111 Nos
1388 4076 1528 4118 praemiffa
1544 4075 1749 4106 considerantes
1761 4096 1770 4110 ,
1787 4083 1819 4103 ac
1835 4071 2020 4101 Petitioiiibus
2034 4071 2176 4110 praedietis
2200 4072 2320 4108 gratiose

1269 4120 1303 4153 ὃς
1317 4116 1507 4150 favorabiliter
1522 4122 1692 4151 annuenteS,
1711 4110 1924 4180 Beiieplggitum
1937 4108 2069 4140 nostrum
2083 4111 2115 4141 ὃς
2137 4106 2320 4168 Ρῑοροίιειιξὲ

1868 4156 1882 4186 3
2252 4150 2287 4171 aii
2318 4149 2329 4156 ⁶

2307 1884 2327 1903 ⁸
2339 1879 2424 1912 va

1228 1947 1269 1965 mo
1287 1939 1382 1976 quinto
1402 1943 1497 1971 tento,
1516 1937 1589 1964 inter
1604 1932 1671 1969 alia,
1689 1931 1835 1969 provisum
1850 1929 1943 1960 fuisset
1956 1932 1987 1960 &
2010 1929 2189 1967 ordinatum,
2203 1927 2285 1966 quod
2307 1924 2370 1952 681·
