2557 4279
65 274 143 305 Ann.
162 272 201 303 D.

91 313 163 356 [603

70 360 80 378 ι
93 349 159 388 [fac.
180 361 205 387 ι,

82 2202 189 2230 *XVL

81 2248 147 2277 535-

211 191 264 230 36

216 273 390 313 praeteritum
405 271 501 302 habita
516 267 589 300 faeta
605 268 652 299 seu
664 269 833 307 commissa,

219 313 305 343 missis
321 313 363 343 vel
381 312 475 348 aliquo
492 308 726 345 Praemifforum,
749 309 897 338 indietatus
914 307 1063 344 appellatus
1086 306 1206 335 rectatus
1227 304 1276 334 ad-

219 352 354 389 judicatus
369 352 501 386 utlagatus
517 346 723 376 condemnatus
736 346 886 376 convictus
900 347 944 375 vel
958 345 1090 376 attinetus
1113 344 1211 374 existat
1232 342 1278 373 vel

221 400 279 420 non
299 389 412 419 existat.-

259 429 305 458 Ac
320 426 416 455 onmia
431 425 464 455 &
480 423 584 463 singula
596 422 877 462 JudiciaUtlagarias
891 432 923 453 ac
939 420 1149 462 Convitfitiones
1166 428 1218 457 pro
1232 418 1282 461 eis-

219 466 284 496 dem
302 464 345 494 seu
358 471 458 493 eorum
473 462 583 500 aliquo,
603 471 635 491 ac
649 471 733 491 etiam
749 460 782 491 In
803 462 887 491 relius
901 470 988 490 manu
1003 461 1070 490 forti
1084 460 1168 488 netas
1179 480 1187 495 ,
1206 457 1282 500 ’Rio-

220 514 259 534 tas
277 503 402 539 Roneis,
426 500 534 530 illicitas
557 499 715 530 Assemblas
729 522 738 537 ,
795 499 980 530 onventicula
1011 496 1283 538 Confoederauones

220 541 449 577 Conspirationes
461 538 705 578 Transgreniones
719 539 823 568 illicitas
840 537 1003 567 Verborum
1024 534 1208 577 Prolationes,
1224 533 1279 562 hx-

220 580 372 615 tortiones‚
393 577 614 615 Oppreffiones,
632 577 708 607 salsas
720 576 928 606 P‘abricationes
944 574 1094 604 Cartarum
1111 571 1281 610 scriptorum

222 617 479 647 Munimentorum
496 616 552 645 sive
574 615 733 653 aliquorum
756 614 934 651 Scriptorum
960 620 1231 649 quorumcumque,
1248 618 1281 639 ac

221 656 433 687 Publicationes
447 654 634 684 eorumdem:
933 688 937 693 ι
976 688 983 693 ·

261 694 394 724 Necnon
421 692 543 730 Perjuria
569 702 601 722 ac
628 691 848 722 Subornationes
876 688 1066 726 Perjuriorutn
1082 709 1092 724 ‚
1116 687 1149 717 &
1182 695 1285 716 omnes

221 731 416 763 Denariorum
434 732 566 761 Summas
585 731 639 761 sive
658 732 719 760 alias
738 730 798 758 Res
814 730 845 759 ὅ(
866 726 998 768 Munera,
1016 723 1284 770 regeptaprotver-

222 771 302 801 dieto
321 770 444 801 dicendo
462 779 508 800 aut
524 769 624 807 injuste
645 769 807 803 reddendo,
827 766 1012 795 lmbracrarias
1031 762 1236 799 Cambrparuas
1248 764 1281 793 δε

221 809 450 839 Manutenentias
468 817 675 845 quaecumque,
693 815 741 844 per
761 804 850 847 ipsum
869 806 912 845 A.
933 805 968 831 Β.
987 801 1076 845 solum
1101 809 1148 831 ant
1164 810 1235 830 cum
1254 811 1283 843 a·

220 848 295 887 liqua
311 848 362 877 alia
379 846 519 884 Persona,
535 854 581 876 aut
597 844 806 884 aliquibusbaliis
826 841 969 877 perionis,
988 841 1084 877 aliquo
1099 848 1230 876 tempore
1248 842 1282 868 si-

221 897 256 917 ve
273 887 408 925 aliquibus
425 885 596 922 temporibus
609 893 672 913 ante
691 884 799 911 dietum
817 879 968 919 vicestmum
985 881 1066 907 Diem
1083 880 1197 914 Martii,
1214 887 1283 914 qua-

220 925 410 962 litercumque
425 924 505 953 rauae
523 922 625 952 habitae
639 919 801 951 commisse
817 920 872 960 sive
897 925 1070 959 perpetratae,
1097 916 1284 954 pardonamus

220 965 307 994 etiam
326 963 495 993 remittimus
513 962 545 992 ὃ(
561 960 713 989 relaxamus
728 968 773 994 per
795 956 944 986 Praesentes
959 958 1075 994 praesato
1097 961 1144 997 Α.Ἴ
1160 957 1195 983 B.
1214 963 1280 983 om-

220 1012 271 1032 nes
289 1003 321 1031 δε
337 999 516 1031 omnimodas
532 998 661 1028 Ostenns
675 999 707 1028 &
724 994 967 1034 Transgreffiones
980 1004 1032 1031 pro
1051 993 1204 1023 Abralione
1220 991 1282 1022 Ra-

221 1040 280 1070 sura
304 1042 337 1071 ὃς
359 1038 586 1068 Interlineatione
606 1036 763 1072 aliquorum
785 1034 961 1063 Rutulorum
985 1032 1186 1062 Recordorum
1211 1029 1279 1061 Bre-

221 1079 302 1108 vium
318 1078 536 1107 Warrantorum
553 1074 798 1112 Recognitionum
816 1073 870 1102 sive
885 1071 1004 1100 aliorum
1022 1069 1281 1100 memorandorum

224 1117 389 1147 nostrorum
403 1124 449 1144 aut
466 1114 580 1151 alicujus
597 1112 815 1142 Anteceslorum
829 1110 875 1141 seu
883 1110 1101 1149 Progenitorum
1117 1108 1282 1138 nostrorum

223 1163 472 1192 quorumcumque
490 1154 518 1181 in
535 1152 625 1188 aliqua
639 1149 728 1180 Curia
747 1150 803 1179 sive
823 1149 960 1186 aliquibus
981 1146 1073 1178 Curiis
1098 1147 1218 1185 nostris,
1235 1155 1282 1177 aut

222 1195 337 1230 alicujus
350 1190 572 1221 Anteccllorum
593 1189 638 1218 seu
656 1189 876 1226 progenitorum
894 1186 1074 1224 nostrorum,
1099 1195 1162 1216 ante
1181 1185 1280 1223 praedi-

224 1233 306 1261 c'tuni
324 1229 474 1267 vicesima-1
490 1232 569 1258 Diem
588 1230 692 1256 Martii
706 1235 874 1264 perpetratas
888 1225 943 1255 sive
963 1224 1063 1255 fafitas:

263 1270 308 1298 Ac
324 1265 409 1297 etiam
428 1268 526 1297 omnia
542 1268 574 1297 &
589 1266 689 1304 singula
709 1265 819 1303 Judicia
836 1288 846 1302 ,
872 1263 980 1294 Poenas
1007 1262 1130 1300 Mortis,
1154 1260 1283 1304 Punitio-

223 1318 292 1346 nes,
308 1317 340 1336 ac
356 1306 502 1342 Exitus&
521 1305 654 1334 Proficua
674 1304 807 1333 onmium
827 1305 859 1334 &
879 1302 1050 1340 singulorum
1072 1301 1282 1331 Dominiorum

224 1346 421 1375 maneriorum
439 1344 592 1374 Terrarum
613 1342 864 1372 Tencmentorum
882 1350 915 1371 ac
934 1348 1105 1370 caeterorum
1125 1338 1284 1369 Haeredita-

224 1393 390 1418 mentorum
411 1382 490 1419 ipsius
510 1385 551 1411 A.
570 1385 606 1410 Β.
635 1381 732 1410 Nobis
749 1389 795 1411 aut
818 1380 901 1410 alicui
928 1379 1150 1422 Progenitorum
1170 1376 1283 1407 nostro-

223 1432 303 1458 rum,
322 1421 470 1451 occasione
488 1419 705 1450 praemissorum
723 1418 768 1449 scu
786 1428 890 1449 eorum
907 1417 1019 1454 alicujus
1039 1420 1092 1445 sive
1111 1415 1283 1458 allquorum,

224 1471 272 1497 per
292 1460 439 1497 praefatum
454 1462 498 1488 A.
519 1458 782 1488 13.fi>iisraetorum
804 1457 859 1487 sive
883 1455 1114 1493 deperditorum‚
1131 1454 1164 1483 ὃ(
1185 1452 1284 1496 Nobis

223 1509 269 1529 aut
286 1499 367 1528 alicui
391 1497 611 1528 Antecefforum
636 1497 680 1525 seu
706 1496 926 1533 progenitorum
952 1493 1117 1535 nostrorum
1131 1514 1140 1528 ,
1156 1499 1221 1521 ante
1240 1492 1283 1535 d.¹.’

224 1538 305 1567 etum
325 1536 477 1575 vicqfimum
492 1538 573 1565 Diem
588 1537 691 1563 Martii
708 1535 812 1574 ultimo
831 1532 1004 1572 praeteritum
1022 1539 1130 1561 ratione
1155 1528 1283 1560 Praemn-

224 1580 321 1605 sorum
337 1575 430 1604 debita
449 1575 612 1612 pertinentia
630 1574 682 1603 sive
695 1573 859 1609 spectantia:

263 1613 300 1643 Et
316 1613 446 1650 ulterius,
463 1612 498 1642 de
513 1613 635 1642 uberiori
653 1610 752 1640 Gratia
768 1609 879 1647 nostra,
899 1619 932 1640 ac
954 1618 989 1639 ex
1010 1616 1085 1640 certa
1103 1608 1228 1639 Scientia
1248 1609 1281 1639 δε

226 1662 309 1682 mero
326 1651 414 1682 Motu
428 1650 542 1688 nostris,
560 1649 746 1688 pardonamus
766 1649 935 1678 remittimus
954 1649 987 1678 δε
1014 1647 1164 1678 relaxamus
1185 1647 1283 1685 praefa-

224 1699 256 1721 to
276 1694 318 1720 A.
344 1692 381 1719 B.
408 1698 507 1719 omnes
532 1692 564 1719 ὃς
586 1687 703 1726 singulas
727 1686 822 1716 Sedhs
849 1687 882 1717 ὃς
907 1685 998 1717 causas
1028 1686 1194 1721 Setharum,
1219 1693 1283 1715 ante

223 1728 390 1767 praedictum
409 1727 559 1766 via-estmum
584 1729 663 1755 Diem
688 1727 793 1755 Martii
816 1725 921 1755 ultimo
947 1725 1141 1762 praeteritum,
1161 1731 1280 1760 quarum

225 1768 355 1806 cognitio
370 1766 473 1803 speetar
494 1765 529 1795 ad
553 1763 661 1795 forum
681 1763 909 1794 Ecclesiasticum
937 1764 970 1793 δε
996 1772 1061 1800 quae
1082 1763 1282 1793 examinabiles

226 1806 259 1836 &
275 1804 499 1835 dererniinabiles
517 1802 636 1833 existunt
656 1803 685 1832 in
703 1802 791 1841 aliqua
811 1801 897 1832 Curia
915 1800 1148 1838 Christianitatis,
1167 1800 1211 1831 seu
1228 1810 1279 1831 co-

224 1854 284 1873 ram
305 1844 399 1879 aliquo
416 1842 520 1880 Judice
541 1840 758 1878 Ecclesiastico,
776 1839 821 1870 seu
847 1839 1062 1878 quibuscunque
1088 1839 1280 1870 Commiffio-

224 1883 305 1912 nariis
321 1879 521 1911 Ecclesiasticis
540 1880 611 1909 infra
628 1879 766 1918 Regnum
787 1879 916 1918 Angttae,
935 1880 967 1910 δε
984 1887 1048 1916 quae
1062 1879 1155 1909 adhuc
1173 1877 1280 1915 depen-

225 1921 293 1950 dent
312 1922 345 1951 ὃ(
363 1927 510 1949 remanent
537 1917 712 1955 indiscussae,
736 1918 939 1948 tantummodo
964 1917 1057 1955 quoad
1083 1917 1203 1953 aliquam
1231 1916 1282 1947 Se-

227 1959 319 1996 ἃειῃ,
338 1958 381 1987 seu
400 1957 614 1987 Exhibitionem
631 1957 676 1987 seu
693 1955 923 1986 Prosecutionem
941 1955 1054 1992 alicujus
1076 1955 1184 1991 Seitae,
1203 1956 1231 1984 in
1254 1965 1283 1985 a·

225 1998 299 2035 liqua
317 1995 404 2026 Curia
423 1994 633 2033 Ecclesiastica,
652 1994 697 2024 seu
716 2004 814 2025 coram
833 1995 926 2032 aliquo
941 1994 1043 2032 judice
1062 1992 1281 2031 Ecclesiastico,

224 2036 268 2066 seu
287 2034 515 2072 quibuscumque
540 2032 799 2064 Commislionariis
824 2031 1024 2063 Ecclesiasticis
1038 2054 1047 2069 ,
1073 2041 1106 2061 ac
1130 2041 1229 2062 omnes
1248 2033 1281 2063 &

226 2075 346 2111 singulos
367 2073 560 2111 Contemptus
576 2072 610 2102 de
630 2081 677 2102 aut
697 2081 749 2109 pro
768 2070 871 2102 eisdem
889 2079 934 2100 aut
953 2080 1048 2101 earum
1065 2070 1173 2107 aliqua,

264 2112 395 2142 Necnon
407 2121 509 2141 omnes
524 2111 556 2141 &
579 2110 764 2140 omnimodas
781 2109 910 2140 Offensas
930 2108 1176 2145 Transgreffiones
1201 2106 1285 2138 Con-

226 2158 351 2187 temptus
370 2152 402 2181 &
418 2150 612 2188 Negligentias
629 2156 727 2178 contra
743 2150 864 2178 form-arn
888 2157 1138 2186 quorumcumque
1157 2146 1285 2177 Statuto-

228 2199 290 2218 rum
310 2190 346 2218 de
366 2188 526 2218 Liberatura
546 2187 638 2226 Signis
657 2188 689 2218 &
709 2186 815 2224 Bagiis,
832 2196 865 2216 ac
882 2195 981 2217 contra
997 2187 1122 2216 formam
1141 2185 1283 2223 alicujus*

227 2228 329 2258 Statuti
349 2236 402 2263 pro
415 2226 591 2257 Retentione
605 2225 678 2255 faeta
691 2225 745 2255 sive
768 2233 938 2263 perpetrata,
957 2233 989 2255 ac
1012 2233 1112 2255 contra
1134 2223 1286 2262 Adjutores

230 2267 406 2303 Receptores
428 2266 459 2296 ὃς
483 2265 655 2294 Retentores
684 2264 873 2299 eorumdem,
903 2271 968 2293 ante
995 2262 1106 2293 dictum
1137 2262 1286 2303 vicesimum

228 2308 309 2335 Diem
329 2306 432 2332 Martii
454 2303 551 2332 Nobis
571 2311 617 2333 aut
639 2302 721 2331 alicui
741 2301 963 2333 Antecess‘orum
986 2301 1042 2332 sive
1066 2301 1286 2340 Progenitorum

229 2343 394 2374 nostrorum
409 2342 560 2372 forisfaclas
578 2341 632 2370 sive
647 2340 823 2378 deperditas,

271 2381 405 2411 Necnon
418 2390 536 2417 omneS,
551 2380 584 2410 &
607 2380 790 2409 omnimodas
814 2379 1010 2416 Contemptus
1031 2379 1065 2410 &
1087 2378 1288 2418 Negligentias

233 2430 281 2458 per
299 2419 448 2456 praefatum
467 2421 509 2447 A.
530 2420 565 2446 Β.
584 2417 691 2453 solum,
710 2417 756 2447 seu
775 2419 954 2456 conjunctim
969 2426 1038 2448 cum
1056 2418 1146 2455 aliqua
1161 2420 1212 2448 alia
1222 2418 1289 2448 Per-

234 2464 299 2488 sona
315 2458 369 2487 sive
385 2465 453 2487 cum
467 2456 604 2492 aliquibus
618 2456 673 2485 aliis
686 2455 828 2492 Personis,
848 2465 948 2485 contra
961 2456 1087 2485 formam
1104 2456 1137 2486 &
1149 2457 1288 2487 effeetum

231 2503 483 2533 quorumcumque
496 2493 674 2524 statutorum
690 2492 724 2524 de
741 2493 810 2523 fains
825 2493 1002 2524 Ponderibus
1018 2494 1050 2524 ὃς
1068 2493 1208 2524 Mensuris
1227 2504 1289 2524 non

233 2534 363 2572 mendis,

271 2571 401 2602 Necnon
429 2581 530 2602 omnes
556 2571 589 2601 δε
615 2571 796 2601 omnimodas
816 2571 922 2602 Usuras
937 2592 946 2609 2
971 2569 1146 2601 Contrac'tus
1168 2569 1290 2608 Usurae,

233 2610 378 2649 Barganias
398 2619 543 2647 corruptas
555 2619 588 2639 ac
602 2609 793 2641 Chevisantias
810 2611 932 2647 illicitas,

268 2652 311 2678 Ac
325 2658 426 2679 omncs
440 2650 472 2679 &
489 2649 672 2678 omnimodas
686 2648 707 2678 F
709 2648 883 2678 orisfasturas
900 2647 1006 2678 Debita
1021 2647 1053 2678 ὃς
1070 2645 1219 2677 Demanda
1236 2655 1289 2675 no-

232 2687 274 2717 bis
293 2687 388 2717 debita
404 2688 568 2725 pertinentia
585 2687 641 2717 sive
655 2687 823 2725 s‘petftantia‚
843 2687 949 2716 ratione
963 2685 1119 2722 aliquarum
1135 2685 1289 2723 Recogni-

232 2728 347 2756 tionum
376 2725 608 2762 Allumptionum
636 2725 898 2762 Marrucaptionum
922 2723 1140 2762 lnjuncsstionum
1161 2723 1290 2759 Scripto-

232 2774 297 2794 rum
312 2765 563 2802 obligatariorum,
577 2772 622 2793 aut
636 2763 754 2793 aliorum
765 2764 941 2802 Scriptorum
951 2771 1213 2801 quorumcumque,
1222 2760 1290 2791 No-

234 2803 278 2832 his
293 2811 339 2832 aut
354 2804 436 2832 ancui
464 2802 682 2832 Antecesiorum
704 2803 760 2832 sive
787 2802 1005 2840 Progenitorum
1032 2799 1214 2837 nostrorum,
1234 2799 1289 2830 sive

233 2841 315 2871 alicui
330 2842 372 2870 alii
389 2840 514 2870 perrone
532 2841 585 2870 live
599 2840 735 2877 aliquibus
748 2840 806 2870 aliis
826 2839 952 2870 Personis
970 2838 1003 2868 ad
1026 2839 1106 2868 usum
1132 2839 1262 2867 nostrum
1278 2861 1288 2877 ‚

233 2879 278 2909 vel
292 2882 325 2909 ad
343 2879 419 2909 usum
434 2879 549 2915 alicujus
564 2878 784 2909 Antecessbrum
804 2878 858 2908 slve
873 2877 1093 2916 progenitorum
1115 2876 1290 2913 nostrorum,

234 2928 299 2948 ante
314 2918 483 2956 praedie'tum
496 2916 645 2955 vitz’fimum
662 2920 740 2945 Diem
766 2919 870 2945 Martii
891 2917 1103 2953 recognitorum
1132 2914 1291 2953 assumpto-

236 2967 299 2986 rum
318 2965 552 2993 manue-iptorum
574 2955 715 2985 herorum
743 2955 797 2984 sive
823 2955 983 2984 habitorum
1012 2963 1060 2990 pet
1077 2953 1224 2990 praefatum
1246 2955 1288 2981 A.

235 2997 271 3023 B.
291 2994 381 3024 solum
399 3017 407 3031 ,
427 2994 471 3024 vel
488 2994 639 3032 peripsum
656 2994 835 3030 conjunffim
856 3002 926 3022 cum
946 2992 998 3022 alia
1021 2992 1139 3021 Persona
1157 2991 1213 3021 sive
1233 2991 1290 3020 aliis

235 3032 362 3062 Personis
378 3042 429 3070 pro
449 3033 550 3070 seipso,
571 3032 615 3061 vel
636 3041 686 3068 pro
704 3033 793 3069 aliqua
807 3031 856 3060 alia
873 3030 991 3060 Persona
1013 3029 1057 3059 vel
1081 3039 1133 3066 pro
1154 3029 1289 3067 aliquibus

233 3070 291 3100 aliis
311 3070 437 3100 Personis
451 3069 669 3106 tantummodo,
690 3079 741 3105 pro
760 3069 806 3099 seu
824 3077 1008 3098 concernent.
1025 3067 1099 3097 Pace
1119 3066 1223 3104 nostra,
1243 3067 1287 3098 seu

233 3110 349 3146 alicujus
367 3107 586 3138 Antecefforum
607 3108 661 3136 sive
678 3107 900 3145 Progenitorum
919 3107 1100 3142 nostrorum,
1119 3106 1286 3135 conservan-

235 3149 286 3185 da,
303 3157 349 3177 aut
369 3156 422 3185 pro
440 3155 486 3176 aut
512 3155 695 3175 concernent.
720 3146 800 3175 Bono
823 3144 914 3174 Gestu
937 3153 982 3173 aut
1004 3144 1030 3174 se
1051 3144 1123 3173 bene
1145 3144 1290 3182 gerendo,

235 3196 299 3216 ante
318 3185 486 3222 praedictum
504 3184 653 3222 viteli-'mum
672 3186 753 3212 Dmm
776 3185 879 3212 Martii
904 3183 1008 3213 ultimo
1030 3183 1221 3221 praeteritum,
1240 3182 1288 3212 ali-

235 3234 295 3262 quo
313 3224 403 3253 modo
421 3223 679 3253 foris-facturorum.

272 3265 315 3292 Ac
332 3262 438 3300 insuper
453 3261 637 3300 pardonamus
652 3260 817 3290 remittimus
831 3261 864 3291 &
878 3259 1031 3289 relaxamus
1052 3259 1170 3297 praefato
1190 3261 1232 3287 A.
1253 3260 1290 3288 Β.

237 3311 337 3330 omnes
364 3303 397 3332 ἅ-
418 3299 597 3329 omnimodas
619 3298 781 3334 Utlaftarias
809 3298 1014 3335 quascumque,
1035 3297 1124 3327 versus
1139 3297 1227 3335 ipsum
1248 3300 1290 3325 A.

237 3343 273 3368 B.
293 3339 402 3375 solum,
421 3347 467 3368 aut
483 3337 664 3374 conjunctim
681 3346 750 3366 cam
762 3336 851 3373 aliqua
866 3337 914 3365 alia
935 3335 1054 3365 Persona
1067 3336 1122 3365 sive
1146 3344 1212 3365 cum
1239 3336 1290 3364 ah-

236 3379 337 3414 quibus
351 3377 408 3407 aliis
424 3377 563 3413 Personis,
582 3384 627 3405 aut
643 3375 732 3405 versus
746 3375 866 3413 aliquem
885 3373 1100 3404 Antecess'orem
1115 3374 1170 3403 sive
1184 3374 1290 3410 aliquos

240 3415 436 3445 Anteccss‘ores
453 3416 533 3452 ipsius
547 3418 589 3443 A.
609 3416 643 3441 B.
663 3422 710 3443 aut
732 3415 824 3442 versus
849 3413 971 3450 aliquem
998 3412 1083 3440 alium
1104 3412 1160 3441 sive
1182 3411 1288 3449 aliquos

238 3453 320 3488 alios,
338 3454 415 3491 cujus
434 3454 478 3483 vel
499 3461 622 3490 quorum
642 3451 717 3481 idem
738 3454 779 3480 A.
800 3454 834 3479 B.
854 3450 956 3480 Haeres
982 3449 1126 3480 Executor
1151 3449 1207 3479 sive
1226 3450 1287 3480 Ad-

238 3490 410 3522 ministrator
426 3491 533 3529 existit,
552 3492 660 3520 ratione
674 3491 729 3519 rive
740 3490 890 3519 occasione
904 3488 1116 3518 Praemissorum
1130 3486 1173 3517 seu
1189 3498 1289 3518 eorum

237 3529 364 3565 alicnus,
382 3539 427 3560 aut
439 3532 552 3564 alicuius
565 3530 673 3559 alterius
691 3528 747 3558 Rei
761 3527 858 3557 Causae
873 3528 917 3557 vel
932 3526 1062 3557 Materiae
1077 3526 1288 3565 cujuscumque,

239 3574 299 3597 tam
314 3569 345 3595 ad
361 3568 473 3597 sectam
489 3568 614 3598 nostram
633 3568 717 3605 quarn
742 3566 775 3595 ad
798 3566 915 3596 &Ciam
935 3565 1050 3603 alicujus
1070 3563 1288 3602 Progenitorum

240 3604 418 3641 nostrorum,
436 3606 480 3636 seu
496 3607 655 3643 aliquorum
680 3606 799 3634 aliorum
825 3612 1088 3643 quorumcumque²
1104 3602 1290 3640 ante-praedt-

240 3644 312 3670 63:021
324 3642 473 3679 vicesimum
488 3647 568 3672 Diem
587 3647 690 3672 Martii
705 3643 909 3682 promulgatas,
929 3643 963 3673 &
975 3641 1086 3672 firmam
1108 3640 1214 3670 Pacem
1235 3651 1288 3670 no-

240 3680 325 3709 stiam
344 3682 436 3709 eidem
453 3684 494 3710 A.
513 3685 548 3711 Β.
567 3682 774 3717 concedimus,
790 3682 827 3711 ita
846 3690 944 3711 tamen
968 3679 1049 3718 quod
1073 3678 1127 3708 stet
1151 3679 1240 3709 rectus
1258 3680 1288 3709 in

242 3718 329 3747 Curia
349 3718 444 3747 nostra
461 3721 542 3756 siquis
557 3721 646 3750 versus
660 3729 725 3749 eum
740 3720 818 3757 loqui
833 3719 965 3749 voluerit:

280 3757 314 3784 ht
328 3756 451 3793 insuper,
470 3767 516 3793 per
531 3758 684 3787 Praesenres
700 3781 709 3795 ,
734 3758 833 3787 damus
849 3758 881 3787 &
901 3755 1085 3787 concedimus
1101 3753 1226 3792 ‘praefato
1245 3757 1286 3784 A.

243 3796 278 3822 B.
299 3796 397 3823 omnia
409 3798 439 3823 ὁ(
456 3795 625 3824 omnimoda
640 3796 714 3825 Bona
731 3796 762 3826 &
777 3795 882 3825 Catalla
908 3795 1006 3825 Nobis
1027 3802 1073 3824 aut
1092 3794 1174 3823 alicui
1198 3793 1288 3823 Ante-

240 3832 381 3862 cessorum
399 3831 451 3860 sive
469 3831 684 3870 progenitorum
700 3833 878 3871 nostrorum,
898 3834 1003 3863 ratione
1027 3831 1185 3869 hujusmodi
1205 3830 1288 3860 Utla-

241 3871 334 3908 garis,
353 3870 491 3909 forisfac‘ta
502 3871 641 3907 deperdita
657 3872 712 3901 sive
726 3873 908 3908 pertinentia,
927 3880 960 3901 ac
978 3880 1080 3901 omnes
1092 3871 1124 3900 &
1140 3870 1287 3899 omnimo-

242 3913 292 3937 dos
310 3907 404 3937 Exitus
418 3907 552 3938 Redditus
568 3908 762 3939 Reventiones
776 3911 809 3939 δε
825 3909 954 3939 Proficua
967 3910 1102 3939 omnium
1118 3908 1150 3938 &
1166 3907 1287 3945 fingule-

190 3946 195 3952 '
242 3956 305 3976 rum
327 3945 535 3975 Dominiorum
559 3946 754 3977 Maneriorum
779 3947 932 3976 Terrarum
957 3947 1226 3982 Tenementorum,
1254 3955 1287 3976 ac

241 3993 411 4014 coeterorum
436 3983 646 4014 Praemissorum
670 3986 701 4014 δε
727 3984 1052 4022 Haereditamentorum,
1079 3992 1287 4021 quorumcum—

238 4033 312 4061 que,
331 4031 394 4061 qu-:e
409 4030 485 4050 nunc
500 4021 562 4051 sunt
576 4030 621 4051 aut
634 4032 723 4059 nuper
739 4022 850 4052 fuerunt
867 4023 973 4060 praefati
987 4026 1029 4052 A.
1049 4026 1090 4051 B..
1105 4030 1151 4052 aut
1175 4021 1288 4059 alicujus

235 4062 343 4092 alterius
364 4059 493 4091 Personae
516 4059 571 4090 five
597 4059 747 4098 aliquarum
779 4060 893 4091 aliarum
920 4060 1122 4099 Personarum,
1138 4060 1216 4097 cujus
1239 4060 1285 4093 vel

647 174 1447 230 CONVENTIONEQ

853 270 918 300 licet
933 268 1009 298 idern
1029 270 1072 297 A.
1093 270 1127 296 Β.
1143 265 1179 296 de
1195 265 1274 296 Prae-
1313 272 1438 302 quorum
1464 262 1566 294 Haeres
1593 262 1736 294 Executor
1753 262 1801 293 vel
1825 261 2045 293 Administrator
2076 259 2186 301 existit3
2202 260 2351 299 videlicet,
2369 262 2386 291 a
2402 256 2477 287 Assn-
2489 254 2530 289 D}

1505 175 1892 229 LITERAE,

1321 312 1452 340 tempore
1466 303 1521 332 sive
1538 303 1716 338 temporibus
1727 301 1882 339 aliquarum
1900 301 2064 339 hujusmodi
2075 301 2285 341 Utlagariarum
2305 301 2387 337 inip-

1320 342 1361 371 sos
1375 342 1420 370 seu
1436 350 1539 370 eorum
1556 340 1681 376 aliquem
1696 340 1937 378 promulgatarum
1949 363 1959 378 ,
1975 340 2119 378 hucusque
2127 340 2321 378 provenientia
2331 338 2386 369 slve

1320 379 1488 416 crescentia,
1503 386 1561 408 tam
1577 387 1626 414 per
1642 387 1741 407 manus
1756 377 1814 406 suas
1829 379 1953 415 proprias
1966 379 2130 415 retinenda,
2149 380 2234 416 quam
2251 387 2300 416 per
2323 387 2386 406 rna-

1321 428 1374 447 nus
1387 426 1465 447 nunc
1481 417 1515 446 &
1531 425 1620 454 nuper
1638 414 1861 446 Vicecomitum
1885 415 2067 447 Escaetorum
2088 416 2264 447 Ballivorum
2288 415 2386 446 Coro-

1321 464 1450 485 natorum
1467 456 1501 486 &
1514 454 1635 485 aliorum
1652 453 1853 484 Ministrorum
1876 453 2041 484 nostrorum
2063 464 2329 493 quorumcumque,
2348 454 2386 484 de

1320 493 1414 524 Dono
1428 493 1527 523 nostro
1543 492 1697 532 capienda,
1717 491 1819 529 absque
1838 491 1991 531 Compoto
2015 492 2060 522 seu
2075 494 2169 531 aliquo
2185 493 2239 523 alio
2265 493 2385 530 proinde

1321 531 1422 561 Nobis
1437 531 1582 562 reddendo
1595 531 1640 560 seu
1654 530 1809 568 solvendo,
1827 540 1861 560 ac
1880 540 1981 560 omnes
2002 531 2034 561 &
2056 531 2237 561 omnimodas
2252 531 2384 562 Offensas

1321 571 1354 600 δε
1373 569 1566 609 Contemptus
1582 577 1682 600 contra
1702 569 1829 599 form-am
1845 569 1877 599 &
1896 568 2033 599 effe-&tum
2051 569 2193 599 cu'usdarn
2212 569 2312 600 Statuti
2331 579 2384 608 pro

1321 607 1460 638 Custodia
1475 616 1651 645 magnorum
1668 607 1835 646 Equorum,
1853 616 1899 638 aut
1913 608 2003 645 aliqua
2021 606 2074 637 alia
2119 617 2134 637 e
2154 609 2199 637 seu
2219 606 2339 638 Materia
2354 609 2384 638 in

1320 646 1424 676 codem
1440 647 1551 677 Statuto
1564 647 1722 684 contentis,
1741 656 1790 683 per
1805 646 1955 682 praesatum
1969 648 2012 675 A.
2026 647 2062 673 B.
2081 653 2144 676 ante
2158 645 2324 683 praedietum
2338 650 2385 676 vi-

1322 684 1440 724 cefimum
1455 688 1536 714 Diem
1551 687 1656 714 Martii
1670 692 1839 728 perpetratas
1855 685 1909 714 sive
1922 682 2101 714 commissas:
2131 708 2133 710 .

1360 723 1490 753 Necnon
1505 723 1542 753 de
1557 724 1678 753 uberiori
1696 723 1796 753 Gratia
1811 722 1923 759 nostra,
1941 732 1974 753 ac
1987 731 2021 752 ex
2035 730 2109 752 certa
2127 721 2248 752 Scientia
2263 723 2386 754 &mero

1323 759 1414 791 Motu
1429 761 1546 799 nostris,
1564 771 1617 798 pro
1626 760 1726 791 Nobis
1733 760 1903 791 Haeredibus
1918 762 1951 792 ὃς
1967 759 2181 791 Succefforibus
2193 760 2312 798 nostris,
2322 770 2385 800 par-

1321 799 1462 831 donamus
1484 801 1653 830 remittimus
1673 801 1706 831 &
1728 799 1882 839 relaxamus
1898 799 2015 837 praefato
2030 801 2071 828 A.
2092 801 2126 828 Β.
2147 808 2196 836 per
2217 798 2386 839 Praesenres,

1320 847 1422 868 omnes
1444 839 1478 868 ὃς
1499 837 1682 868 omnimodas
1704 836 1835 867 Offenns
1857 839 1889 867 &
1909 837 2153 876 Transgreffiones
2172 844 2224 874 pto
2241 837 2332 875 aliqua
2349 839 2383 869 ὃς

1321 886 1500 914 ςυαευτηῳε
1523 876 1703 907 Alienatione
1720 877 1793 906 faeta
1817 875 1873 907 sive
1888 875 1998 912 habita,
2013 885 2076 906 ante
2096 875 2268 915 praedictum
2292 875 2387 915 vicesi-

1321 925 1392 943 mum
1408 918 1490 944 Diem
1513 918 1617 944 Martii
1634 914 1690 945 sine
1712 915 1844 945 Licentia
1867 914 1962 944 nostra
1983 913 2090 952 Regia,
2109 923 2155 944 aut
2179 914 2234 943 sine
2256 913 2388 944 Licentia

1321 951 1415 991 Regia
1432 953 1571 984 Dominae
1587 952 1763 982 Elizabethae
1784 960 1869 990 nuper
1884 955 1993 993 Reginae
2008 952 2122 988 Angl'iae
2132 975 2141 990 ,
2161 952 2277 988 praefato
2293 955 2334 981 A.
2348 954 2389 981 B.

1319 1001 1366 1021 aut
1383 992 1466 1022 alicui
1479 991 1523 1021 alii
1537 990 1759 1022 Antecessorum
1775 990 1906 1028 suorum,
1924 991 1980 1021 sive
1991 991 2073 1021 alicui
2087 991 2132 1021 alii
2145 989 2273 1020 Personae
2288 991 2345 1021 sive
2357 1001 2387 1021 a-

1319 1030 1439 1068 liquibus
1451 1030 1505 1060 aliis
1518 1029 1644 1059 Personis
1653 1052 1663 1069 ,
1682 1039 1731 1066 per
1745 1029 1867 1068 aliquam
1880 1031 1980 1067 aliam,
1996 1029 2154 1060 Personam
2169 1029 2225 1059 slve
2237 1029 2336 1067 aliquas
2354 1039 2387 1060 a·

1319 1067 1366 1097 lias
1382 1068 1532 1106 Personas,
1551 1067 1586 1099 de
1601 1068 1741 1105 aliquibus
1759 1067 1933 1098 Honoribus
1948 1067 2082 1097 Maneriis
2103 1067 2199 1102 Terris
2214 1067 2384 1098 Tenemen-

1319 1104 1353 1136 tis
1371 1106 1426 1136 slve
1440 1106 1707 1144 Haereditarnentis,
1726 1107 1754 1135 in
1773 1107 1902 1136 manibus
1915 1106 2025 1143 praefati
2039 1108 2082 1135 A.
2096 1107 2132 1134 Β.
2150 1104 2330 1146 existentibus
2352 1107 2383 1137 in

1320 1144 1495 1175 Poiseffione
1513 1144 1691 1175 Reversione
1703 1144 1759 1174 five
1774 1143 1964 1182 Remaneria,
1982 1153 2094 1174 necnon
2114 1153 2216 1176 omnes
2240 1145 2272 1175 &
2292 1144 2384 1183 fingu-

1319 1183 1362 1212 los
1379 1183 1461 1214 Fines
1474 1183 1575 1213 Exitus
1590 1183 1623 1213 &
1642 1181 1775 1212 Proficua
1791 1192 1857 1221 quae
1871 1182 2013 1221 praediCtae
2027 1191 2116 1219 nuper
2132 1184 2243 1220 Reginae
2251 1181 2382 1213 Elizabe-

1320 1221 1392 1259 thae,
1409 1230 1456 1252 aut
1475 1221 1594 1259 Nobis,
1612 1220 1671 1250 ullo
1685 1220 1779 1250 modo
1795 1229 1933 1259 praetextu
1946 1230 1991 1251 aut
2009 1222 2119 1251 ratione
2137 1220 2251 1263 alicujus
2266 1221 2325 1251 talis
2343 1221 2383 1252 A-

1320 1258 1477 1290 lienationis
1491 1256 1507 1274 ¹*
1522 1259 1579 1290 sine
1601 1258 1735 1289 Licentia
1748 1257 1906 1291 accrescere
1923 1258 2046 1297 possint,
2062 1258 2099 1288 Et
2118 1258 2234 1289 firmiter
2254 1260 2387 1297 praecipi-
2398 1258 2417 1278 ⁸
2431 1259 2513 1294 XVI.

2432 297 2518 336 1603.

2406 335 2486 372 rJac.
2507 346 2530 363 ι.

1320 1308 1382 1328 mus
1397 1299 1429 1329 ὅ(
1443 1297 1610 1328 mandamus
1633 1296 1798 1336 praedileffls
1812 1297 1985 1327 Consiliariis
2001 1296 2101 1326 nostris
2129 1296 2236 1327 :rhomae
2248 1298 2391 1328 Sackevile
2402 1300 2469 1335 536.

1322 1337 1448 1374 praeclari
1471 1336 1588 1366 Ordinis
1602 1334 1728 1366 Garterii
1745 1331 1855 1373 Militi,
1873 1337 1991 1365 Domino
2007 1334 2138 1376 Buckurst
2155 1334 2291 1366 Domino
2307 1337 2389 1368 The-

1319 1375 1436 1404 saurario
1456 1373 1586 1412 Angliae,
1602 1383 1717 1404 necnon
1733 1372 1865 1412 Johanm'
1880 1373 2018 1413 Fortefiue
2039 1373 2130 1404 Militi
2151 1373 2242 1404 modo
2258 1374 2385 1406 Cancel-

1320 1413 1388 1442 lario
1405 1411 1536 1443 Ducatfis
1553 1412 1642 1443 no'stri
1660 1412 1846 1450 Lancastriae,
1865 1411 2004 1443 firmariis
2027 1412 2130 1443 nostris
2151 1410 2315 1451 hujusmodi
2337 1414 2385 1444 Fi-

1320 1452 1400 1480 nium
1416 1451 1555 1482 Exituum
1571 1452 1603 1482 &
1620 1450 1819 1481 Proficuorum
1829 1474 1839 1489 ‚
1859 1452 1930 1481 inter
1945 1452 2016 1489 alia,
2039 1450 2117 1489 quod
2131 1451 2181 1488 ipsi
2205 1451 2260 1482 sine
2273 1452 2385 1483 dilatio-

1320 1499 1357 1519 ne
1371 1489 1473 1520 faciant
1489 1491 1601 1529 plenam
1616 1490 1649 1520 &
1665 1489 1823 1520 absolutam
1840 1488 2058 1520 Relaxationem
2082 1490 2115 1521 &
2140 1489 2385 1523 Exonerationern

1321 1528 1435 1559 cuilibet
1451 1528 1574 1559 Subdito
1591 1526 1706 1566 nostro,
1725 1527 1879 1566 respeffive
1893 1527 1958 1559 tales
1974 1527 2198 1558 Exonerationes
2209 1530 2333 1567 petenti,
2349 1532 2385 1561 de

1320 1568 1456 1597 omnibus
1469 1567 1569 1597 talibus
1584 1567 1699 1596 Finibus
1715 1565 1846 1596 Exitibus
1862 1565 2057 1603 &ProficuiS,
2073 1567 2106 1598 &
2122 1566 2167 1596 hae
2182 1566 2328 1604 praesentes
2335 1568 2385 1598 Li-

1319 1613 1387 1636 terae
1402 1605 1532 1636 Parentes
1546 1613 1629 1636 erunt
1643 1605 1680 1635 eis
1693 1604 1834 1635 sufficiens
1848 1604 2033 1635 Warrantum
2054 1606 2082 1634 in
2098 1614 2131 1634 ea
2144 1611 2234 1642 parte:
2297 1630 2300 1633 .

1357 1643 1490 1674 Necnon
1506 1643 1692 1681 pardonamus
1704 1644 1875 1674 remittimus
1889 1644 1920 1673 ὃς
1936 1644 2086 1674 relaxamus
2101 1643 2195 1673 eidem
2210 1645 2251 1673 A.
2269 1646 2305 1672 Β.
2319 1652 2386 1675 om-

1321 1692 1369 1712 nes
1383 1682 1614 1722 &omnimodas
1629 1681 1758 1711 Offensas
1776 1681 1977 1718 Forisfac‘turas
1998 1683 2031 1713 &
2054 1681 2252 1719 poenalitates,
2270 1691 2319 1720 per
2339 1684 2384 1722 ip-

1319 1721 1380 1751 sum
1394 1723 1435 1750 A.
1452 1723 1478 1750 B
1507 1726 1605 1752 contra
1619 1719 1744 1750 formam
1752 1720 1891 1750 effaetum
1907 1722 1939 1752 &
1948 1719 2146 1758 provisionem
2154 1720 2311 1758 aliquorum
2320 1720 2384 1752 Sta-

1319 1768 1448 1790 tutorum
1465 1759 1501 1790 de
1516 1760 1659 1796 Apparatu
1677 1758 1710 1788 ὃς
1726 1758 1906 1796 Sagittarione
1925 1761 1951 1788 in
1966 1757 2073 1788 Balistis
2089 1759 2122 1789 &
2139 1759 2381 1797 Tormentisqui—

1321 1797 1512 1837 buscumque,
1529 1798 1574 1830 seu
1589 1805 1690 1828 eorum
1705 1796 1858 1836 aliquibus,-
1876 1806 1938 1829 ante
1954 1797 2123 1836 praedictum
2138 1796 2287 1837 w'tefimum
2301 1798 2387 1829 Diem

1322 1839 1443 1875 Martii3
1675 1869 1677 1872 y
1879 1867 1882 1870 ,
1908 1867 1912 1873 ,

1355 1874 1383 1917 δΕ
1392 1884 1409 1905 x
1418 1885 1435 1905 c
1445 1883 1462 1905 E
1472 1882 1490 1905 Ρ
1500 1882 1524 1904 'r'
1533 1884 1544 1905 1
1555 1884 1566 1905 s
1581 1881 1677 1907 tamen
1691 1876 1798 1915 semper
1809 1877 1843 1909 &
1856 1876 1931 1908 extra
1945 1877 1993 1907 has
2007 1875 2158 1906 Praesentes
2171 1875 2297 1906 omnino
2314 1874 2385 1906 fors-

1319 1912 1422 1951 prisatis
1446 1915 1580 1944 omnibus
1599 1916 1632 1946 &
1647 1915 1758 1952 singulis
1774 1915 1983 1946 proditionibus
1996 1915 2097 1946 habitis
2117 1914 2200 1944 factis
2215 1913 2259 1944 seu
2281 1924 2381 1953 perpe-

1320 1953 1396 1982 traris
1412 1952 1480 1982 ultra
1497 1952 1579 1983 Mare
1596 1954 1624 1983 in
1638 1954 1778 1991 aliquibus
1795 1953 1922 1984 Partibus
1937 1956 2035 1984 exteris
2048 1954 2081 1984 ὃ(
2092 1953 2296 1990 transmarinis3
2314 1962 2383 1983 nec-

1323 2000 1383 2021 non
1398 1991 1533 2022 omnibus
1543 1992 1576 2023 &
1591 1991 1703 2028 singulis
1719 1992 1831 2023 offensis
1848 1992 1882 2023 de
1897 2003 1950 2031 pro
1966 2001 2013 2023 aut
2029 1991 2272 2022 concernentibus
2288 1990 2384 2021 falsam

1322 2029 1550 2061 Fabricationem
1565 2030 1609 2060 seu
1625 2031 1878 2061 controfaeturam
1894 2032 2008 2069 alicujus
2036 2029 2169 2060 Monetae
2185 2030 2322 2060 currentis
2342 2030 2388 2059 in-

1321 2067 1364 2098 fra
1381 2067 1517 2107 Regnum
1530 2068 1660 2099 nostrum
1678 2070 1808 2109 Angiiae,
1830 2079 1862 2099 ac
1880 2071 1967 2100 etiam
1990 2069 2128 2099 omnibus
2143 2067 2268 2098 Offenfis
2288 2077 2341 2105 pro
2356 2067 2389 2097 il-

1321 2106 1448 2144 legitima
1467 2107 1668 2138 Diminutione
1681 2109 1794 2146 alicujus
1808 2108 1951 2147 praedicta:
1968 2107 2102 2137 Monetae
2114 2106 2252 2144 aliquibus
2271 2107 2322 2136 viis
2336 2115 2386 2137 aut

1324 2145 1418 2176 modis
1439 2146 1682 2185 quibuscumque,
1706 2155 1805 2177 contra
1828 2146 1920 2185 Leges
1947 2147 1980 2177 &
2011 2145 2120 2175 Statura
2144 2144 2265 2181 ejusdem
2287 2144 2387 2183 Regni

1325 2184 1453 2223 Angliae3
1472 2194 1585 2216 necnon
1606 2185 1741 2215 omnibus
1763 2185 1952 2214 Auxiliatione
1968 2183 2191 2214 Consortatione
2204 2183 2250 2226 seu
2273 2181 2384 2213 Procu-

1324 2224 1433 2253 ratione
1452 2224 1616 2254 earumdem
1639 2222 1820 2254 Offensarum
1843 2231 1889 2253 aut
1910 2232 2005 2253 earum
2026 2223 2155 2260 alicujus,
2183 2220 2312 2251 facienda
2337 2230 2386 2252 aut

1325 2262 1535 2292 committendi
1545 2285 1554 2299 ,
1571 2271 1688 2292 necnon
1701 2263 1836 2291 omnibus
1851 2262 1884 2292 &
1905 2261 2016 2299 singulis
2031 2260 2278 2290 Convietionibus
2300 2259 2387 2290 Utla-

1325 2301 1404 2339 gariis
1418 2300 1581 2338 &Judiciis
1596 2299 1834 2338 quibuscumque,
1850 2299 1885 2330 de
1902 2309 1953 2336 pro
1971 2308 2017 2329 aut
2027 2299 2269 2329 concernentibus
2284 2297 2390 2336 aliquas

1327 2338 1457 2369 Offensas
1468 2339 1503 2369 de
1515 2338 1705 2375 Praemunire3
1723 2348 1835 2369 necnon
1849 2338 1982 2368 omnibus
1997 2340 2028 2368 &
2047 2337 2155 2374 singulis
2166 2335 2291 2367 Murdris
2300 2335 2395 2377 Burg-'

1328 2378 1396 2407 larius
1414 2377 1549 2408 Roberiis
1564 2378 1592 2407 in
1608 2386 1654 2408 aut
1669 2378 1747 2415 juxta
1770 2377 1865 2407 Altam
1888 2376 2009 2415 Regiam
2025 2375 2050 2405 V
2056 2377 2125 2413 iam;
2146 2374 2313 2405 Carnalibus
2328 2375 2394 2406 Co-'

1325 2417 1500 2456 gnitionibus
1514 2416 1629 2453 alicujus
1644 2416 1771 2445 lvlulieris
1785 2425 1884 2446 contra
1901 2417 2077 2446 voluntatem
2093 2415 2171 2444 suam
2181 2436 2190 2450 ,
2209 2413 2319 2451 anglice
2335 2424 2390 2445 vo-

1327 2456 1413 2492 catis,
1433 2458 1533 2492 Rapes‚
1550 2453 1666 2493 Incests,
1686 2456 1850 2492 Buggcries,
1867 2454 2073 2492 ConJuratione
2099 2453 2131 2483 &
2155 2450 2393 2491 Veneficatione‚

1327 2493 1438 2531 anglice
1453 2502 1572 2530 vocata,
1589 2491 1819 2532 lVytchraftegac
1835 2493 1971 2522 omnibus
1985 2493 2017 2523 &
2037 2491 2149 2527 singulis
2158 2490 2324 2521 Acceffariis
2338 2501 2390 2522 eo-

1330 2530 1466 2560 rumdem
1482 2539 1528 2561 aut
1544 2540 1646 2560 eorum
1663 2531 1777 2568 alicujus
1790 2540 1853 2560 ante
1873 2530 1982 2560 easdem
2003 2529 2134 2559 Offensas
2151 2529 2197 2559 seu
2218 2538 2320 2559 eorum
2342 2530 2392 2559 ali-

1328 2578 1416 2606 quem
1434 2568 1614 2606 commiffas,
1634 2578 1667 2598 ac
1681 2569 1859 2598 omnibus&
1880 2568 1988 2607 singulis
2007 2567 2129 2605 Judiciis
2151 2565 2393 2597 Convitffionibus

1330 2615 1376 2636 aut
1397 2604 1547 2645 Utlagariis
1561 2606 1597 2635 de
1610 2615 1657 2636 aut
1669 2616 1721 2643 pro
1734 2607 1824 2643 aliqua
1839 2605 1958 2636 Offensa
1976 2615 2022 2635 aut
2036 2604 2170 2634 Crimine
2184 2613 2232 2641 per
2239 2604 2394 2635 Praesentes

1328 2645 1469 2682 exceptis,
1487 2654 1602 2675 necnon
1616 2645 1752 2674 omnibus
1767 2646 1800 2675 &
1816 2644 1926 2682 singulis
1941 2642 2174 2673 Concelamentis
2197 2641 2394 2679 Captionibus

1327 2691 1375 2713 aut
1390 2683 1613 2713 Detentionibus
1624 2683 1783 2720 aliquorum
1799 2681 1945 2711 Bonorum
1961 2690 2006 2710 aut
2020 2679 2196 2710 Catallorum
2213 2679 2390 2720 nostrorum,

1328 2730 1374 2751 aut
1388 2723 1509 2759 praefarae
1524 2730 1613 2759 nuper
1629 2723 1736 2756 Reginae
1746 2742 1755 2757 ,
1775 2728 1822 2750 aut
1835 2721 1954 2753 aliorum
1972 2718 2190 2749 Antecessorum
2205 2718 2390 2758 nostrorum;

1327 2769 1442 2794 necnon
1457 2760 1590 2789 omnibus
1604 2759 1636 2789 &
1659 2758 1768 2797 singulis
1790 2758 2047 2788 Substracstionibus
2070 2755 2303 2788 Concelamentis
2324 2759 2389 2790 De-

1328 2799 1506 2837 ceptionibus
1518 2798 1562 2828 vel
1580 2797 1750 2826 Falsitatibus
1767 2796 1882 2833 alicujus
1899 2795 2020 2826 Subsidii
2037 2795 2092 2825 sive
2107 2794 2260 2826 Custumae
2276 2804 2389 2835 magnae

1328 2837 1383 2866 sive
1400 2846 1511 2875 parv-se,
1530 2845 1644 2866 necnon
1658 2834 1694 2864 de
1709 2845 1756 2865 aut
1767 2844 1818 2871 pro
1831 2835 1966 2872 aliquibus
1982 2833 2097 2863 Debitis
2111 2833 2266 2872 Compotis
2274 2844 2321 2866 aut
2330 2836 2386 2866 Ar-

1328 2876 1456 2912 reragiis,
1468 2875 1581 2905 Debitis
1595 2873 1637 2906 ve]
1653 2872 1810 2910 Compotis
1824 2874 1931 2903 ratione
1944 2872 2058 2909 alicujus
2071 2871 2192 2902 Subsidii
2202 2894 2211 2910 ‚
2232 2872 2387 2905 Custurnae

1328 2913 1478 2950 Tonnagii
1491 2913 1547 2943 sive
1562 2911 1715 2949 Pondagii:
1733 2920 1846 2941 necnon
1866 2911 1900 2941 de
1914 2919 1961 2941 aut
1977 2920 2030 2948 pro
2050 2911 2140 2947 aliqua
2164 2910 2211 2941 Re
2234 2910 2324 2942 Causa
2344 2913 2390 2944 vel

1331 2950 1452 2982 Materia
1467 2951 1586 2981 Subfidii
1604 2949 1756 2981 Custumae
1779 2950 1834 2980 sive
1855 2949 1996 2987 Pondagii
2016 2948 2060 2980 vel
2078 2949 2224 2988 Tonagii,
2242 2950 2273 2980 in
2292 2950 2392 2990 aliquo'

1329 2991 1508 3028 tangentibus
1525 2989 1580 3020 sive
1596 2989 1851 3019 concernentibus:
2141 3006 2143 3008 -

1372 3028 1502 3059 Necnon
1514 3028 1638 3064 exceptis
1652 3028 1685 3059 &
1697 3035 1775 3058 extra
1788 3026 1835 3056 has
1853 3025 2007 3056 Praesentes
2019 3026 2144 3056 omnino
2158 3026 2318 3066 forsprisatis
2326 3037 2391 3058 orn·

1330 3067 1412 3096 nibus
1428 3066 1540 3104 singulis
1554 3065 1679 3096 Offensis
1694 3065 1871 3095 Criminibus
1889 3065 1922 3094 &
1938 3064 2059 3095 Del'retis
2074 3065 2321 3104 quibuscumque,
2337 3077 2390 3097 un-

1327 3105 1362 3135 de
1376 3106 1466 3143 aliqua
1481 3105 1570 3135 Aetio
1587 3103 1654 3134 Billa
1670 3103 1795 3143 Qerela
1811 3112 1857 3133 aut
1870 3100 2043 3134 Informatio
2058 3111 2189 3140 tempore
2205 3103 2302 3143 Regni
2319 3114 2391 3144 prae-

1329 3144 1393 3174 fatae
1408 3154 1490 3182 nuper
1505 3146 1631 3181 Reginae,
1649 3152 1697 3173 aut
1713 3141 1776 3181 post
1797 3142 1856 3180 ejus
1872 3140 2029 3172 Deceffum
2051 3142 2175 3172 exhibita
2197 3141 2265 3181 fuit,
2285 3144 2319 3174 ὃς
2336 3154 2390 3175 co-

1329 3191 1388 3211 ram
1401 3181 1501 3212 Nobis
1512 3182 1546 3211 &
1562 3180 1699 3211 Concilio
1713 3180 1811 3210 nostro
1827 3181 1856 3209 in
1872 3178 1960 3209 Curia
1976 3178 2109 3210 Camerae
2124 3179 2263 3219 Stellatae,
2280 3181 2326 3212 seu
2340 3183 2389 3212 ali-

1330 3221 1430 3256 quibus
1448 3220 1544 3251 Curiis
1557 3219 1658 3249 nostris
1678 3218 1750 3256 apud
1768 3216 2058 3248 xxs'estrnonasterium
2085 3218 2177 3249 modo
2196 3219 2336 3259 dependet
2353 3221 2387 3252 &

1330 3268 1472 3295 remanet,
1490 3255 1689 3295 prosequenda.

1371 3296 1406 3325 Et
1423 3297 1534 3325 ulterius
1547 3295 1584 3325 de
1600 3295 1723 3324 uberiori
1737 3293 1835 3325 Gratia
1850 3294 1961 3333 nostra,
1981 3294 2097 3327 firmiter
2119 3296 2301 3334 praecipimus
2320 3306 2388 3327 om-

1331 3334 1415 3364 nibus
1429 3334 1462 3364 &
1478 3333 1590 3370 singulis
1610 3332 1760 3370 judicibus
1773 3333 1938 3371 justiciariis
1955 3333 2127 3371 officiariis,
2145 3335 2178 3364 δε
2196 3335 2251 3364 aliis
2272 3336 2387 3373 quibus·

1330 3382 1472 3410 cumque,
1492 3371 1573 3409 quod
1590 3370 1652 3401 haec
1670 3371 1789 3408 proesens
1801 3372 1885 3402 libera
1898 3373 1931 3403 ὅ(
1947 3373 2079 3410 generalis
2092 3372 2264 3404 Pardonatio
2277 3383 2326 3410 per
2336 3382 2385 3412 ge-

1330 3411 1431 3440 neralia
1450 3410 1544 3440 Verba
1560 3408 1700 3440 Clausulas
1714 3411 1746 3441 &
1769 3410 1923 3441 Sententias
1943 3411 2113 3448 supradiffls
2131 3410 2308 3441 construatur
2315 3433 2326 3448 ,
2340 3413 2386 3442 in-

1330 3456 1509 3485 terpretetur,
1528 3456 1682 3486 exponatur
1699 3448 1731 3478 &
1746 3448 1921 3486 adjudicetur
1936 3450 1966 3478 in
1979 3451 2115 3479 omnibus
2127 3449 2220 3479 Curiis
2229 3448 2331 3479 nostris
2347 3450 2382 3480 &

1329 3488 1394 3517 alibi
1410 3488 1440 3516 in
1453 3485 1708 3516 beneficentissimo
1729 3486 1761 3516 &
1783 3486 1983 3525 benignissimo
2004 3487 2106 3524 Sensu,
2125 3488 2159 3518 &
2182 3496 2233 3525 pro
2253 3487 2383 3517 maximo

1330 3524 1504 3554 Commodo
1521 3526 1553 3555 &
1569 3524 1689 3554 firmiori
1708 3523 1915 3556 Exoneratione
1929 3526 2037 3562 praefati
2049 3528 2091 3554 A.
2104 3527 2140 3554 Β.
2159 3524 2313 3554 secundum
2331 3536 2382 3556 ve-

1329 3572 1390 3592 ram
1405 3563 1594 3592 intentionem
1615 3563 1758 3601 nostram,
1776 3564 1878 3603 absque
1897 3563 1989 3600 aliqua
2011 3563 2201 3600 Ambiguitate
2215 3562 2385 3599 Qiaestione

1328 3601 1374 3631 seu
1388 3600 1533 3631 Dilati'one
1546 3610 1742 3639 quacumque,
1759 3602 1792 3632 ὅ(
1809 3603 1837 3631 in
1851 3610 1908 3632 tam
1923 3599 2079 3630 beneficiali
2090 3600 2181 3630 modo
2194 3601 2227 3630 &
2242 3600 2336 3631 forma
2348 3602 2383 3633 ad

1329 3640 1425 3669 omnia
1440 3640 1607 3669 intentiones
1624 3641 1656 3669 δε
1668 3641 1826 3678 proposita,
1844 3647 1928 3678 prout
1939 3638 2084 3677 praedi&ae
2096 3637 2223 3667 Offensa:
2237 3637 2382 3670 Contem-

1327 3686 1390 3714 ptus
1408 3677 1604 3707 Forisfaeturae
1616 3677 1796 3708 poenalitates
1813 3676 1995 3715 ResJudicia
2016 3676 2221 3712 Executiones,
2242 3675 2275 3706 ὃς
2296 3687 2383 3708 caete-

1326 3725 1355 3745 ra
1377 3715 1523 3746 Praemiffi
1541 3716 1675 3753 (exceptis
1696 3716 1885 3753 praeexceptis)
1908 3725 1956 3752 per
1973 3724 2037 3750 apta
2059 3712 2183 3750 expressa
2203 3715 2236 3745 ὃ(
2257 3714 2383 3753 specialia

1329 3754 1420 3785 Verba
1437 3755 1597 3791 pardonatae
1612 3755 1732 3784 remissae
1747 3755 1779 3784 &
1796 3755 1919 3783 relaxatae
1931 3751 2056 3782 fuissent:

1368 3791 1485 3821 Proviso
1499 3792 1606 3829 semper
1619 3793 1695 3830 quod
1715 3802 1817 3822 omnes
1835 3793 1868 3822 &
1890 3788 2066 3820 omnimodae
2087 3789 2233 3828 Personae,
2252 3800 2315 3829 quae
2334 3793 2386 3823 ali-

1328 3830 1406 3868 quod
1423 3828 1594 3859 Beneficium
1610 3830 1820 3868 Advantagium
1835 3829 1890 3858 sive
1904 3827 2071 3857 proficuum
2089 3828 2171 3865 hujus
2185 3828 2387 3861 Conceffionis

1329 3869 1383 3898 sive
1390 3868 1604 3898 Pardonationis
1619 3868 1721 3898 nostrae
1738 3869 1840 3897 habere
1853 3867 1908 3896 rive
1921 3866 2042 3902 gaudere
2051 3866 2206 3904 voluerint,
2215 3868 2386 3907 prosequan-

1328 3916 1372 3937 tur
1387 3907 1419 3937 &
1434 3915 1534 3936 eorum
1550 3907 1665 3943 quilibet
1678 3906 1858 3944 prosequatur
1872 3914 1924 3943 pro
1944 3903 2047 3933 eisdem
2069 3905 2096 3933 in
2113 3904 2229 3942 Scriptis
2249 3907 2300 3938 sub
2315 3907 2384 3938 Ma-

1328 3954 1387 3984 gno
1403 3944 1502 3983 sigillo
1515 3944 1613 3974 nostro
1627 3945 1755 3984 Angliae,
1773 3945 1802 3973 in
1820 3941 1991 3972 Cancellaria
2007 3942 2099 3972 nostra
2122 3943 2322 3982 conficiendo,
2341 3947 2385 3975 in-

1329 3984 1370 4013 fra
1385 3991 1474 4013 unum
1491 3983 1609 4013 Annum
1625 3984 1761 4021 proximo
1775 3981 1958 4018 sequentem,
1977 3978 2013 4009 Et
2031 3980 2109 4018 quod
2123 3991 2223 4012 omnes
2243 3983 2276 4013 &
2292 3985 2387 4013 omni-

1330 4021 1426 4052 modae
1444 4019 1547 4051 Literae
1570 4021 1673 4051 nosttae
1688 4021 1836 4056 Patentes‚
1852 4017 1916 4055 post
1937 4028 2028 4048 unum
2050 4019 2172 4050 Annum
2191 4022 2323 4058 proximo
2345 4021 2407 4050 se-·
2420 4027 2504 4054 xv1‚

1330 4067 1486 4099 quentem,
1503 4058 1588 4092 alicui
1600 4058 1730 4090 Personae
1747 4066 1795 4090 aut
1812 4056 1951 4095 aliquibus
1966 4055 2097 4088 Personis
2111 4058 2148 4089 de
2163 4058 2181 4078 ¹*
2196 4067 2243 4091 aut
2263 4059 2291 4089 in
2311 4059 2389 4089 Prae-
2400 4073 2449 4103 537
2460 4086 2468 4093 ,

2308 4095 2395 4126 rniffis
