2557 4279
206 136 283 173 190

62 210 140 241 Anci.
157 207 196 236 D.

92 249 176 278 1621.

69 287 199 324 ib'JiicJ.

94 1908 170 1939 Ann.
185 1907 216 1938 D

117 1951 200 1977 1621.

93 1991 155 2013 Pu!-
181 1987 220 2014 13.

91 2025 227 2062 ῗ.ι«ρ.ι9.

93 2072 174 2099 „55

91 2168 110 2186 *
132 2170 227 2199 (Vll.

94 2207 156 2237 230,

221 1929 226 1934 ·
246 1912 300 1967 R

672 106 1472 156 CONVENTIONES‚

1523 104 1915 154 LITERAE,

218 208 381 239 Direstions
399 216 426 235 as
444 214 502 244 you
523 202 590 232 ssiill
606 203 717 231 receive
736 201 814 231 from
827 209 880 230 our
899 198 951 230 said
972 198 1114 229 Councell
1132 206 1184 228 our
1202 194 1278 226 Will
1316 193 1348 222 η’
1357 190 1393 231 est
1407 213 1417 229 ,
1443 201 1495 231 que·
1515 201 1585 220 vous
1600 190 1717 229 fitivt'ez
1729 189 1782 229 sur
1797 189 1853 220 cela
1873 190 1906 221 de
1921 196 1983 222 tout
1992 194 2074 231 point
2089 190 2127 222 les
2142 191 2320 232 Instruaezions
2335 204 2387 235 que
2408 193 2484 227 Ann-
2497 195 2540 231 D.

218 250 256 286 is,
277 248 336 277 that
354 255 414 283 you
435 251 490 272 doc
508 244 536 272 in
556 242 590 270 all
609 241 720 279 thinges
739 239 839 269 follow
857 238 911 268 and
930 238 1055 268 observe.

260 284 400 315 Proviued
425 282 498 312 ailoe
513 303 522 317 ,
548 280 608 309 that
630 279 655 308 if
675 288 729 318 any
749 278 797 308 the
816 276 934 319 Persons
948 300 958 314 ,
978 276 1024 307 soe
1042 274 1148 314 passing
1167 282 1237 304 over
1256 281 1283 301 as

218 323 349 355 aforesaid
359 344 367 358 ,
387 320 452 350 thail
471 319 541 349 after
561 319 603 347 his
622 316 780 354 Departure
793 325 844 346 out
860 318 891 346 ot
906 316 959 345 this
973 314 1092 344 Realme
1106 314 1180 348 doe,
1197 320 1285 354 corp-

220 364 304 397 mitt,
322 370 371 396 put
393 360 420 388 in
447 368 495 388 ure
511 379 520 394 ,
544 365 679 393 attempte
704 365 738 385 or
757 354 843 385 assent
862 363 934 384 unto
951 354 1015 384 anie
1033 353 1134 388 Anile,
1162 350 1288 385 Deviie,

222 402 300 432 Plott
317 408 351 428 or
371 398 492 432 Thinge
511 395 616 433 egainst
635 394 696 431 Us,
714 403 748 423 or
761 395 824 424 anie
841 393 877 423 of
886 402 939 422 out
958 391 1136 430 Kingdomes
1150 388 1204 418 and
1221 387 1288 417 Do-

223 440 362 474 minions,
381 446 415 465 or
433 437 537 473 against
556 434 618 464 anic
636 443 689 463 our
710 432 811 462 Lawes
828 441 861 460 or
877 431 1013 468 Statum,
1034 429 1091 459 that
1106 428 1201 457 everie
1218 425 1288 455 Per-

223 478 273 508 son
300 479 346 505 soe
363 475 518 509 oflending
533 497 542 509 ‚
572 471 639 502 shall
662 471 740 502 loose
757 471 806 501 the
825 468 938 499 Benifitt
957 468 995 497 of
1011 467 1065 496 this
1082 465 1238 496 WVarraunt
1256 463 1293 494 of

223 525 277 545 our
295 513 347 544 said
366 514 476 544 Letters
502 512 615 541 Patents
629 533 638 548 ,
663 510 716 539 and
738 509 804 539 shall
822 507 894 537 alsoe
911 516 942 536 to
960 506 994 535 all
1013 506 1132 547 intentes
1151 503 1204 547 and
1224 512 1292 540 pur-

224 554 304 593 poses
329 554 365 582 be
387 552 471 582 taken
496 549 552 580 and
570 549 713 587 adjudged
732 557 764 578 to
784 548 820 576 be
836 556 864 576 as
887 555 944 574 one
964 543 1025 574 that
1041 543 1219 573 malitiouliie
1236 540 1292 570 and

226 589 477 629 contemptuoully
495 588 545 619 did
563 587 637 625 passe
656 597 689 617 or
704 587 818 622 departe
836 592 886 613 out
904 583 940 612 of
956 582 1012 612 this
1030 581 1166 623 Realme*
1178 589 1293 624 contra-

226 633 265 662 rie
280 639 312 661 to
331 631 378 660 the
397 638 481 659 tenor
497 626 551 656 and
570 625 674 656 effeste
691 625 727 655 of
743 624 790 654 the
810 622 864 652 said
884 620 992 651 Statute
1009 619 1063 650 and
1080 630 1134 650 our
1150 618 1204 649 {aid
1220 618 1293 649 Pro-

226 669 383 700 clamation
399 678 405 697 :
432 666 487 698 and
500 665 642 696 therefore
655 673 716 694 wee
728 663 785 692 doe
802 661 909 699 liert-by
925 659 1075 697 straightlie
1094 659 1217 696 chardge
1236 656 1292 687 and

228 707 423 739 commaunde
448 705 482 735 all
498 703 630 734 Maisters
646 702 683 732 of
695 702 814 737 Shippes
826 699 958 735 Shippers
974 697 1115 727 Mariners
1130 699 1185 726 and
1206 697 1293 726 other

227 746 347 778 Persons
366 744 544 777 whatsoever
554 765 562 779 ,
582 742 641 772 that
655 742 720 776 they
733 749 766 768 or
782 747 836 777 any
852 737 888 766 of
902 737 979 767 them
996 736 1035 766 do
1051 744 1101 765 not
1117 736 1245 771 presume
1260 744 1294 764 or

226 794 348 822 attempt
365 793 397 815 to
415 784 477 814 take
493 784 552 812 into
568 780 638 809 their
651 778 772 816 Shippes
788 777 888 813 Hoyes
902 785 936 805 or
950 775 1035 805 other
1051 774 1168 804 Veireus
1181 781 1220 803 att
1231 774 1293 803 anie

227 826 299 857 time
312 824 389 854 from
404 819 590 854 henceforth,
607 826 660 856 any
679 815 838 852 Paii'engers
853 813 1029 845 whatsoever
1040 822 1072 843 to
1089 812 1138 843 the
1155 814 1247 843 intent
1262 821 1295 842 to

227 863 304 903 passe
317 872 369 893 out
384 861 420 892 of
429 861 482 891 this
496 867 549 888 oui·
566 856 699 893 Realme,
717 855 804 884 other
823 853 891 883 then
907 853 956 883 the
974 852 1091 883 Persons
1107 861 1158 882 not
1175 851 1292 890 restray-

230 901 287 934 ned
307 911 341 932 or
359 910 389 930 to
413 900 449 929 be
471 895 609 936 lycenced
624 903 656 924 to
678 893 753 931 passe
774 892 927 930 according
950 901 980 921 to
1002 893 1051 921 the
1065 890 1118 920 said
1135 890 1298 920 Proclama-

230 942 295 973 tion
310 964 320 978 ,
347 938 469 970 without
489 931 658 966 Permiffion
680 933 734 962 and
751 931 903 961 Warraum
919 929 956 960 of
965 940 1018 960 our
1032 930 1086 959 said
1105 927 1298 959 Commiffio-

230 989 294 1010 ners
307 1001 317 1016 ‚
339 988 372 1008 or
391 985 443 1015 any
469 975 559 1004 sower
581 982 615 1000 or
634 981 714 1000 more
733 970 768 1000 of
779 970 859 1000 them
876 991 886 1006 ,
908 969 997 999 under
1016 969 1089 999 their
1105 967 1222 998 l-iandes
1239 967 1296 997 first

231 1016 374 1056 obteyned
392 1038 401 1052 ,
425 1022 521 1050 uppon
544 1010 611 1041 such
635 1010 734 1040 Paines
756 1009 809 1038 and
832 1007 972 1038 Penalties
995 1017 1023 1037 as
1039 1016 1102 1046 may
1119 1006 1155 1036 be
1170 1005 1298 1037 inflid'ced

233 1066 333 1095 uppon
349 1053 502 1085 Offcnders
515 1050 560 1081 for
575 1048 753 1086 Contempte
771 1046 807 1076 of
820 1056 873 1076 our
890 1045 996 1086 Royall
1013 1044 1230 1077 Commaunde.

271 1132 337 1163 And
356 1140 418 1161 wce
439 1128 512 1159 alsoe
528 1124 720 1157 commaunde
737 1125 774 1165 by
799 1123 961 1154 Authoritie
977 1122 1078 1153 hereos
1090 1123 1123 1152 all
1136 1122 1191 1152 and
1208 1122 1300 1160 singu-

234 1173 273 1202 ler
296 1180 348 1201 our
368 1167 490 1207 Justices
510 1166 546 1196 of
560 1165 668 1202 Peuce,
689 1162 822 1201 Mayors,
841 1162 992 1198 slieriffes,
1010 1161 1156 1199 Baylistes‚
1175 1160 1301 1191 Consta-

235 1210 310 1246 bles,
330 1205 594 1244 Heidboi-oughes,
609 1204 663 1233 and
679 1201 806 1239 Subjests
821 1211 852 1232 to
868 1201 989 1230 whome
1004 1201 1032 1230 in
1050 1201 1103 1230 this
1121 1206 1179 1230 cale
1196 1201 1216 1229 it
1233 1198 1300 1230 shall

235 1258 268 1278 or
285 1256 349 1290 may
367 1253 542 1283 appertaine,
560 1252 590 1272 to
606 1243 642 1272 be
657 1241 768 1280 aiding,
786 1240 903 1277 helping
919 1239 971 1268 and
987 1238 1111 1276 affisting
1125 1248 1156 1268 to
1171 1247 1247 1276 you,
1265 1247 1299 1267 or

233 1287 296 1317 anie
323 1287 415 1316 sower
437 1294 469 1313 or
490 1291 572 1311 more
595 1281 632 1310 os
649 1289 727 1321 you,
753 1281 781 1308 in
805 1279 852 1308 the
873 1279 928 1307 due
954 1277 1112 1307 Execution
1128 1277 1166 1306 os
1177 1277 1231 1307 this
1245 1285 1298 1305 our

235 1323 451 1360 Commiffion,
465 1331 492 1351 as
511 1321 578 1358 they
595 1320 649 1349 and
663 1327 746 1355 every
764 1317 799 1347 os
811 1316 891 1346 them
908 1316 1003 1346 tendet
1018 1325 1071 1345 our
1086 1315 1229 1352 Pleasure,
1244 1313 1300 1344 and

236 1363 297 1394 will
311 1362 452 1393 aunswere
468 1369 499 1390 to
513 1359 560 1389 the
576 1358 716 1389 contrarie
729 1365 768 1387 att
785 1355 857 1386 their
875 1353 1012 1384 utermost
1030 1353 1137 1384 Perills.

275 1438 310 1470 In
328 1439 429 1470 witnes
446 1435 595 1473 whereof,
611 1433 673 1469 ἀνι.

262 1516 398 1594 ἱΧῇῙίῑιιεε,
408 1524 462 1546 our
478 1513 542 1544 selfe
557 1520 584 1544 at
601 1509 779 1549 Westminster
794 1531 804 1548 ‚
823 1508 873 1541 the
888 1506 981 1540 fower
995 1506 1051 1539 and
1067 1506 1215 1539 twentieth
1233 1504 1301 1544 Day

240 1564 261 1586 0
308 1563 426 1585 anuatie.

689 1628 743 1656 Per
757 1628 852 1656 Breve
864 1624 896 1654 de
910 1626 1033 1655 Privato
1046 1622 1147 1661 sigillo.

238 1767 287 1799 De
305 1760 476 1805 Conceffionc
497 1763 660 1794 Creationis
676 1760 835 1806 Francifii
854 1762 948 1793 Βαίου
970 1760 1090 1793 Militis
1119 1761 1155 1797 ᾤ’
1184 1759 1308 1791 Baronis

630 1814 660 1842 in
686 1810 722 1842 V
719 1811 910 1844 icecomitem.

310 1908 336 1940 F,
347 1908 397 1947 X,
415 1908 478 1939 &c-
500 1905 724 1944 Archiepiscopis
740 1928 750 1943 ,
777 1904 910 1934 Ducibus
926 1927 935 1941 ,
952 1902 1188 1940 Marchionibus,
1204 1902 1308 1933 Comi-

321 1950 412 1985 tibus,
435 1946 679 1982 vicecomitibus,
697 1943 842 1982 Episcopis
861 1942 1033 1979 Batonibus,
1053 1942 1230 1979 Praepositis,
1257 1942 1307 1971 Li-

243 1987 314 2017 beris
337 1986 517 2017 Hominibus
533 2007 543 2023 ,
570 1994 602 2014 ac
628 1984 765 2013 omnibus
785 1982 938 2012 Officiariis
954 2004 964 2019 ,
984 1980 1122 2011 Ministris
1135 1981 1168 2011 &
1185 1980 1308 2010 Subditis

243 2026 346 2055 nostris
364 2025 578 2064 quibuscunque
592 2023 626 2052 ad
642 2032 713 2060 quos
730 2021 874 2060 praesentes
892 2020 997 2050 Literae
1012 2020 1210 2058 pervenerint,
1228 2019 1309 2049 Salu-

241 2073 310 2095 tem.

278 2104 455 2133 Arbitramur
472 2101 584 2140 Regalis
598 2100 753 2138 Dignitatis
770 2097 911 2136 fastigium
925 2097 1062 2128 ornari&
1080 2096 1208 2126 illustrari
1219 2096 1308 2134 ,cum

245 2142 305 2172 Viri
320 2142 396 2178 digni
413 2144 444 2172 ὀί
465 2141 620 2170 Virtutibus
634 2139 697 2168 curi
712 2142 744 2167 «Sc
762 2139 796 2166 de
811 2136 932 2167 Corone}⁴
953 2135 1049 2166 nostra
1067 2136 1099 2165 ὅ(
1118 2135 1153 2165 de
1170 2136 1309 2172 Republi-

243 2179 278 2210 αἱ
295 2182 366 2210 bene
383 2181 475 2210 meriti
491 2179 622 2209 Honoris
636 2179 668 2208 &
684 2176 839 2215 Dignitatis
855 2175 963 2205 Titulis
977 2176 1010 2205 &
1026 2176 1043 2193 ³*
1066 2174 1310 2204 Praeheminentiis

243 2219 430 2257 insigniuntur
447 2221 479 2249 δε
497 2219 684 2254 decorantur,
705 2216 761 2245 hoc
780 2216 857 2244 enim
874 2214 944 2244 cuni
959 2211 1007 2251 fit,
1023 2213 1055 2243 δε
1074 2213 1235 2251 hujusmodi
1254 2215 1309 2242 ho-

244 2259 334 2288 norati
355 2257 559 2287 confirmantur
584 2257 611 2284 in
637 2254 730 2284 studio
753 2254 828 2282 bene
855 2253 980 2293 merendi
993 2274 1003 2290 ,
1022 2253 1055 2282 &
1071 2253 1114 2281 alii
1129 2251 1308 2289 quamplures

235 2297 433 2326 incenduntur
452 2297 484 2326 &
504 2296 661 2325 excitantur
679 2294 713 2322 ad
732 2293 922 2322 imitationem
944 2290 1080 2327 virtutis,
1107 2291 1139 2320 &
1162 2289 1247 2328 Regis
1267 2291 1309 2327 ip-

243 2335 298 2365 slus
316 2344 382 2364 cura
401 2336 432 2365 &
453 2334 589 2370 judicium
604 2356 613 2370 ,
640 2342 667 2360 in
694 2341 796 2361 omnes
815 2339 904 2369 partes
924 2329 959 2359 ad
978 2330 1092 2359 bonum
1110 2328 1263 2367 publicum
1281 2328 1308 2358 se

242 2373 412 2410 extendens,
432 2372 531 2409 Populi
549 2371 754 2408 approbatione
771 2372 803 2400 &
825 2369 955 2406 applausu
973 2369 1147 2406 agnoscitur3

279 2410 348 2440 Nos
369 2414 450 2449 igitur
470 2420 575 2440 matura
592 2409 794 2439 deliberatione
813 2407 1020 2436 con-iderant&
1042 2407 1074 2435 δ’
1095 2404 1309 2443 perpendentes,

241 2449 271 2478 in
286 2449 403 2486 persona
423 2449 574 2484 praefiteeti
590 2449 621 2477 ὃς
640 2456 774 2483 perquam
791 2445 881 2474 fidelis
897 2445 1059 2473 Conziliarii
1076 2445 1163 2473 nostri
1179 2446 1307 2473 Francis-

243 2490 266 2517 ci
279 2491 375 2517 Baron
393 2487 494 2517 Militis
507 2490 621 2515 Earom's
636 2486 667 2513 de
684 2483 834 2512 Verulamjo
848 2483 1015 2512 Cancellarii
1030 2482 1115 2511 nostri
1130 2482 1238 2520 Angliae
1255 2482 1308 2512 Fa-

241 2526 353 2556 miliam
370 2526 384 2554 a
400 2526 473 2556 clara
482 2524 574 2562 Stirpe
589 2523 738 2552 oriundam
749 2523 797 2558 ,in
816 2532 870 2559 qua
885 2529 969 2550 etiam
984 2520 1114 2550 elucescit
1133 2520 1217 2556 illud,
1228 2520 1309 2556 quod

240 2567 306 2595 raro
321 2574 366 2594 aut
383 2564 494 2594 sortasse
510 2571 653 2600 nunquam
671 2561 788 2590 anteliic
803 2560 905 2590 aceidit
916 2568 965 2596 ,ut
977 2557 1051 2588 Patri
1067 2559 1179 2596 optimo
1195 2559 1227 2588 ὅ(
1245 2568 1308 2595 pru-

239 2602 403 2633 dentiffimo
419 2602 490 2632 Viro
512 2604 539 2630 in
559 2600 671 2630 Officio
688 2598 822 2628 Custodis
846 2597 947 2636 Magni
961 2597 1050 2635 sigilli
1065 2596 1181 2636 Angliae
1199 2596 1309 2627 succes-

240 2641 320 2680 serit,
339 2650 465 2678 cumqne
486 2641 563 2670 'siem
586 2637 744 2677 franciscus
767 2647 814 2674 per
838 2637 951 2667 Gradus
966 2635 1118 2675 Dignitatis
1134 2637 1166 2666 ὅ(
1181 2634 1307 2666 Officio-

241 2690 306 2710 rum
322 2681 500 2717 quamplures
516 2702 526 2717 ,
551 2680 583 2708 ἃ
602 2687 734 2714 tanqam
751 2677 779 2706 in
804 2684 935 2713 perpetua
949 2675 1015 2704 serie
1034 2673 1148 2704 Servitii
1165 2673 1253 2703 nostri
1273 2673 1308 2704 ad

242 2719 394 2749 sublimem
412 2720 590 2755 Dignitatem
606 2715 776 2745 Caricellarii
792 2714 881 2744 nostri
899 2723 947 2750 per
965 2722 1033 2751 n05,
1050 2713 1137 2743 veluti
1154 2722 1238 2742 manu
1255 2712 1308 2742 du-

243 2758 306 2788 Ctus
326 2757 360 2787 &
376 2757 489 2788 evectis
514 2755 615 2794 fuerit,
638 2754 770 2790 Denique
790 2754 890 2782 animo
907 2751 1083 2782 revolventes
1100 2759 1178 2787 grata
1191 2752 1224 2782 ἃ
1239 2750 1309 2781 fide-

242 2796 277 2826 lia
291 2795 412 2826 Servitia
427 2805 492 2832 quae
506 2794 583 2824 idem
603 2793 758 2830 franciscus
778 2801 826 2828 per
841 2800 943 2820 omnes
957 2791 1017 2820 illos
1033 2788 1186 2826 Dignitatis
1202 2789 1234 2819 &
1251 2789 1308 2820 Of-

242 2834 378 2865 ficiorurn
402 2833 516 2863 Gradus
531 2857 539 2869 ,
566 2841 623 2862 tam
649 2832 677 2860 in
702 2829 954 2860 Administratione
973 2827 1094 2866 Justitiae
1111 2828 1222 2857 summa
1239 2837 1307 2858 cum

243 2873 395 2903 assiduitatc
412 2872 569 2910 integritate
584 2872 616 2901 ὃς
633 2869 801 2907 fide‚qu⁷im
817 2870 843 2898 in
859 2867 949 2897 arduis
965 2866 1101 2905 Negotiis
1116 2866 1210 2905 Regni
1226 2865 1311 2897 Con-

245 2912 296 2943 silii
310 2910 403 2942 Status
418 2912 451 2942 δε
469 2910 576 2941 AErarii
591 2909 679 2938 nostri
693 2932 702 2946 ,
722 2906 824 2946 magna
840 2915 909 2936 cum
928 2905 995 2936 cura
1011 2907 1044 2937 &
1061 2904 1225 2943 prudenti-i,
1241 2915 1311 2936 nec-

244 2959 307 2980 non
321 2950 447 2979 candore
463 2950 495 2979 &
511 2948 650 2985 obsequio
668 2969 676 2984 ‚
703 2947 828 2983 praestitit
844 2946 876 2975 ὃ(
894 2944 1051 2981 impendit,
1071 2953 1219 2981 quumque
1238 2954 1311 2974 con-

246 2988 320 3019 stans
335 2989 367 3017 &
385 2987 511 3017 strenuus
528 2986 668 3016 Defensor
687 2984 802 3022 jurium
819 2982 950 3013 Coronae
968 2983 1070 3012 nostrae
1087 2982 1196 3019 semper
1212 2983 1312 3012 eXtite-

243 3028 297 3064 rit,
315 3025 418 3064 absque
436 3025 491 3055 ulla
510 3024 552 3054 vel
570 3024 772 3054 Emolimenti
790 3022 888 3057 privati
903 3021 948 3050 vel
964 3030 1044 3050 vanae
1069 3020 1264 3050 ostentationis
1277 3022 1311 3052 ὃς

243 3074 319 3096 aurae
340 3064 480 3102 popularis
495 3085 504 3101 ,
527 3061 571 3092 ve!
594 3061 706 3097 alicujus
726 3062 850 3090 omnino
865 3059 1032 3096 particularis
1051 3057 1112 3087 finis
1128 3068 1174 3089 aut
1188 3058 1312 3089 effeetus

245 3103 395 3142 respetitu,
414 3112 480 3133 eum
499 3100 648 3131 censemus
664 3099 782 3138 dignum
804 3108 892 3136 quem
914 3099 943 3127 in
966 3096 1161 3127 sublimiorem
1182 3096 1312 3128 Honoris

244 3142 364 3182 gradum
382 3141 576 3172 eveheremus.

280 3180 379 3211 Sciatis
397 3181 480 3216 igitur
498 3177 578 3216 quod
599 3176 666 3208 Nos
679 3199 688 3214 ,
711 3176 747 3206 de
765 3174 865 3205 Gratia
878 3173 973 3204 nostra
988 3173 1112 3212 speciali,
1135 3183 1167 3204 ac
1184 3183 1218 3204 ex
1233 3183 1309 3206 certa

246 3219 371 3250 Scientia
386 3220 419 3250 ὃς
437 3227 518 3248 mero
534 3216 624 3247 Motu
640 3215 757 3250 nostru,
776 3213 926 3250 praefatum
941 3212 1110 3251 Francistum
1123 3211 1262 3243 Baronem
1277 3214 1312 3244 de

248 3258 413 3288 Verulamio
437 3255 608 3295 praedictum
624 3277 633 3292 ,
667 3255 694 3283 in
716 3255 900 3282 Vicecomitem
925 3252 1019 3292 Sauclt'
1042 3250 1152 3280 Albani
1170 3252 1311 3282 ereximus

246 3297 428 3333 praefecimus
441 3297 474 3326 δε
497 3302 657 3324 creavimus
667 3315 676 3329 ‚
694 3291 840 3330 ipsumque
856 3289 1026 3328 Franciscum
1040 3291 1223 3318 Vicecomitem
1239 3293 1311 3319 San-

246 3336 284 3364 cti
306 3334 416 3365 Albani
438 3332 564 3372 proedicti
582 3355 591 3369 ,
616 3340 715 3361 tenore
731 3330 906 3367 praeientium
917 3351 927 3366 ,
943 3328 1076 3366 erigimus
1095 3327 1263 3364 praeficimus
1277 3329 1311 3358 &

246 3382 374 3403 creamus
389 3396 398 3410 ,
429 3372 580 3408 eidemque
603 3368 741 3407 francisco
764 3368 888 3398 Nomen
914 3367 1026 3397 Statum
1052 3366 1155 3395 Stilum
1178 3364 1310 3396 Gradum

247 3411 424 3448 Dignitatem
443 3410 576 3440 Titulum
593 3410 625 3440 ὃ(
639 3408 794 3437 Honorem
815 3409 841 3434 V
842 3408 980 3435 rcecomitis
996 3405 1092 3434 Santi'i
1108 3403 1222 3434 Albani
1236 3414 1310 3442 prce-

247 3450 317 3479 dicti
334 3450 516 3487 imposuimus
533 3448 661 3477 dedimus
676 3448 708 3477 ὃς
723 3445 913 3482 praebuimus‚
932 3453 965 3474 ac
980 3453 1029 3481 per
1047 3442 1200 3474 Praesentes
1213 3444 1311 3480 impo-

249 3488 342 3517 nimus
358 3490 455 3518 damus
469 3488 500 3517 ἃ
515 3487 690 3527 praebemus:

288 3525 461 3555 Habendum
476 3527 509 3556 &
523 3525 679 3556 tenendum
692 3521 790 3552 eadem
803 3520 927 3551 Nomen
936 3520 1047 3551 Statum
1061 3519 1164 3549 Stilum
1175 3517 1309 3549 Gradum

249 3562 431 3602 Dignitatem
452 3564 585 3594 Titulum
610 3561 764 3591 Honorem
783 3563 811 3589 V
813 3563 949 3589 rcecomitis
966 3560 1062 3588 Sanffli
1083 3556 1193 3587 Albani
1207 3557 1310 3594 praedi-

247 3602 290 3631 <sti
301 3624 310 3639 ,
331 3612 398 3632 cum
412 3604 545 3632 omnibus
567 3602 599 3631 δὲ
615 3601 727 3636 lingulis
747 3599 988 3629 Praeheminentiis
1004 3597 1171 3626 Honoribus
1187 3597 1312 3626 caeteris-

249 3649 305 3678 que
327 3640 486 3677 hujusmodi
511 3641 633 3669 Nomini
656 3639 743 3667 :it-arui
767 3637 840 3667 Stilo
863 3637 974 3665 Grzioui
998 3634 1139 3673 Dignitati
1160 3634 1261 3664 Titulo
1276 3634 1309 3664 &

247 3677 365 3708 Honori
380 3677 566 3707 Vicecmuiiis
581 3677 783 3713 pertinentibus
797 3675 852 3704 sive
862 3674 1065 3711 spectantibus,
1085 3672 1202 3710 praesato
1217 3675 1311 3702 Fran-

246 3718 308 3760 cifcp
323 3722 355 3746 ὁ(
370 3717 539 3746 Haereuibus
556 3716 692 3746 Miiculis
707 3715 742 3745 de
763 3713 897 3751 Corpore
914 3714 963 3743 suo
979 3713 1146 3742 exeuntibus
1169 3711 1311 3748 imperpe-

251 3762 348 3784 tuum:

289 3792 423 3822 volentes
437 3815 446 3828 ,
471 3794 501 3822 &
523 3801 570 3828 per
589 3791 737 3821 presentes
756 3789 964 3825 concedentes,
989 3798 1042 3826 pro
1059 3787 1160 3817 Nobis
1177 3785 1308 3816 Haeredi-

245 3830 296 3860 bus
326 3835 358 3860 cx
376 3831 585 3859 §secularibus
609 3830 709 3859 nostris
726 3852 736 3866 ,
761 3829 897 3865 qubdque
922 3827 1070 3865 praedictus
1090 3824 1245 3864 Fraacrfius
1272 3826 1305 3856 δε

240 3867 378 3897 Haeredes
403 3869 441 3897 sui
472 3867 589 3897 Mrlculi
615 3868 741 3904 praedicti
770 3867 893 3896 Nninen
912 3867 1022 3895 Statum
1047 3864 1177 3893 Gradum
1200 3863 1305 3893 Stilum

238 3906 416 3944 Dignitatem
433 3905 482 3935 Ti;
497 3907 514 3934 ll
527 3916 566 3935 xm
582 3908 613 3936 ὃς
634 3906 662 3934 5-1
673 3915 786 3935 ›noren
807 3907 834 3933 V
837 3907 974 3933 icet-omnis
991 3903 1085 3932 SanCt‘i
1104 3900 1215 3931 Albani
1232 3910 1305 3940 prae-

235 3946 303 3976 dicti
321 3943 472 3975 suceellivs:
491 3954 584 3977 eei-in.
609 3946 640 3972 ὃς
659 3945 794 3979 1η’·,ειιη,
814 3944 846 3972 &
866 3952 966 3971 eorum
984 3942 1101 3979 quilibet
1117 3949 1193 3978 gerat
1207 3940 1239 3969 ὃ(
1255 3940 1304 3969 ha-

234 3986 311 4020 beat,
332 3985 364 4013 ὃς
388 3992 433 4020 per
458 3981 580 4010 Naum
600 3984 690 4010 Vtccco
698 3985 765 4010 >nnis
777 3982 873 4010 S-mc‘li
890 3980 999 4010 Albani
1019 3979 1176 4009 succellivc
1191 3987 1301 4009 vocen-

231 4033 274 4053 tur
298 4025 330 4054 &
352 4029 549 4057 nincupeitut
568 4043 578 4057 ,
603 4020 635 4049 &c
659 4028 762 4048 eorum
778 4020 895 4056 quilibet
912 4026 1037 4049 vocetur
1052 4019 1085 4048 ὃς
1101 4024 1298 4054 nuncupetur,

1323 240 1393 260 vous
1409 239 1539 258 recevrez
1551 229 1584 258 de
1597 235 1676 258 notre
1689 228 1732 257 dit
1749 227 1859 267 Consbil.

2428 235 2515 266 1621.

1358 270 1471 297 Pourvu
1486 266 1566 306 auffi,
1575 278 1624 308 que
1631 266 1659 307 fi
1672 265 1876 308 quelques-unes
1887 267 1920 296 de
1934 278 1974 297 ces
1982 267 2128 308 Perfimnes
2140 269 2253 310 paffant
2269 270 2336 310 ainfi
2355 270 2391 300 les
2414 273 2443 302 18
2452 273 2540 312 Jacs.

1326 308 1404 335 Mers
1413 328 1422 343 ‚
1436 316 1531 334 comme
1546 305 1571 336 il
1585 304 1621 344 est
1633 305 1676 334 dct
1687 327 1695 343 ,
1707 304 1796 344 font,
1805 313 1976 335 commettent
2011 314 2128 338 mettent
2142 320 2175 338 en
2183 313 2313 348 pratique
2347 317 2394 339 at-

1328 351 1442 382 tentent
1464 354 1496 373 ou
1511 343 1672 381 confi’ntent
1687 343 1765 382 apres
1789 344 1848 374 leur
1861 343 1955 381 de‘part
1976 329 2038 375 Zors
2051 346 2083 375 de
2098 357 2124 376 cc
2140 350 2291 385 Royaume,
2309 333 2330 377 d,
2345 360 2397 378 au-

1328 393 1378 412 cun
1393 383 1488 420 Acte,
1507 381 1648 422 Artrfice,
1669 381 1789 420 Complot
1805 392 1838 412 ou
1857 380 1931 420 chose
1953 390 2044 412 contre
2062 395 2126 414 nous
2143 409 2153 423 ,
2173 394 2310 419 oucontre
2323 386 2399 426 quel-

1329 420 1413 461 qu’un
1426 421 1457 450 de
1473 431 1520 450 nos
1531 424 1675 460 Royaumes
1693 420 1731 455 ὠ·
1751 422 1840 450 Etats
1857 443 1867 459 ,
1886 431 1916 449 ou
1935 428 2027 451 contre
2042 422 2199 462 quelqu'une
2211 425 2244 454 de
2257 436 2304 455 nos
2322 428 2397 455 Loix

1334 469 1365 488 ou
1382 458 1526 500 quelqu'un
1540 459 1572 489 de
1588 470 1634 488 nos
1651 463 1762 489 Statuts
1771 483 1780 495 ,
1795 469 1846 499 que
1861 458 1961 500 chaque
1975 461 2111 498 Perfimne
2128 464 2174 501 qui
2188 473 2256 492 aura
2271 463 2339 503 ainfi
2350 465 2398 502 pe'-

1336 496 1385 526 che'
1399 497 1478 535 perde
1499 498 1522 527 le
1547 497 1658 536 be‘ne'fice
1682 497 1714 526 de
1729 505 1798 527 cette
1813 500 1926 527 Licence
1943 500 2064 527 accorde'e
2073 507 2129 537 par
2142 510 2189 529 nos
2201 501 2269 531 dites
2284 505 2400 532 Lettres

1320 570 1326 579 x
1331 542 1457 573 patentes
1475 559 1485 574 ,
1509 535 1548 571 ὠ·
1567 535 1668 582 *quelle
1684 535 1740 575 Ji'n't
1761 536 1828 574 auli
1851 536 1870 565 a*
1894 542 1954 566 tous
1971 537 2066 573 <gards
2083 538 2208 574 regarde'e
2221 538 2258 574 ό·
2276 542 2400 579 νῲηιέε,

1336 585 1431 604 comme
1448 574 1510 604 celle
1525 586 1571 614 qut
1579 576 1709 614 paffi’roit
1722 586 1755 604 ou
1789 577 1898 604 ortiroit
1921 574 2146 614 malicieuftment
2164 575 2202 611 ὠ·
2217 588 2284 607 avec
2299 579 2398 610 de‘dain

1335 611 1397 642 hors
1412 612 1443 642 de
1457 625 1484 642 ce
1500 617 1633 650 Royaume
1647 636 1657 651 ,
1682 621 1774 643 contre
1790 613 1820 643 la
1836 620 1930 642 tenear
1949 612 1988 648 ὦ,
2003 613 2087 653 l‘cffit
2104 613 2186 644 dudit
2201 618 2300 649 statut
2315 616 2352 651 ὠ·
2366 618 2398 648 de

1336 659 1415 682 notre
1436 651 1492 681 dite
1515 653 1725 681 Proclamation.
1751 651 1818 690 C'est
1827 654 1958 691 pourqum‘
1978 663 2046 682 nous
2058 651 2202 689 chargeons
2218 653 2255 688 (ἂν
2268 665 2401 686 comman-

1336 690 1402 720 a'ons
1419 689 1610 729 exprefflttrent
1620 699 1675 729 par
1690 690 1719 720 la
1734 690 1862 731 Pre‘sente
1875 690 1893 719 ἃ
1908 697 1966 720 tous
1985 693 2106 720 Maitres
2121 692 2153 721 de
2166 687 2325 731 Vaff’aux,
2342 697 2402 724 Ba-

1336 730 1426 758 teliers
1443 752 1452 765 ,
1476 729 1614 759 Matelots
1629 727 1666 763 &¹
1681 736 1772 758 autres
1790 727 1939 767 Perfhnnes
1954 727 2052 768 quelles
2066 729 2290 770 qu’ellesfinent,
2306 733 2403 772 qu'eux

1337 763 1375 801 ὦ·
1389 766 1491 797 chacun
1507 768 1586 797 a'eux
1600 779 1633 798 ne
1644 767 1798 807 pressmwnt
1806 779 1839 803 ou
1855 768 2092 806 n'entrepremzent
2097 778 2148 808 pas
2164 772 2197 798 de
2206 772 2322 810 prendre
2332 771 2402 801 dans

1337 805 1406 835 leurs
1423 807 1562 844 Navires,
1585 809 1661 836 Heus
1679 818 1710 836 ou
1727 814 1820 836 autres
1833 805 1977 845 Vasffl’aux
1989 817 2024 837 en
2038 818 2125 836 aucun
2139 814 2206 837 tem's
2221 809 2291 839 dans
2304 808 2333 839 la
2340 809 2403 849 fici-

1336 852 1381 882 te,
1399 845 1523 886 quelques
1538 845 1694 913 Ptffagers,
1712 845 1786 885 quels
1803 844 1884 884 qu'ils
1891 844 1982 884 sbieut
1994 869 2002 882 ,
2027 846 2098 876 dans
2120 845 2143 875 le
2159 846 2256 885 deffein
2271 849 2302 878 de
2312 848 2403 888 shrtir

1337 883 1401 913 hors
1422 884 1454 912 de
1473 891 1549 914 notre
1597 895 1720 923 oyaume,
1739 891 1831 913 autres
1852 895 1903 924 que
1919 883 1955 914 les
1970 884 2118 922 Perfimnes
2131 896 2186 915 non
2199 887 2354 927 restraintes
2370 898 2403 918 ou

1339 922 1471 952 licencie'es
1488 931 1557 961 pour
1577 923 1664 962 paffer
1683 921 1888 960 conforme‘ment
1907 921 1925 951 ἃ
1947 930 2023 952 notre
2035 924 2090 952 dite
2103 923 2320 964 Proclamation,
2333 925 2405 965 fims

1339 972 1374 991 en
1388 960 1494 990 obtenir
1511 969 1690 999 auparavant
1706 961 1897 1001 permiffioude
1914 960 2017 1000 nosdr'ts
2034 961 2226 1001 Commrſjaires
2239 975 2270 994 ou
2285 966 2317 994 de
2334 976 2403 1006 qua-

1341 1006 1386 1029 tre
1407 1010 1439 1029 ou
1452 999 1512 1036 plus
1532 1000 1636 1036 d'entre
1654 1011 1706 1030 eux
1719 999 1785 1047 fias
1805 999 1879 1030 leutt-
1891 998 2046 1039 figuatures
2061 1023 2069 1038 ,
2081 999 2134 1038 sur
2151 1001 2188 1031 les
2198 1006 2290 1041 peines
2307 1011 2345 1038 (φ
2364 1003 2402 1033 les

1336 1036 1472 1077 pe‘nalite‘s
1484 1041 1531 1078 qui
1539 1042 1699 1076 pourroient
1713 1046 1771 1069 etre
1783 1038 1903 1078 infligfes
1917 1049 1973 1068 aux
1989 1038 2163 1080 Dc‘linquans
2178 1049 2247 1078 pour
2269 1042 2293 1072 le
2304 1043 2406 1073 de‘dain

1343 1076 1376 1106 de
1389 1084 1467 1106 notre
1485 1078 1710 1107 commandement
1722 1077 1806 1117 royal.
1828 1108 1830 1110 ,
1873 1105 1875 1108 .
2179 1099 2181 1102 -

1377 1117 1420 1144 Et
1434 1126 1499 1145 nous
1518 1117 1700 1146 commandons
1715 1117 1748 1145 a'e
1769 1115 1850 1153 meme
1866 1125 1920 1155 par
1941 1113 2085 1146 l'autorite‘
2098 1117 2144 1146 des
2159 1117 2297 1157 Prt‘ftntes
2310 1118 2328 1148 ὰ
2345 1127 2405 1151 tous

1343 1152 1381 1189 &
1400 1153 1419 1183 ax
1436 1153 1539 1184 chacun
1551 1154 1584 1183 de
1599 1165 1646 1184 nos
1659 1154 1749 1192 Juges
1759 1155 1791 1184 de
1804 1157 1877 1184 Paix
1883 1177 1896 1192 ,
1904 1157 2012 1184 Maires
2020 1177 2030 1192 ‚
2048 1153 2154 1194 Sherifs
2163 1179 2172 1194 ‚
2190 1156 2303 1195 Baillifir
2311 1182 2320 1195 ,
2328 1161 2407 1188 Com-

1343 1189 1472 1229 mrff‘aires
1486 1193 1531 1222 des
1545 1197 1698 1231 quartiers‚
1708 1191 1790 1231 chefs
1803 1193 1836 1222 de
1847 1194 2055 1223 Communaute‘s
2069 1188 2107 1229 ὀ·
2126 1195 2217 1232 Sujets
2228 1195 2247 1224 ἂ
2261 1201 2308 1236 qui
2322 1195 2346 1225 il
2357 1205 2408 1236 ap-

1335 1231 1502 1270 partiendra
1524 1232 1593 1261 dans
1609 1243 1636 1261 ce
1653 1243 1714 1268 cas,
1733 1232 1766 1261 de
1779 1243 1846 1261 vsus
1858 1231 1934 1261 arder
1947 1229 1984 1266 &
2002 1231 2119 1271 affister,
2139 1244 2171 1262 ou
2185 1242 2284 1273 quatre
2299 1245 2330 1264 ou
2364 1241 2406 1265 lus

1341 1269 1374 1297 de
1387 1269 1491 1307 vou5‚a
1503 1272 1627 1300 exe'cuter
1640 1271 1766 1300 duement
1782 1279 1851 1301 cette
1865 1269 2027 1309 Commiffion
2037 1271 2076 1311 ,fi
2091 1282 2145 1301 eux
2159 1269 2197 1306 dr
2210 1271 2311 1304 chacun
2348 1276 2406 1304 'eux

1340 1305 1407 1353 font
1421 1319 1464 1337 cas
1489 1308 1521 1338 de
1537 1317 1615 1338 notre
1631 1308 1802 1350 bon-plaisir,
1825 1307 1912 1349 faute
1935 1309 1967 1339 de
1983 1309 2044 1349 'quoi
2056 1309 2090 1340 ils
2105 1311 2264 1350 re‘pondront
2288 1313 2323 1343 du
2345 1323 2408 1344 con-

1343 1354 1431 1376 trarre
1446 1346 1464 1376 ἃ
1476 1346 1547 1377 leurs
1555 1347 1619 1387 plus
1628 1348 1730 1386 grands
1736 1347 1832 1388 perils.

1382 1422 1485 1464 Enfoi
1497 1424 1530 1454 de
1547 1428 1625 1466 quoi,
1644 1426 1707 1457 &c.
1914 1407 1932 1425 ,—
2260 1439 2271 1452 ι

1385 1502 1506 1532 Te'moins
1530 1501 1704 1533 nous-meimes
1725 1501 1744 1532 ax
1760 1502 1824 1535 We

1346 1538 1487 1578 Janvier.
1883 1501 1969 1534 instet
1984 1524 1995 1542 ’
2017 1502 2043 1533 le
2061 1506 2144 1542 vingt
2159 1503 2198 1541 &⁶
2215 1510 2365 1545 quatrieme
2378 1508 2412 1539 de

1842 1618 1898 1652 Per
1914 1618 2005 1653 Breve
2017 1619 2052 1652 de
2067 1620 2188 1653 Privato
2200 1621 2307 1661 Sigillo.

1346 1745 1483 1787 quodque
1499 1744 1575 1774 idem
1591 1743 1746 1785 Francifius
1759 1745 1793 1776 &
1808 1744 1948 1786 Haeredes
1961 1745 2000 1775 sui
2015 1745 2138 1776 Masculi
2160 1748 2288 1786 praedid'ti
2303 1750 2412 1782 succes-

1347 1784 1406 1813 iive
1422 1786 1582 1827 ⁹Vcecorm'tir
1593 1785 1690 1813 Sancti
1711 1782 1824 1813 Albani
1838 1784 1869 1813 in
1885 1784 2021 1814 omnibus
2037 1792 2202 1823 teneantur,
2228 1788 2261 1818 &
2280 1797 2310 1818 ut
2327 1788 2414 1820 Vice-

1347 1830 1470 1852 comites
1490 1822 1641 1852 tractentur
1665 1822 1699 1852 &
1721 1831 1903 1861 reputentur,
1921 1822 1954 1853 &
1969 1831 2070 1852 eorum
2088 1823 2206 1860 quilibet
2218 1833 2342 1857 teneatur
2359 1836 2414 1859 tra—

1348 1861 1441 1904 Ctetur
1460 1861 1494 1892 &
1508 1869 1652 1898 reputetur
1663 1882 1672 1898 ‚
1700 1860 1878 1899 habeantque
1892 1869 2004 1892 teneant
2021 1862 2053 1892 &
2071 1861 2244 1901 poffideant,
2261 1865 2294 1895 &
2310 1875 2413 1896 eorum

1349 1900 1467 1943 quilibet
1488 1898 1588 1929 habeat
1604 1907 1696 1930 teneat
1719 1900 1752 1930 &
1773 1899 1909 1937 possideat
1930 1898 2034 1930 Sedem
2056 1899 2171 1930 Locum
2191 1901 2224 1931 &
2245 1902 2358 1934 Vocem
2382 1905 2414 1936 in

1348 1938 1544 1968 Parliamentis
1563 1938 1595 1968 &
1609 1938 1729 1975 publicis
1744 1936 1879 1968 Comitiis
1892 1947 1976 1974 atque
1988 1938 2122 1968 Consiliis
2137 1939 2238 1969 nostris
2253 1940 2414 1974 Haeredum

1349 1977 1382 2020 ὃς
1405 1975 1606 2019 Success'urum
1628 1976 1790 2007 nostrorum
1814 1977 1885 2007 infra
1909 1976 2045 2015 Regnum
2069 1976 2201 2008 nostrum
2216 1977 2417 2018 Angli-„tinter-

1348 2017 1416 2046 alios
1434 2015 1626 2045 vicecomites
1642 2017 1675 2046 &
1689 2025 1752 2046 ante
1764 2025 1865 2046 omnes
1887 2014 2011 2046 Barones
2026 2039 2035 2053 ,
2055 2024 2086 2046 ut
2103 2019 2326 2048 Vicecomitems
2355 2018 2415 2049 Al-

1351 2055 1436 2091 bani,-
1458 2053 1588 2085 Necnon
1604 2053 1695 2084 dietus
1712 2053 1869 2094 Franciscus
1886 2055 1919 2085 &
1936 2053 2072 2085 Haeredes
2088 2054 2129 2084 sui
2145 2055 2264 2086 Masculi
2282 2058 2414 2095 praedicsti

1350 2094 1488 2131 gaudeant
1513 2094 1546 2123 ὃς
1571 2101 1683 2123 utantur
1696 2113 1705 2129 ‚
1731 2093 1763 2123 δε
1784 2102 1885 2123 eorum
1908 2092 2028 2130 quilibet
2048 2092 2166 2132 gaudeat
2186 2094 2218 2124 &
2234 2103 2343 2132 utatur,
2363 2106 2415 2133 per

1350 2132 1474 2174 Nomen
1491 2134 1659 2160 Vicecomitis
1673 2132 1769 2161 Sancti
1790 2131 1915 2169 Albani,
1932 2132 2068 2162 omnibus
2087 2132 2120 2162 &
2136 2131 2247 2170 singulis
2262 2133 2416 2166 Libertati-

1349 2170 1521 2212 busJuribus
1532 2169 1686 2207 privilegiis
1703 2169 1948 2202 Praehfflninentiis
1961 2171 1995 2202 &
2009 2169 2241 2202 Immunitatibus
2261 2172 2350 2202 Statui
2364 2173 2417 2204 Vi·-

1348 2218 1499 2240 cecomitis
1520 2210 1547 2238 in
1566 2210 1700 2238 omnibus
1719 2209 1772 2239 rite
1792 2210 1825 2240 &
1848 2207 1883 2238 de
1901 2208 1967 2246 jure
1990 2209 2193 2247 pertinentibus
2206 2210 2307 2248 quibus
2321 2213 2418 2243 caeteri

1350 2248 1547 2278 Vicecomites
1568 2247 1637 2277 dicti
1658 2246 1758 2284 Regni
1775 2246 1864 2277 nostri
1881 2247 1997 2284 Angliae
2011 2256 2078 2277 ante
2095 2247 2160 2278 haec
2172 2256 2303 2286 tempora
2315 2250 2417 2282 melius

1348 2286 1495 2318 decentius
1508 2285 1744 2317 honorificentius
1759 2286 1792 2317 &
1806 2285 1926 2325 quietius
1939 2285 1977 2316 uli
1990 2286 2053 2317 sunt
2067 2287 2100 2318 &
2113 2286 2198 2324 gavifi
2207 2309 2217 2326 ,
2235 2287 2282 2319 seu
2297 2289 2327 2319 in
2342 2298 2417 2328 prae-

1349 2327 1418 2356 senti
1429 2324 1567 2364 gaudeant
1583 2326 1616 2355 &
1631 2333 1758 2355 utantur:

1385 2364 1423 2395 Et
1447 2365 1511 2406 quia
1535 2363 1678 2394 crescente
1700 2361 1796 2394 Status
1815 2363 1848 2394 δε
1871 2362 2025 2402 Dignitatis
2047 2363 2248 2404 Celfitudine,
2266 2366 2415 2398 neceffarii

1349 2403 1477 2434 crescunt
1494 2402 1632 2440 Sumptus
1647 2402 1681 2432 &
1698 2401 1794 2431 Onera
1807 2402 1976 2441 grandiora,

1383 2441 1422 2472 Et
1446 2450 1477 2484 ut
1499 2441 1575 2471 idem
1599 2439 1755 2479 Franciscus
1777 2441 1809 2471 &
1827 2439 1965 2472 Haeredes
1978 2441 2019 2472 sui
2034 2440 2157 2473 Masculi
2173 2442 2301 2480 praedieti
2317 2443 2417 2473 melius

1347 2479 1493 2510 decentius
1511 2479 1543 2509 δε
1560 2477 1797 2509 honorificentius
1811 2478 1923 2509 Statum
1934 2478 2090 2510 Honorem
2106 2481 2140 2511 &
2155 2479 2334 2520 Dignitatem
2344 2490 2417 2520 prae-

1348 2518 1425 2561 dicta
1440 2521 1595 2548 Vicecorm'ti
1614 2517 1711 2558 Sanc‘li
1732 2516 1844 2547 Albam·
1858 2539 1867 2555 ,
1891 2526 1924 2548 ac
1941 2517 2036 2549 Onera
2051 2540 2060 2556 ‚
2075 2518 2125 2556 ipsi
2141 2518 2280 2557 Francifim
2295 2519 2329 2550 &
2341 2519 2416 2551 Hae-

1349 2556 1460 2587 redibus
1478 2557 1529 2587 suis
1554 2555 1689 2586 Masculis
1710 2555 1850 2592 praedietis
1871 2556 2067 2587 incumbentia
2091 2566 2273 2588 manutenere
2291 2559 2324 2589 &
2350 2558 2416 2596 sup-

1349 2603 1460 2632 portare
1475 2595 1588 2625 valeant
1602 2595 1635 2624 &
1651 2603 1753 2624 eorum
1769 2594 1889 2632 quilibet
1905 2593 2011 2631 valeat;
2029 2593 2119 2633 Ideo,
2138 2594 2175 2625 de
2191 2595 2315 2627 uberiori
2349 2597 2416 2627 tatia

1350 2631 1445 2663 nostra
1462 2655 1472 2670 ‚
1496 2633 1624 2663 dedimus
1645 2632 1677 2662 &
1700 2632 1892 2662 concessimus
1909 2654 1920 2670 ,
1945 2642 1978 2662 ac
2000 2641 2050 2670 per
2065 2633 2231 2672 praesentes,
2249 2643 2304 2673 pro
2352 2635 2418 2666 obis

1352 2670 1524 2702 Haeredibus
1539 2673 1572 2703 ὅ(
1585 2670 1800 2701 Successoribus
1811 2670 1911 2700 nostris
1921 2692 1930 2708 ‚
1949 2671 2050 2701 damus
2070 2673 2104 2703 ἂ
2119 2673 2308 2704 concedimus
2321 2673 2418 2704 eidem

1351 2707 1491 2748 Franctsto
1507 2710 1540 2741 ὃ(
1566 2708 1737 2739 Haeredibus
1756 2708 1808 2740 suis
1829 2707 1966 2739 Masculis
1986 2708 2127 2748 praedietis
2145 2709 2276 2742 Feodum
2300 2711 2357 2743 sive
2369 2721 2420 2743 an-

1351 2749 1464 2778 nualem
1478 2746 1638 2778 Redditum
1656 2746 1804 2786 Tresdecim
1825 2746 1978 2776 Librarum
1993 2747 2049 2786 sex
2062 2747 2213 2779 Solidorum
2229 2748 2268 2784 &
2284 2751 2342 2780 oist'o
2359 2753 2420 2782 De-

1349 2791 1488 2817 nariorum
1505 2787 1598 2818 eidem
1616 2786 1758 2825 Francisco
1772 2787 1806 2817 &
1823 2784 1994 2816 Haeredibus
2010 2785 2060 2817 suis
2075 2786 2211 2818 Masculis
2230 2787 2249 2808 ²*
2269 2789 2420 2828 praedictis,

1352 2826 1389 2856 de
1409 2825 1537 2856 Exitibus
1560 2825 1594 2856 &
1615 2823 1754 2854 Proficuis
1766 2826 1798 2855 ὃ(
1819 2823 2047 2855 Reventionibus
2062 2833 2175 2864 magnae
2193 2827 2227 2858 &
2243 2836 2337 2864 parvae
2355 2827 2419 2859 Cu-

1353 2864 1456 2894 stumae
1472 2865 1505 2895 ἃ
1519 2863 1639 2894 Subsidii
1654 2861 1743 2892 nostri
1758 2862 1858 2893 Nobis
1871 2862 1997 2893 concesfi
2017 2862 2064 2893 seu
2085 2863 2174 2894 debiti
2187 2886 2198 2902 ,
2218 2865 2263 2895 seu
2279 2866 2421 2902 imposte-

1352 2904 1418 2933 rum
1442 2903 1541 2933 Nobis
1560 2901 1730 2932 Haeredibus
1749 2901 1783 2931 &
1800 2900 2015 2932 Successoribus
2033 2900 2139 2932 nostris
2160 2902 2341 2934 concedendi
2363 2905 2421 2937 sive

1353 2939 1476 2972 debendi
1489 2940 1681 2977 provenientis
1695 2938 1845 2970 crescentis
1861 2939 1918 2969 sive
1943 2941 2116 2976 emergentis
2139 2940 2210 2971 infra
2230 2941 2351 2974 Portum
2367 2942 2421 2975 Ci-

1353 2981 1446 3011 vitatis
1465 2978 1568 3009 nostrae
1592 2978 1774 3016 Londoniae,
1792 2988 1842 3015 per
1856 2977 1963 3008 Manus
1980 2977 2232 3010 Custumariorum
2248 2981 2304 3012 sive
2321 2980 2420 3014 Colle·

1353 3019 1468 3048 &orum
1490 3017 1655 3047 nostrorum
1679 3015 1837 3047 Haeredum
1856 3017 1890 3048 &
1913 3015 2118 3047 successorum
2134 3017 2298 3049 nostrorum
2314 3019 2422 3052 Custu-

1353 3067 1410 3087 mae
1433 3058 1467 3088 &
1491 3055 1611 3086 Subsidii
1631 3053 1720 3085 nostri
1736 3054 1896 3086 Haeredum
1916 3055 1950 3085 &
1967 3055 2169 3086 Succefforum
2186 3057 2351 3088 nostrorum
2367 3059 2421 3090 ibi-

1352 3095 1419 3125 dem
1435 3104 1487 3132 pro
1502 3103 1630 3130 tempore
1646 3092 1843 3131 existentium,
1859 3092 1895 3123 ad
1911 3091 1994 3125 Festa
2009 3093 2125 3126 Parchae
2139 3094 2277 3128 &Sanisti
2286 3095 2420 3130 Michae-

1353 3134 1387 3164 lis
1403 3132 1576 3170 Archangeli
1593 3141 1640 3169 per
1655 3141 1679 3162 ae
1702 3131 1774 3163 uales
1789 3131 1948 3163 Portiones.

1389 3171 1532 3202 Volumus
1549 3171 1651 3206 etiam,
1666 3140 1729 3204 (ξε.

1389 3209 1436 3240 Eo
1452 3208 1533 3247 quod
1548 3207 1671 3246 expressa
1686 3207 1813 3245 mentio,
1833 3206 1896 3238 &c.

1389 3285 1425 3316 In
1441 3285 1522 3324 cujus
1540 3285 1597 3323 rei,
1614 3281 1677 3320 &a

1768 3360 1830 3392 Hiis
1843 3360 1996 3401 Testibus,

1388 3437 1615 3470 Praechariffimo
1628 3439 1663 3470 &
1679 3437 1921 3476 praedileffiffimo
1940 3437 2014 3469 Filio
2028 3437 2144 3477 nostro,

1389 3477 1486 3507 Carolo
1502 3480 1626 3516 Principe
1642 3477 1769 3515 Walliae,

1389 3517 1437 3546 Ac
1452 3515 1616 3546 charissimis
1633 3515 1853 3553 consanguineis
1868 3516 1900 3546 &
1918 3513 2089 3544 Consiliariis
2101 3513 2217 3552 nostris,

1386 3557 1503 3584 Henrico
1519 3557 1676 3584 Vicecomite
1694 3552 1905 3590 Maundeville,
1924 3552 2115 3583 Thesaurario
2129 3551 2228 3582 nostro
2241 3551 2369 3593 Angliae,

1389 3593 1533 3622 Edwardo
1546 3596 1649 3622 comite
1665 3595 1833 3630 Wigorniae,
1853 3590 1984 3622 Custode
1999 3590 2104 3620 Privati
2117 3590 2207 3626 Sigilli
2223 3589 2329 3629 nostri,

1387 3634 1499 3668 Georgia
1513 3631 1673 3661 Marchione
1686 3632 1792 3667 Bucks,
1813 3630 1925 3668 Magno
1939 3628 2098 3659 Admirallo
2109 3626 2207 3658 nostro
2224 3629 2356 3669 Angliae,

1389 3669 1497 3708 Jacobo
1510 3669 1669 3699 Marchr'one
1682 3668 1828 3699 Hamilton
1838 3691 1848 3707 ,

1390 3706 1539 3737 Willielmo
1553 3711 1654 3737 Comite
1671 3707 1832 3744 Pembroke,
1850 3704 2014 3736 Camerario
2025 3702 2151 3742 Hospitii
2167 3703 2280 3744 nostri,

1386 3745 1490 3776 Thema
1502 3750 1603 3775 comite
1617 3745 1794 3776 Arundelliae
1810 3744 1847 3779 ό·
1862 3747 1978 3781 Surriae‚

1386 3785 1431 3814 Ac
1447 3786 1530 3814 etiam
1544 3784 1710 3815 charissimis
1725 3782 1947 3821 consanguineis
1961 3778 2077 3816 nostris,

1387 3822 1528 3861 Francisco
1540 3825 1641 3852 comite
1654 3822 1839 3859 Rotelandae‘ae,

1387 3860 1508 3900 Philippo
1523 3865 1626 3890 comite
1643 3864 1865 3898 Mountgomery,

1382 3899 1498 3929 Roberto
1515 3902 1616 3930 comite
1637 3899 1784 3938 [leicestriae
1794 3921 1804 3937 ,

1383 3937 1466 3975 Esme
1482 3941 1585 3966 comite
1603 3937 1721 3973 March,

1383 3976 1518 4014 Johanne
1534 3979 1636 4005 Comite
1651 3974 1804 4004 Holdernes
1813 3994 1823 4008 ,

1382 4013 1613 4052 Chariffimisque
1631 4009 1858 4050 consanguineis
1872 4008 1905 4041 δε
1919 4006 2090 4043 Consiliarii‘s
2100 4008 2238 4049 nostrin.
2333 4046 2376 4080 Th
2402 4050 2406 4054 .

2376 4057 2404 4079 o-

2436 2803 2455 2823 *
2470 2804 2557 2834 xvn,

2437 2842 2500 2872 281.
