2557 4279
3 350 6 365 l

6 4023 8 4026 ,
51 4034 105 4060 dor.

789 169 896 211 ET
980 165 1249 209 ACTA

65 265 138 297 Ann-
152 261 194 292 D-
212 273 241 296 as
252 263 289 294 he
303 261 368 294 ffiall
383 258 468 291 think
482 265 515 288 to
525 257 562 288 be
575 256 651 287 most
672 257 807 288 materiall
829 256 875 287 for
898 256 949 287 the
969 254 1142 297 concluding
1161 250 1197 281 of
1212 250 1260 280 het

85 302 168 339 1614.
213 303 284 334 laide
302 302 432 336 League,·
453 297 556 335 whoe,
583 296 652 326 after
673 295 740 326 such
765 295 916 334 Authority
936 302 1009 325 unto
1029 294 1109 330 him,
1128 299 1195 321 isto
1214 299 1260 318 re-

68 340 193 378 1²Jac-¹-
213 342 271 380 pair
289 339 308 359 ¹*
328 337 430 369 thither
448 346 476 367 as
490 335 565 365 from
581 333 625 364 Us
641 342 672 364 to
690 335 795 364 deliver
809 343 863 363 our
880 333 978 364 Desire
1002 336 1189 370 concernyng
1213 327 1261 357 the

3 377 5 384 '
63 379 171 405 ‘XVL
213 378 285 410 saide
299 377 406 412 Peace,
424 384 455 405 to
474 374 595 405 mediate
613 373 666 403 and
685 373 731 403 use
747 383 800 402 our
824 372 923 402 Name
948 371 1056 401 therein
1071 392 1080 407 ,
1097 368 1151 399 and
1172 376 1204 397 to
1221 365 1261 395 do

213 417 248 449 all
259 415 340 446 other
360 415 451 451 things
469 413 514 443 for
534 412 580 443 the
598 411 772 441 furtherance
791 410 826 441 of
836 411 885 441 the
903 411 975 440 same
990 432 999 446 ,
1026 409 1055 437 in
1079 418 1108 438 as
1132 406 1182 437 full
1204 403 1261 434 and

211 454 304 491 ample
325 461 441 482 manner
455 461 482 480 as
495 460 547 480 our
564 449 618 479 said
639 449 825 480 Ambaffidor
840 449 931 487 might
947 448 1003 478 doe
1017 447 1043 476 if
1056 447 1086 476 in
1105 444 1207 475 Person
1223 443 1261 485 he

210 501 286 524 were
302 492 380 522 there
406 488 540 526 himself,
564 488 619 518 and
645 487 819 519 whatsoever
850 497 904 518 our
928 487 982 516 said
1004 483 1190 515 Ambassador
1215 484 1261 511 ior

208 530 262 561 and
277 537 461 569 concernyng
473 528 521 557 the
537 526 700 565 Premiffes‚
719 536 754 556 or
771 525 860 555 either
871 525 908 554 of
918 525 996 554 them
1011 546 1021 560 ,
1046 522 1119 565 shall
1134 521 1189 551 doe
1204 518 1260 550 and

207 567 349 599 conclude
366 569 393 597 in
407 576 459 597 our
473 566 599 602 behalfe,
618 564 711 601 Wee,
727 565 756 594 in
778 563 827 593 the
850 562 964 594 Worde
986 562 1023 592 of
1040 571 1056 592 a
1083 559 1177 599 King,
1203 558 1259 588 doe

207 605 327 644 promise
341 614 373 636 to
385 613 511 643 approve
524 602 610 635 rarifie
621 603 675 633 and
690 601 841 633 confirme.

242 643 276 675 In
289 645 387 676 witnes
403 642 549 681 whereof,
566 641 626 676 &aa
670 658 672 661 -

62 419 122 454 769.

239 719 338 764 Dated
352 728 378 750 at
393 730 445 750 our
464 718 570 749 panace
585 717 624 747 of
636 716 761 755 VVestmin
785 726 814 761 er
828 716 878 746 the
891 714 1050 761 eightenthe
1078 713 1143 753 Day
1159 714 1196 743 of
1205 709 1258 751 Ju-

208 756 673 836 fieefaffijffilglssessvggsstffggsssss
684 763 868 827 ‘igvenffii’lssi
877 752 1067 824 fssltffissfffland
1088 752 1194 784 ¹³³⁰oe
1203 749 1259 781 “nd

828 871 883 899 Per
897 868 981 908 ipst'em
995 872 1099 907 Regem.

936 944 1152 978 Cant-:wa

201 1079 294 1122 Super
310 1075 512 1108 Matrimonia
530 1079 606 1108 inter
624 1076 766 1109 Carolnm
784 1077 949 1119 Principem
977 1068 1020 1111 ὀὶ
1053 1068 1255 1113 Christianam

349 1125 463 1155 Piliam
473 1123 637 1170 secundam
658 1127 744 1171 Regis
773 1126 902 1156 Francia
931 1118 1098 1153 traHando.

139 1237 142 1239 ,
201 1206 366 1271 JAcobm,
383 1207 442 1239 Dei
461 1207 576 1246 Gratia,
597 1212 713 1246 Magnae
735 1209 894 1239 Britanniae
911 1208 1031 1237 Franciae
1061 1202 1099 1240 ὠ
1118 1203 1258 1247 Hiberniae

54 1239 122 1272 Arm
140 1236 182 1267 D·
208 1282 211 1283 ⁷
257 1248 318 1276 Rex
336 1246 415 1277 Fidei
433 1246 590 1286 Defensor,
609 1249 669 1279 ἃς.
688 1248 824 1278 omnibus
838 1247 872 1277 ad
886 1255 957 1285 quos
981 1242 1128 1283 praesentes
1150 1240 1252 1273 Literae

73 1278 158 1313 1614.
200 1284 399 1324 pervenerint,
415 1284 552 1316 Salutem.

52 1322 106 1346 Rot.
240 1322 322 1353 Cum
338 1333 443 1361 nuper,
462 1324 535 1354 inter
550 1326 610 1355 Nos
623 1325 655 1356 δε
671 1324 881 1355 Sereniffimam
898 1320 1029 1358 Reginam
1054 1331 1086 1349 ac
1110 1322 1255 1356 Regentem

51 1354 164 1384 vuelat-
202 1363 232 1391 in
250 1364 365 1391 Francia
384 1362 593 1400 chariffirnam‚
609 1364 642 1393 ad
657 1362 763 1394 Pacem
790 1361 1014 1398 Amicitiamque
1038 1360 1107 1389 inter
1130 1358 1256 1395 Populos

57 1391 183 1430 ¹2J“⁶·¹·
205 1399 386 1431 Christianos
398 1401 627 1438 conjunctiorem
644 1403 676 1433 &
690 1398 849 1432 firmiorem
862 1422 872 1438 ,
897 1400 981 1437 quam
1003 1396 1162 1436 antegressis
1183 1405 1257 1427 tcm-

51 1442 85 1459 m.
108 1440 147 1465 ¹9·
205 1439 318 1475 poribus
333 1438 432 1477 fuerit,
451 1439 628 1469 sanciendam
642 1440 675 1471 ὃς
702 1437 895 1470 stabiliendam
910 1462 919 1474 ,
946 1436 1093 1474 Cogitatio
1112 1436 1144 1466 ὃ(
1168 1433 1257 1465 Ratio

204 1477 295 1507 habita
311 1476 410 1515 fuerit,
429 1477 542 1507 tandem
558 1479 767 1509 concordatum
780 1479 869 1508 extitit
885 1476 912 1506 id
929 1473 1004 1505 nulla
1029 1472 1152 1504 Ratione
1174 1483 1259 1504 com-

202 1515 318 1546 modius
331 1514 408 1545 effici
422 1516 518 1553 posse,
534 1518 621 1554 quam
636 1517 674 1555 fi,
695 1526 743 1552 per
762 1515 939 1555 Coniugium
959 1515 1049 1550 inter,
1067 1511 1256 1542 Praechariffi-

202 1562 285 1583 mum
299 1554 401 1584 Filium
416 1560 449 1584 ac
466 1553 621 1584 l-laeredem
643 1554 791 1592 nostrum,
820 1552 945 1584 Carolum
968 1553 1116 1588 Principem
1140 1552 1256 1587 Magnae

201 1593 374 1628 Britanniae,
393 1592 452 1623 &c.
469 1590 518 1629 &,
541 1591 755 1623 Illustriffimarn
783 1590 997 1628 principissam,
1023 1588 1203 1656 Chrieianam
1215 1588 1256 1619 se·

202 1630 324 1659 condam
340 1629 436 1659 Filiam
454 1629 595 1667 Franciae,
614 1630 802 1662 Subditorum
824 1632 858 1662 &
875 1629 1055 1666 Populorum
1115 1628 1258 1657 icinorum

202 1667 304 1698 Animi
320 1668 448 1707 utrinque
465 1668 542 1699 arcto
558 1677 592 1699 ac
609 1667 770 1701 firmiffimo
786 1668 931 1700 Amicitiae
947 1665 1076 1698 Vinculo
1091 1665 1258 1704 colligaren-

200 1713 262 1737 tur·

237 1730 373 1783 dumque
389 1745 423 1776 ad
457 1744 569 1777 raedicsta
585 1744 756 1784 perficienda
770 1741 959 1783 Colloquium
982 1754 1016 1775 ac
1042 1741 1257 1776 Communica-

203 1784 246 1815 tio
262 1785 333 1814 inter
352 1783 429 1814 Mini
458 1794 502 1814 ros
525 1784 636 1815 nostros
653 1785 824 1823 jamdudum
848 1784 1056 1821 intercesserit,
1087 1792 1141 1813 nec
1163 1791 1259 1813 tamen

202 1821 386 1861 Propositum
402 1823 436 1853 ad
452 1824 606 1854 terminum
622 1833 641 1853 o
662 1833 753 1854 tatum
768 1824 942 1861 pervenerit,

243 1862 311 1892 Nos
327 1862 491 1900 cupientes,
507 1861 541 1892 ad
557 1860 615 1892 Dei
663 1862 845 1900 mnipotentis
862 1860 1009 1898 Laudem,
1028 1860 1060 1890 ὅ(
1079 1858 1193 1890 Bonum
1207 1869 1260 1898 pu-

204 1899 365 1936 blicum,ac
382 1909 496 1937 propter
510 1901 686 1937 praecipuum
701 1900 843 1931 Amorem
861 1909 948 1936 quem
964 1908 1027 1938 erga
1044 1899 1157 1929 Patrem
1173 1898 1259 1928 dietae

203 1934 396 1969 illustriffimae
416 1937 592 1975 Principiffae
608 1937 772 1977 Christianae
788 1940 937 1968 Henricum
961 1938 1119 1976 Quartum,
1135 1936 1260 1966 Fratrem

204 1977 335 2006 nostrum
347 1975 418 2006 dum
435 1977 462 2006 in
479 1977 550 2006 vivis
563 1985 619 2007 erat
642 1977 841 2007 charissimum
853 1998 863 2014 ,
887 1975 994 2013 semper
1018 1975 1168 2006 habuimus
1179 1998 1189 2012 ‚
1207 1985 1239 2005 ac
1250 1996 1260 2013 ,

205 2023 235 2045 ut
252 2015 378 2045 Dileciio
395 2015 426 2045 ὃς
441 2014 643 2046 Benevolentia
658 2017 686 2046 in
701 2015 809 2046 Sobole
820 2016 854 2046 &
872 2013 1035 2052 propagine
1053 2013 1146 2044 nostra
1163 2023 1262 2051 peren-

204 2054 248 2083 nis
265 2054 295 2084 &
314 2051 447 2083 constans
461 2051 571 2092 semper
586 2061 784 2092 permaneant,
802 2053 951 2092 negotium
967 2051 1027 2083 hoc
1041 2051 1074 2081 ad
1090 2051 1188 2085 Finem
1198 2061 1260 2089 per-

206 2091 310 2121 ducere
326 2091 546 2122 consentaneum
562 2092 619 2122 esse
633 2091 784 2131 duximus,
800 2092 920 2132 aliquem
942 2089 1067 2130 delegere
1093 2091 1140 2121 cui
1166 2098 1260 2121 totum

205 2129 264 2159 hoc
285 2129 451 2168 Negotium
467 2129 675 2161 mandaremus:
1221 2162 1223 2165 ,

244 2167 337 2204 Atque
352 2167 422 2198 hinc
440 2167 524 2204 Nos,
542 2168 577 2199 de
592 2167 667 2198 fideli
682 2167 820 2199 Industria
833 2169 867 2200 &
903 2166 1001 2198 rovida
1018 2166 1261 2205 Circumspet‘tio-

205 2215 259 2243 ne,
278 2206 384 2236 Diledti
400 2207 433 2236 &
454 2206 553 2236 Fidelis
569 2207 750 2237 Nobilislimi
763 2206 840 2243 Viri,
858 2208 886 2235 T
900 2217 965 2236 omae
980 2206 1119 2236 Edmonds
1143 2205 1262 2244 Militis,

206 2244 293 2274 nostri
315 2245 412 2283 Legati
429 2244 572 2275 Ordinarii
589 2244 662 2283 apud
676 2244 944 2275 Christianisfimum
968 2248 1065 2282 Regem
1089 2244 1260 2274 Lodovicum

205 2281 261 2319 ejus
278 2283 420 2313 Nominis
435 2283 683 2313 Tertiumdecimum
718 2282 872 2322 plurimum
887 2282 1082 2320 confidentes,
1101 2282 1189 2321 ipsum
1208 2293 1261 2313 no-

206 2320 295 2351 strum
312 2331 409 2351 verum
427 2322 459 2352 &
476 2322 664 2352 indubitatum
681 2307 923 2352 &ommissarium
941 2320 1099 2352 Oratorem
1123 2320 1263 2351 Procura-

206 2368 298 2390 torem
313 2361 345 2391 &
364 2359 562 2398 minutatum,
581 2360 614 2391 ad
630 2360 765 2398 praedifta
787 2360 908 2391 facimus
929 2359 1129 2391 constituimus
1150 2359 1265 2390 ordina·

207 2407 269 2428 mus
285 2399 316 2429 ὅ(
335 2397 502 2436 deputamus
512 2421 522 2437 ,
540 2400 572 2430 ὃς
585 2409 634 2437 per
651 2398 802 2429 Praesentes
817 2398 915 2428 damus
929 2398 1022 2429 eidem
1036 2398 1149 2437 plenam
1175 2397 1262 2429 Pote-

206 2435 307 2467 statem
322 2438 356 2467 &
373 2437 600 2468 Auethoritatern
618 2447 651 2467 ac
668 2436 842 2468 Mandatum
860 2436 991 2473 generale
1005 2437 1038 2467 &
1063 2435 1190 2475 speciale,
1204 2444 1264 2466 tam

205 2475 341 2505 Nomine
354 2475 454 2506 nostro
469 2475 558 2513 quam
579 2475 713 2506 Nomine
733 2476 820 2506 etiam
846 2473 1062 2505 Praechariffimi
1086 2474 1149 2504 Filii
1171 2474 1260 2504 nostri

203 2513 299 2543 Caroli
317 2516 447 2552 Principis
463 2517 578 2551 Magne
595 2515 768 2553 Britannia,
788 2514 849 2545 &c.
867 2523 936 2543 cum
949 2510 1189 2543 Christianissimo
1203 2516 1252 2542 Re·

201 2563 235 2590 ge
251 2555 417 2583 Francorum
433 2551 529 2583 Fratre
544 2554 576 2584 δε
594 2551 817 2591 Consanguineo
833 2550 931 2582 nostro
947 2551 1122 2582 Chariffimo
1137 2573 1146 2588 ,
1164 2551 1197 2580 &
1212 2551 1263 2580 Se-

204 2590 346 2621 reniffima
361 2591 495 2629 Principe
516 2591 647 2621 Domina
664 2593 763 2620 Maria
779 2594 884 2627 Regina
905 2601 938 2619 ac
953 2593 1070 2627 Regente
1084 2593 1112 2618 in
1135 2592 1263 2625 Francia,

207 2638 267 2659 tam
285 2629 467 2660 Nominibus
481 2630 532 2660 suis
548 2630 634 2666 quam
650 2628 786 2660 Nomine
799 2630 831 2660 &
852 2628 924 2658 Vice
940 2650 950 2665 ,
977 2627 1210 2657 Praechariffimae
1229 2629 1262 2657 ὃς

203 2666 398 2698 Illustriffimae
419 2666 611 2706 Principiffae,
633 2667 771 2697 Dominae
794 2666 955 2706 Christianae
981 2665 1148 2696 chariffimae
1173 2664 1261 2696 Soro-

206 2707 244 2736 ris
258 2707 286 2736 C
289 2705 489 2736 hristianiffimi
508 2705 600 2742 Regis
615 2707 647 2738 &
662 2705 741 2736 Filiae
757 2705 883 2736 Franciae
897 2705 1026 2735 secundae
1040 2705 1068 2734 in
1087 2705 1197 2734 minore
1208 2702 1263 2733 ΑΞἃ

206 2750 263 2774 tate
273 2745 332 2782 jam
347 2744 502 2782 existentis,
519 2753 678 2782 eorumque
694 2742 929 2775 Procuratoribus
946 2742 1096 2781 Deputatis
1118 2743 1151 2774 ὅ(
1172 2741 1206 2771 N
1210 2752 1262 2772 un-

208 2784 258 2813 ciis
271 2783 304 2813 ad
319 2783 379 2813 hoc
392 2782 576 2814 sufficientem
592 2783 803 2813 Authoritatem
827 2783 861 2813 <Sc
882 2780 1058 2812 potestatem
1077 2780 1262 2818 habentibus,

210 2821 440 2851 communicandi
455 2821 593 2852 tractandi
609 2820 819 2860 apponctuandi
836 2821 869 2851 ἃ
884 2820 1002 2851 finaliter
1017 2819 1208 2850 concludendi
1228 2819 1264 2849 de

209 2860 244 2889 &
260 2859 338 2896 super
354 2859 530 2898 sponsalibus
545 2869 594 2898 per
610 2860 696 2890 verba
711 2860 746 2890 de
760 2859 859 2890 futuro
869 2883 878 2895 .,
893 2869 926 2889 ac
941 2858 978 2888 de
994 2858 1186 2889 Matrimonio
1213 2867 1262 2895 per

209 2898 294 2927 verba
312 2898 348 2928 de
367 2897 493 2936 praesenti
503 2920 513 2935 ,
527 2899 598 2928 inter
613 2898 717 2935 dictos,
735 2896 990 2936 praechariffimum
1004 2897 1108 2928 Filium
1123 2896 1265 2934 nostrum,

209 2935 336 2965 Carolum
349 2938 500 2974 Principem
513 2939 626 2972 Magna
641 2938 818 2974 Britanniae‚
837 2937 869 2966 ὃς
888 2933 1047 2966 Dominam
1069 2934 1264 2973 Christianam,

210 2974 388 3010 temporibus
399 2974 542 3012 congruis,
558 2976 591 3004 ὃς
607 2982 690 3012 prout
709 2974 807 3005 melius
822 2973 930 3004 firmius
943 2974 1127 3004 commodius
1138 2973 1171 3004 δε
1190 2982 1262 3003 con-

211 3013 368 3043 venientius
381 3013 418 3043 de
427 3013 487 3050 jure
502 3012 558 3041 fieri
576 3013 697 3050 poterit,

250 3050 294 3079 Ac
310 3051 396 3080 etiam
409 3051 444 3080 de
459 3050 492 3079 &
506 3050 584 3088 super
601 3049 682 3079 Dote
698 3051 731 3081 &
746 3049 899 3087 Dotalitiis,
918 3059 951 3080 ac
969 3047 1134 3080 Donatione
1148 3058 1263 3088 propter

210 3087 334 3125 Nuptias
348 3088 404 3119 five
419 3087 574 3125 Jumfturfi,
601 3087 683 3118 causa
706 3088 869 3126 hujusmodi
895 3084 1097 3126 Matrimonii,
1125 3088 1263 3118 traetandi

210 3126 401 3158 conveniendi
416 3128 449 3158 &
466 3125 676 3163 concludendi,

248 3164 482 3203 Quantitatesque
493 3173 525 3194 ac
540 3163 727 3195 Pecuniarum
744 3163 894 3202 Summas,
912 3163 1099 3202 Tempusque
1120 3173 1153 3194 ac
1169 3163 1262 3194 Tem-

210 3212 296 3243 pora,
316 3203 413 3236 Locos
429 3203 537 3233 Modos
556 3202 673 3233 Formas
689 3202 883 3233 Conditiones
896 3202 1123 3233 Affecurationes
1138 3203 1171 3233 δί
1189 3202 1260 3233 Poe—

208 3248 274 3279 nas,
298 3252 353 3279 pro
374 3241 533 3279 hujusmodi
553 3240 633 3271 Dote
655 3240 798 3272 Dotalitiis
830 3241 863 3271 &
894 3240 1108 3272 Donationibus
1146 3250 1261 3278 propter

209 3282 226 3297 ⁴
246 3280 388 3320 Nuptias,
405 3279 523 3316 Nobis,
539 3287 572 3309 ac
588 3279 704 3317 praefato
722 3278 848 3317 Principi
865 3277 938 3308 Filio
966 3278 1065 3308 nostro
1088 3277 1260 3310 Haeredibus

207 3318 242 3349 &
256 3318 466 3350 Successoribus
480 3317 546 3355 suis,
566 3327 612 3354 per
625 3315 895 3348 Christianiffimum
909 3320 1004 3354 Regem
1021 3320 1185 3347 Francorum
1193 3317 1255 3347 Fra-

205 3365 279 3389 trem
293 3358 325 3388 &
340 3356 592 3396 consanguineum
606 3354 736 3386 nostrum
749 3355 961 3395 chariffimum,
980 3355 1114 3387 Haeredes
1135 3364 1183 3387 aut
1205 3356 1260 3387 As·

204 3397 328 3435 signatos
343 3396 422 3435 suos,
440 3394 604 3431 solvendas,
622 3393 773 3433 assignandi
786 3394 995 3434 appunfmandi
1013 3395 1046 3424 ὅ(
1063 3394 1221 3432 limitandi;

244 3435 289 3465 Ac
302 3434 413 3473 insuper
428 3442 480 3472 pro
497 3434 530 3464 &
549 3432 584 3462 de
598 3431 657 3462 aliis
669 3432 804 3463 omnibus
817 3434 850 3464 &
867 3433 979 3469 lingulis
993 3429 1135 3463 Praemissa
1150 3441 1196 3464 aut
1209 3442 1259 3463 eo-

205 3481 270 3504 rum
284 3473 401 3512 aliquod
417 3470 658 3503 concernentibus
671 3470 882 3509 appuntstuandi
899 3471 933 3501 &
949 3471 1151 3508 concludendi,
1169 3472 1203 3502 &
1219 3472 1261 3502 su-

204 3521 254 3549 per
267 3512 301 3542 iis
317 3512 420 3542 Litetas
435 3511 467 3541 &
485 3509 674 3540 Instrumenta
689 3508 876 3548 conficiendi,
893 3510 926 3540 ὃ(
943 3510 979 3539 ab
994 3510 1075 3540 altera
1100 3509 1185 3540 Parte
1208 3520 1257 3548 pe-

204 3549 285 3581 tendi
299 3549 523 3589 recipiendique,
542 3548 698 3585 omniaque
712 3547 782 3586 alia,
809 3557 874 3586 quae
895 3546 930 3577 ad
952 3546 1097 3578 Praemissa
1119 3548 1164 3579 vel
1185 3549 1264 3579 circa*

203 3589 303 3619 eadem
324 3589 428 3619 fuerint
442 3586 592 3618 necessaria
606 3585 652 3616 vel
668 3586 886 3624 quomodolibet
899 3594 1057 3624 oportuna,
1081 3586 1203 3616 faciendi
1223 3588 1257 3618 ὃς

204 3627 391 3667 expediendi,
407 3625 515 3658 etiamsi
534 3623 703 3656 Mandatum
719 3623 753 3655 ad
767 3624 829 3656 hoc
841 3624 930 3663 magis
946 3625 1054 3663 exigant
1068 3625 1203 3664 speciale,

55 3306 75 3326 ⁰
84 3307 167 3338 xvl.

54 3353 118 3381 770-

52 3753 71 3773 *
82 3755 168 3784 XVI.

49 3802 131 3873 Ktin.
146 3840 189 3873 D.
211 3836 267 3893 IT
279 3837 385 3869 alwaies
396 3837 467 3869 hath
481 3838 565 3875 been,
580 3835 635 3867 and
646 3836 667 3865 is
683 3843 736 3864 our
743 3833 857 3864 naturali
863 3831 922 3863 Dis
955 3833 1034 3865 fition
1046 3834 1101 3866 and
1109 3835 1157 3866 the
1163 3834 1259 3864 Tem-

310 3753 338 3779 *
362 3754 409 3786 De
427 3751 662 3786 proclamatione
676 3759 730 3795 pro
751 3745 976 3794 Apprehenfione
1000 3751 1154 3782 Greames.

80 3880 166 3918 1614.
256 3885 303 3914 pet
316 3877 351 3907 of
361 3887 412 3906 our
428 3876 665 3912 Governement,
680 3881 712 3904 to
726 3880 816 3911 purge
832 3881 886 3902 our
934 3874 1088 3913 omynions
1110 3874 1145 3903 of
1167 3873 1261 3903 Male-

50 3922 110 3947 ΡΜ.
126 3928 167 3947 12.
215 3911 334 3952 faetors,
352 3914 407 3945 and
423 3914 600 3945 nevertheles
612 3912 706 3943 drawe
720 3921 747 3940 as
762 3910 831 3941 little
845 3909 955 3940 Bloude
969 3921 998 3941 as
1012 3913 1085 3942 maie
1105 3913 1157 3942 bec
1175 3934 1185 3948 ‚
1205 3910 1259 3940 and

9 3983 15 3988 ,
32 3984 35 3987 ,
53 3956 120 3994 Jac.
147 3967 170 3985 ι.
214 3951 305 3981 rather
318 3960 349 3982 to
365 3961 497 3991 prevente
509 3952 649 3982 Offences
663 3951 731 3981 then
745 3957 776 3979 to
794 3947 876 3978 suffer
892 3948 974 3979 them
987 3958 1019 3979 to
1034 3960 1091 3987 goe
1106 3960 1145 3980 on
1159 3957 1190 3979 to
1210 3949 1259 3979 the

30 3989 34 3993 '
51 4001 73 4031 p.
91 4005 135 4029 24.
211 3988 305 4019 Hutte
327 3990 362 4019 of
372 3991 421 4020 the
435 3992 590 4021 innocente
609 3988 746 4027 subjeete
767 3987 821 4017 and
842 3987 891 4018 the
915 3986 989 4017 finali
1010 3987 1207 4019 Destruetions
1227 3987 1264 4016 of

209 4027 257 4058 the
281 4027 462 4058 Malefactors
480 4028 672 4066 themselves,
697 4025 869 4065 accordinge
891 4034 922 4054 to
944 4026 1045 4056 which
1079 4028 1200 4057 mixture
1225 4025 1263 4056 of

207 4063 367 4104 Clemency
381 4066 436 4095 and
452 4067 531 4104 good
546 4067 656 4106 Pollicy
672 4064 749 4097 Wee
763 4063 830 4102 did,
844 4066 873 4095 in
887 4063 937 4094 the
951 4062 1025 4095 firste
1042 4064 1132 4097 Yeare
1154 4063 1190 4093 of
1204 4073 1258 4093 our

257 4107 329 4135 Tem.
348 4105 375 4134 V
377 4106 419 4133 11.
435 4105 468 4133 P.
487 4107 530 4133 Π.
1139 4101 1261 4141 Raigne,

1333 164 1817 207 PUBLICA.
2285 181 2361 222 203

1295 247 1356 291 plns
1368 248 1522 287 effintielles
1533 258 1598 287 pour
1611 250 1747 281 conclurre
1761 257 1830 281 cette
1843 252 1934 288 Paix3
1949 255 1997 291 qui
2016 257 2104 290 ayant
2124 257 2193 282 cette
2206 252 2354 292 authorite',
2378 248 2453 280 ΑΠΠ-
2470 250 2513 281 DI

1300 287 1334 325 se
1359 287 1530 326 transporter
1555 300 1573 316 a
1601 287 1630 316 Ιᾶ
1655 300 1749 318 comme
1768 290 1801 318 de
1820 297 1897 318 notre
1912 297 1978 327 part
1993 298 2081 328 ,pour
2096 301 2116 329 y
2137 290 2258 320 declarer
2278 300 2354 321 notre
2395 289 2479 327 1614-

1303 324 1371 364 dzfir
1380 334 1435 364 par
1449 333 1558 367 rapport
1573 325 1591 354 ἃ
1606 325 1635 354 la
1650 329 1740 364 Paix,
1751 334 1819 364 pour
1833 326 1861 356 la
1876 331 2005 357 moienner
2029 328 2067 362 ῤ’
2086 339 2107 365 y
2128 328 2256 378 employer
2275 337 2353 359 notre
2377 327 2472 363 ¹2Jac-
2483 337 2507 355 ¹·

1303 373 1380 400 nom,
1398 362 1436 398 (ἐν
1445 363 1551 402 ysat're
1567 370 1655 392 toutes
1668 364 1705 393 les
1718 373 1809 394 autres
1821 364 1906 403 choses
1915 373 1981 402 pour
2002 364 2161 404 l'avancer‚
2187 367 2208 395 d
2221 377 2272 395 une
2293 378 2353 396 ma-

1303 405 1378 430 niere
1393 402 1459 440 anffi
1472 402 1587 444 e‘fendue
1621 413 1652 430 ue
1671 410 1748 431 notre
1763 404 1806 432 dit
1822 402 2020 441 Ambaffiza'eur
2028 408 2152 441 pourroit
2172 403 2197 433 le
2206 404 2285 444 faire
2295 416 2314 445 y
2328 406 2355 434 ί-

1301 446 1369 468 tant
1380 450 1412 469 en
1421 441 1572 479 personne,
1589 413 1628 473 Z*
1641 445 1701 469 tout
1716 451 1742 469 ce
1764 451 1813 479 que
1834 449 1911 470 notre
1931 441 2135 479 Ambaffizdeur
2154 443 2217 481 fera
2238 453 2270 472 ou
2293 453 2356 473 con·

1300 476 1393 507 clurra
1406 487 1461 517 par
1477 484 1587 516 rapport
1603 488 1660 507 aux
1679 478 1766 515 choses
1779 477 1905 517 festines,
1927 489 1959 507 ou
1980 479 2036 508 l'un
2058 482 2102 509 des
2125 481 2197 510 deux
2219 480 2251 510 de
2274 489 2354 510 notre

1293 523 1378 554 part,
1394 527 1460 545 nous
1476 522 1644 554 promettons
1652 513 1703 555 ficr
1717 516 1745 545 la
1757 516 1851 553 parole
1865 517 1897 545 de
1911 519 1978 554 Roi,
2004 517 2036 547 de
2052 517 2065 546 I
2068 520 2231 557 appmuwr,
2245 518 2352 558 ratifier

1299 550 1338 588 ἐφ’
1351 553 1498 594 confirmer.

1335 632 1382 660 En
1400 629 1440 667 foi
1457 632 1489 661 de
1508 633 1585 673 quoi,
1603 630 1665 662 ἃς.

1334 708 1462 748 Dgnne'a
1479 716 1556 738 notre
1572 707 1667 738 Palais
1683 707 1716 737 de
1731 704 1934 737 Westminster
1956 704 1979 734 le
2001 705 2193 738 dix-huitieme
2222 709 2254 739 de
2277 709 2352 748 Juira

1298 752 1332 773 en
1345 744 1375 773 la
1390 745 1528 776 douzieme
1543 748 1629 776 annefe
1653 746 1684 775 de
1703 753 1782 775 notre
1802 748 1891 781 Regne
1911 744 2110 781 d'Angleterre
2133 746 2164 775 de
2189 750 2290 777 France
2313 747 2351 782 ό.

1298 783 1319 812 d
1323 782 1464 824 ’lrlande,
1481 783 1520 821 ὠ
1537 785 1569 816 de
1581 784 1611 814 la
1622 791 1758 826 quarante
1770 782 1807 819 ὠ·
1818 782 1946 823 septieme
1962 782 1996 811 du
2012 786 2099 820 Regne
2112 784 2133 812 d
2138 785 2246 823 'Ecoffe.

1882 857 1937 889 Per
1955 857 2045 895 ipsum
2067 859 2196 897 Regem.

2113 932 2319 968 CARnw.

1333 1063 1552 1099 PromittenteS,
1570 1061 1647 1092 bona
1663 1061 1734 1091 Fide
1751 1060 1785 1091 &
1808 1061 1837 1090 in
1860 1058 1961 1089 Verbo
1984 1057 2104 1096 Regio,
2126 1057 2196 1088 Nos
2216 1065 2307 1088 totum
2326 1057 2354 1088 id

1295 1102 1373 1141 quod
1384 1111 1433 1140 per
1445 1101 1612 1142 praedictum
1627 1099 1753 1130 nostrum
1762 1099 1916 1128 Oratorem
1929 1098 1960 1127 &
1971 1096 2219 1134 Commiffarium,
2239 1097 2266 1125 in
2278 1096 2356 1126 Prae·

1299 1140 1386 1170 missis
1402 1142 1447 1171 seu
1466 1138 1680 1169 Praemifforum
1697 1138 1802 1174 altero,
1819 1137 1928 1179 faciunt
1943 1136 2044 1174 fuerit,
2069 1143 2160 1165 ratum
2184 1143 2297 1172 gratum
2320 1135 2354 1164 ὃς

1297 1178 1410 1209 firmum
1427 1179 1572 1209 habituros
1586 1177 1619 1207 &
1634 1175 1837 1213 satisfaeturos,
1854 1181 1972 1215 necnon
1990 1173 2057 1204 Nos
2070 1182 2217 1204 curaturos
2232 1181 2274 1209 ut,
2290 1181 2355 1209 quae

1297 1226 1331 1246 ex
1347 1225 1424 1255 parte
1438 1217 1501 1247 Filii
1526 1216 1614 1246 nostri
1636 1213 1851 1245 Praechariffimi
1873 1216 1962 1243 Caroli
1987 1211 2044 1243 fieri
2067 1220 2208 1243 conventa
2233 1211 2353 1248 fuerint,

1299 1256 1376 1286 bona
1390 1255 1443 1286 fide
1457 1266 1489 1286 ac
1505 1255 1599 1285 debite
1613 1254 1862 1291 perimplebuntur.

1332 1293 1365 1324 In
1383 1296 1461 1331 cujus
1478 1293 1534 1323 Rei
1546 1292 1766 1322 Testimonium
1781 1291 1836 1321 hiis
1855 1290 1955 1320 Literis
1972 1288 2074 1319 nostris
2094 1288 2186 1319 Manu
2207 1287 2303 1319 nostra
2319 1286 2353 1317 fi·

1296 1335 1405 1371 gnatis,
1422 1332 1551 1371 Sigillum
1570 1329 1700 1361 nostrum
1715 1330 1856 1369 Magnum
1873 1329 1978 1366 apponi
1992 1327 2119 1358 fecimus.
2165 1358 2169 1363 ,

1333 1408 1403 1440 Dat.
1423 1411 1440 1440 e
1456 1408 1564 1439 Palatio
1578 1407 1680 1438 nostro
1695 1405 1803 1444 Westm.
1826 1405 1941 1436 decimo
1962 1414 2043 1435 nono
2068 1404 2124 1435 Die
2141 1404 2238 1443 Junii‚
2264 1400 2355 1433 Anno

1297 1447 1421 1478 Domini
1438 1447 1588 1477 millesimo
1602 1446 1805 1477 sexcentelimo
1825 1443 2059 1482 quartodecimo,
2078 1442 2174 1482 Regni
2188 1441 2277 1472 nostri
2287 1439 2354 1472 Ma*-

1297 1495 1364 1526 gnae
1381 1485 1531 1517 Britanniae
1544 1485 1567 1516 F
1570 1486 1672 1516 ranciae
1686 1486 1718 1516 ὃ(
1734 1482 1883 1513 Hiberniae
1898 1482 2084 1512 duodecimo.

1932 1560 1986 1588 Per
2003 1557 2087 1597 ipsam
2103 1560 2210 1595 Regem,

2081 1633 2286 1665 CAREw.

1339 1699 1464 1738 ,δώ-

1378 1765 1594 1811 Acqnietantia
1608 1770 1661 1808 pro
1679 1766 1771 1795 tertia
1796 1765 1886 1795 Parte
1902 1762 1991 1793 Dotis
2011 1758 2184 1805 Principisse'e
2201 1757 2290 1790 Elia.

1297 1848 1365 1905 FR
1380 1858 1447 1881 tna
1461 1859 1547 1887 arc,
1566 1858 1613 1886 par
1626 1847 1651 1879 la
1666 1847 1764 1879 Gracc
1779 1847 1816 1877 de
1834 1846 1926 1883 Dieu,
1945 1848 2037 1874 Comte
2059 1843 2176 1873 Palatia
2198 1843 2233 1872 du
2261 1840 2334 1872 Rhin
2347 1866 2355 1879 ‚
2377 1856 2453 1888 Ano·
2469 1856 2511 1889 Β.

1356 1888 1462 1919 Prince
1479 1888 1614 1919 ElecTteur
1633 1888 1671 1917 du
1689 1886 1791 1916 Saine't
1808 1885 1938 1924 Empire,
1958 1884 2026 1915 Duc
2049 1882 2084 1913 de
2112 1881 2242 1918 Baviere,
2261 1883 2321 1914 &c.
2341 1890 2356 1911 a
2400 1898 2486 1934 1614.

1298 1936 1362 1958 tous
1374 1937 1445 1959 ceux
1459 1929 1506 1966 qui
1523 1934 1636 1957 verront
1650 1935 1697 1955 ces
1706 1924 1863 1961 Presentes,
1877 1923 1964 1954 Salut.
2088 1956 2091 1958 ,
2382 1940 2417 1962 Ex
2432 1941 2458 1963 A
2459 1946 2492 1963 u-

1336 1965 1464 1997 Comme
1481 1965 1547 1995 ains1
1561 1964 1613 1994 soit
1630 1964 1698 2002 qu'il
1713 1972 1757 2002 ayt
1771 1963 1833 2000 pleu
1848 1973 1881 1992 au
1898 1964 1952 1999 Roy
1971 1960 2003 1989 de
2018 1958 2047 1987 la
2069 1958 2182 1988 Grande
2203 1960 2356 2002 Bretaigne
2380 1982 2445 2011 mgr·

1300 2004 1393 2035 nostre
1403 2004 1591 2035 Trelhonore
1599 2002 1669 2032 Pere
1687 2001 1828 2032 consentit
1845 2002 1877 2032 &
1894 2007 2049 2035 promettre
2063 2008 2077 2027 a
2095 1997 2228 2027 Madame
2243 1996 2265 2025 la
2277 1995 2358 2025 Prin*

1300 2043 1374 2074 essee
1390 2043 1414 2073 sa
1435 2043 1504 2073 Fille
1528 2041 1623 2072 nostre
1646 2040 1805 2071 Treschere
1827 2038 1954 2077 Conferte
1978 2045 2050 2074 pour
2068 2036 2090 2065 la
2109 2035 2188 2065 D0te
2204 2034 2322 2072 ‹i'iceile,
2332 2034 2358 2065 la

1300 2082 1423 2113 Somme
1438 2081 1473 2111 de
1488 2081 1642 2119 Quarante
1665 2078 1724 2108 Mil
1741 2081 1845 2108 Livrer
1868 2075 1998 2111 sterlings
2013 2098 2022 2112 ‚
2051 2074 2177 2113 payables
2203 2080 2239 2102 en
2261 2077 2358 2110 quatre

1299 2129 1403 2151 termes
1417 2120 1532 2158 egaulx‚
1550 2118 1614 2148 ainsi
1630 2117 1696 2157 qu'il
1713 2117 1752 2146 est
1769 2118 1829 2155 plus
1844 2115 2019 2152 :implement
2035 2121 2114 2148 porte
2129 2122 2175 2149 par
2192 2111 2227 2141 les
2249 2111 2360 2141 Lettres

1299 2161 1331 2190 &
1352 2158 1434 2189 paors
1447 2158 1552 2188 dotauit
1564 2158 1608 2186 sur
1621 2165 1656 2186 ce
1671 2155 1785 2194 paffez,
1802 2157 1835 2186 δε
1855 2164 1909 2192 que
1926 2156 2132 2190 prelentement
2141 2150 2228 2180 Nous
2242 2159 2329 2188 ayons
2343 2158 2360 2180 a

1300 2208 1335 2228 en
1351 2198 1480 2264 recechir
1496 2197 1521 2226 le
1535 2194 1664 2235 troifieme
1678 2197 1788 2232 Terme,
1806 2192 1903 2223 faisant
1920 2192 1943 2221 la
1957 2190 2078 2220 Somme
2094 2188 2128 2219 de
2152 2191 2213 2218 Dix
2233 2187 2293 2217 Mil
2308 2189 2358 2216 Li-

1300 2246 1365 2266 vres
1379 2240 1440 2265 Ster
1453 2239 1480 2264 i77
1498 2246 1519 2263 5.
1979 2261 1983 2264 ,

1338 2274 1455 2305 Scavoir
1469 2246 1567 2304 fgisons
1582 2281 1636 2308 que
1658 2276 1730 2308 pour
1745 2268 1770 2301 la
1792 2271 1891 2300 bonne
1910 2266 2060 2298 confiance
2083 2274 2139 2303 que
2161 2262 2251 2295 Nous
2271 2275 2360 2295 avons

1300 2314 1335 2344 de
1348 2313 1371 2343 la
1389 2312 1527 2350 Capacite
1545 2314 1577 2342 &
1593 2309 1708 2340 Fidelite
1722 2308 1758 2339 de
1771 2311 1845 2337 Sieur
1864 2302 1974 2336 Roland
1983 2308 2097 2345 Sjwertz
2112 2304 2145 2333 de
2164 2303 2263 2333 Werd
2275 2303 2359 2346 Doc-¹

1300 2361 1363 2383 teur
1380 2362 1410 2381 es
1429 2352 1521 2387 Loix‚
1538 2349 1698 2379 demeurant
1713 2357 1728 2377 a
1745 2347 1771 2378 la
1785 2349 1883 2386 Haye,
1895 2353 1977 2385 ayant
1991 2344 2104 2382 Charge
2119 2343 2155 2371 de
2172 2351 2225 2371 nos
2241 2341 2360 2371 Aflaires

1299 2401 1334 2421 en
1352 2389 1504 2426 Holande,
1519 2387 1605 2418 Nous
1618 2388 1662 2425 luy
1676 2394 1764 2416 avons
1778 2384 1874 2414 donne
1885 2405 1894 2420 ‚
1916 2384 1949 2414 &
1977 2392 2025 2420 par
2050 2391 2097 2411 ces
2115 2378 2261 2424 ¹Presentes
2283 2379 2359 2410 don-

1301 2439 1391 2466 nons,
1410 2428 1484 2463 plein
1501 2427 1608 2456 Povoir
1623 2423 1817 2455 Commiffion
1833 2423 1865 2453 ὃ(
1892 2420 2083 2451 Mandement
2106 2419 2205 2457 ipecial
2227 2418 2262 2448 de
2281 2428 2359 2448 rece-

1301 2469 1379 2502 voir,
1398 2467 1434 2496 de
1447 2474 1528 2495 notre
1545 2473 1623 2502 part,
1642 2463 1679 2494 les
1692 2464 1746 2492 dits
1761 2465 1821 2491 Dix
1838 2458 1895 2490 Mil
1908 2462 2013 2489 Livres
2027 2456 2175 2500 Sterlingef
2190 2465 2262 2495 pour
2279 2457 2301 2486 la
2316 2456 2358 2487 dit

1299 2504 1429 2546 troisteme
1442 2507 1550 2540 Terme,
1569 2503 1617 2532 des
1635 2502 1725 2532 mains
1739 2501 1774 2531 de
1790 2498 1870 2538 celuy
1885 2508 1923 2528 ou
1940 2505 2012 2527 ceux
2026 2496 2093 2534 qu'tl
2116 2496 2197 2533 plaira
2217 2504 2232 2525 a
2247 2495 2272 2525 sa
2294 2498 2356 2524 Mae

1293 2543 1361 2582 Jeste
1374 2550 1546 2573 commettre
1559 2551 1598 2571 ou
1614 2539 1760 2570 ordonner
1783 2547 1856 2576 pour
1877 2546 1914 2566 en
1940 2536 2006 2566 faire
2033 2535 2059 2566 le
2080 2534 2248 2575 Paycment‚
2270 2534 2302 2563 &
2322 2534 2359 2564 de

1301 2582 1419 2611 Fournir
1433 2592 1447 2610 a
1463 2580 1554 2618 iceluy
1577 2589 1616 2608 ou
1639 2579 1722 2608 iceux
1748 2576 1842 2606 nostre
1867 2574 2042 2612 Quittance,
2059 2573 2085 2602 la
2108 2572 2180 2615 quell
2206 2581 2277 2608 pour
2297 2570 2356 2602 cest

1298 2620 1384 2649 effect
1401 2619 1487 2649 Nous
1504 2619 1550 2655 luy
1565 2626 1726 2654 envoyons‚
1746 2616 1778 2646 &
1796 2624 1812 2645 a
1832 2614 1857 2644 la
1876 2612 1966 2650 quelle
1985 2612 2002 2641 il
2019 2620 2121 2649 pourra
2137 2610 2222 2648 iorndi
2233 2619 2249 2641 e
2262 2610 2356 2640 ficer-

1298 2659 1435 2688 tification
1450 2658 1557 2688 d'avoir
1573 2665 1656 2685 receu
1672 2654 1698 2684 le
1712 2654 1752 2683 dit
1767 2652 1935 2692 Payement.
2278 2688 2282 2692 ι

1336 2695 1372 2727 Et
1389 2706 1462 2740 pour
1476 2696 1536 2734 plus
1550 2694 1640 2724 ferme
1656 2691 1868 2730 Tesmoignage
1885 2688 1921 2720 de
1943 2687 2019 2719 ceste
2042 2688 2136 2718 sienne
2162 2685 2359 2718 Commiffion

1300 2736 1333 2766 &
1350 2734 1495 2771 Pouvotr,
1516 2732 1602 2763 Nous
1622 2738 1712 2761 avons
1735 2729 1851 2767 Signees
1875 2736 1921 2757 ces
1945 2727 2016 2757 dites
2039 2725 2181 2756 Presentes
2207 2726 2241 2768 de
2265 2725 2359 2768 nostre

1298 2783 1400 2813 propre
1414 2773 1518 2810 Main,
1535 2772 1568 2801 &
1584 2780 1600 2800 a
1619 2769 1712 2800 icelles
1728 2768 1775 2798 fait
1790 2766 1935 2804 appliquer
1955 2763 2050 2794 nostre
2065 2763 2137 2794 Seau
2161 2763 2318 2794 Ordinaire.

1336 2847 1397 2880 Fait
1408 2858 1423 2881 a
1436 2847 1595 2885 Heidelberg
1609 2846 1634 2877 le
1651 2845 1777 2877 dixieme
1793 2842 1829 2875 de
1842 2840 1938 2882 Juilet‚
1958 2840 2026 2871 l'An
2042 2839 2078 2870 de
2096 2839 2192 2871 Gracc
2206 2840 2277 2871 seize
2294 2847 2360 2871 cens

1300 2890 1333 2922 ὃς
1348 2897 1490 2928 quatorze-
1829 2917 1998 2949 Famamc
2017 2916 2051 2948 Ε.
2072 2915 2105 2947 P·

1334 3003 1370 3043 Je
1384 3002 1532 3041 soubsigne
1549 2998 1677 3030 confesse
1691 2996 1770 3039 avoir
1785 3003 1887 3034 recen,
1904 3004 1940 3040 en
1963 3001 2042 3024 vertu
2064 2993 2099 3023 de
2122 2992 2145 3022 la
2166 2990 2358 3038 Procuration

1298 3037 1702 3110 {lifsssiffiffffiitaffi}
1713 3030 2291 3110 3222&AE{mlifrssssi'afiflsslsfflffi
2306 3034 2355 3098 ἷζε

1298 3120 1389 3149 Sieurs
1405 3121 1497 3148 Pietro
1512 3120 1572 3146 Van
1587 3118 1658 3145 Loor
1674 3115 1707 3145 ὃ(
1723 3110 1844 3151 ΡΙιιιΙφρε
1857 3108 2034 3141 Burlamachz‘
2051 3107 2223 3138 Marchands
2237 3107 2354 3136 demetra

1297 3168 1360 3188 rans
1374 3167 1389 3187 a
1406 3157 1548 3192 Londres,
1566 3155 1590 3185 la
1606 3153 1727 3183 Somme
1745 3150 1780 3180 de
1795 3154 1864 3180 Cent
1882 3148 1962 3179 Mille
1976 3147 2083 3177 Florins
2101 3146 2230 3183 Monoye
2247 3145 2353 3174 d'l-lol-

1296 3195 1395 3233 lande,
1413 3206 1428 3226 a
1443 3196 1478 3224 xl.
1497 3194 1576 3223 Gros
1596 3192 1622 3223 le
1647 3190 1742 3221 Florin
1759 3211 1768 3226 ,
1792 3189 1825 3219 ὃς
1850 3198 1884 3219 ce
1910 3197 1980 3225 pour
2002 3186 2038 3215 les
2060 3188 2120 3228 Drx
2144 3184 2223 3214 Mille
2248 3186 2352 3227 Livres

1294 3232 1411 3265 Sterlins
1429 3234 1594 3263 mentionez
1609 3241 1644 3260 en
1661 3229 1800 3266 Procure,
1818 3235 1874 3264 que
1890 3229 1916 3256 S.
1936 3223 2042 3263 Alteffe
2056 3223 2135 3252 doibt
2154 3231 2299 3259 recepvort
2314 3220 2350 3252 de

1294 3276 1319 3304 sa
1334 3272 1450 3311 Majesh·
1466 3270 1540 3300 dela
1554 3268 1666 3299 Grande
1684 3268 1829 3303 Bretaigne
1843 3274 1913 3304 pour
1933 3264 1956 3293 la
1979 3261 2117 3302 Troifieme
2139 3261 2199 3290 Part
2223 3261 2269 3290 des
2290 3259 2351 3303 De·

1295 3314 1367 3343 niers
1386 3308 1513 3341 Dotaulx
1523 3331 1532 3348 ,
1552 3310 1602 3346 qui
1620 3307 1690 3338 celle
1705 3315 1719 3335 a
1736 3305 1842 3342 promis
1857 3303 1891 3332 de
1905 3310 1988 3344 payer
2003 3310 2070 3342 avec
2089 3299 2222 3330 Minae
2237 3299 2258 3327 la
2270 3297 2349 3327 Prin-

1294 3351 1370 3382 cesse
1387 3350 1413 3380 sa
1431 3349 1518 3387 Fille,
1536 3357 1583 3376 me
1597 3352 1692 3377 tenant
1706 3354 1720 3373 a
1742 3342 1813 3379 plain
1837 3341 1961 3370 satisfaiet
1984 3339 2029 3382 du.
2046 3338 2104 3368 dice
2128 3337 2298 3379 Payement,
2315 3345 2352 3365 en

1293 3391 1402 3430 quitans
1418 3398 1465 3428 par
1481 3386 1557 3418 ceste
1571 3386 1609 3416 les
1622 3384 1675 3415 dits
1691 3379 1861 3412 Marchands
1871 3401 1880 3417 ,
1899 3386 1936 3408 ou
1951 3387 1966 3408 a
1983 3385 2030 3415 qui
2046 3376 2132 3406 aultre
2148 3383 2262 3411 poutoit
2276 3383 2349 3404 con⁴

1294 3437 1468 3504 ceffttirhgne
1482 3464 1516 3495 de
1531 3463 1619 3492 verite
1633 3460 1683 3499 j‘ay
1701 3457 1801 3495 escript
1817 3455 1841 3486 la
1857 3455 1981 3495 presente
1994 3453 2029 3484 de
2054 3462 2100 3483 ma
2121 3452 2205 3483 Main
2228 3459 2346 3490 propre,

1293 3507 1326 3537 &
1343 3505 1418 3543 signe
1432 3513 1499 3534 avec
1513 3511 1584 3531 mon
1598 3498 1708 3538 Signet.
2115 3529 2120 3534 ι

1331 3543 1391 3574 Fait
1405 3550 1440 3572 en
1458 3538 1634 3578 Amsterdam
1648 3537 1674 3566 le
1691 3545 1723 3566 2.
1735 3533 1772 3564 de
1789 3531 1955 3569 Septembre
1976 3530 2060 3567 1614.
2079 3528 2152 3560 Stilo
2175 3538 2264 3560 novo.

1763 3610 1850 3641 Rot..
1865 3608 2009 3639 Swmwz
2025 3604 2168 3637 anrs.

1446 3738 1672 3776 Proclamation
1699 3747 1779 3783 pour
1800 3734 1827 3768 se
1849 3730 1930 3766 saisn·
1952 3730 2004 3766 des
2028 3732 2186 3766 Greames.

1339 3831 1428 3860 “Otre
1444 3828 1556 3858 humeur
1568 3820 1702 3854 naturelle
1716 3820 1754 3856 &⁴
1767 3819 1796 3850 la
1811 3817 1961 3858 disposition
1975 3818 2008 3848 de
2022 3825 2101 3848 notre
2123 3820 2341 3848 Gouvernement

1295 3835 1351 3885 N
1373 3881 1390 3898 a
1407 3876 1526 3906 toujourr
1542 3865 1584 3893 e‘te
1600 3859 1638 3896 r&
1653 3860 1689 3899 efl·
1705 3869 1809 3893 encore,
1830 3859 1861 3887 de
1870 3867 1968 3897 purger
1984 3864 2062 3886 notre
2078 3860 2212 3895 Royaume
2227 3857 2258 3885 de
2274 3860 2338 3886 Bri-

1292 3909 1380 3946 gands
1415 3905 1452 3940 (ὃν
1468 3906 1499 3934 de
1514 3901 1644 3940 repandre
1659 3899 1820 3928 n<5ann10inr
1836 3896 1902 3935 aujfi
1909 3905 1962 3934 peu
1974 3894 2006 3924 de
2029 3898 2103 3932 Sang
2125 3895 2191 3935 qtiil
2207 3894 2242 3933 est
2262 3893 2339 3934 poffi-

1293 3947 1336 3976 hle
1370 3929 1407 3980 (3¹
1423 3944 1454 3974 de
1465 3943 1599 3982 pre‘venir
1607 3937 1699 3978 plauit
1716 3935 1753 3965 les
1768 3940 1871 3972 crimes,
1884 3945 1933 3974 que
1947 3934 1978 3962 de
1988 3940 2136 3980 permeare
2151 3933 2230 3972 qu‘ifr
2238 3945 2257 3972 y
2278 3943 2338 3962 con-

1295 3970 1405 4015 tim’sent
1419 3994 1454 4012 au
1469 3982 1604 4015 dommage
1621 3978 1665 4006 des
1680 3975 1769 4011 Sujets
1781 3978 1907 4003 innocens
1922 3970 1958 4005 &
1983 3983 2001 4000 a
2025 3969 2053 4001 la
2075 3970 2236 4010 destrumon
2252 3969 2340 4011 finale

1293 4026 1337 4054 des
1352 4019 1484 4052 criminels
1501 4018 1606 4048 memes.
1625 4013 1840 4053 Conforme'ment
1855 4010 1873 4039 ιὶ
1888 4022 1914 4039 ce
1927 4009 2045 4046 me‘lange
2059 4009 2091 4040 de
2107 4008 2234 4039 clemence
2253 4009 2289 4043 ῤ’
2305 4009 2338 4038 de

1292 4064 1378 4094 bonne
1391 4058 1474 4098 police
1490 4080 1500 4094 ,
1524 4066 1589 4086 nous
1611 4063 1699 4084 avom·
1715 4050 1827 4090 procede
1840 4060 1873 4078 en
1898 4048 1928 4078 la
1943 4051 2074 4088 premiere
2095 4049 2181 4080 amze‘e
2209 4048 2240 4077 de
2259 4053 2337 4076 notre

1805 4086 1834 4117 C
1852 4096 1868 4119 c
1885 4096 1905 4129 ἢ
2255 4086 2346 4120 Regna
