2557 4279
727 180 1538 227 CONVENTIONES»,
1618 179 2022 232 LITERAE,

241 200 259 230 1
267 200 292 239 9
299 202 319 229 2

82 274 217 309 'Ann.D.
238 270 514 315 Wstmonasterienfi
527 295 537 309 ,
561 270 615 301 rite
646 270 681 302 &
707 269 835 310 legitime
858 269 1008 309 peradium
1029 271 1063 302 &
1085 268 1305 300 solemnizatum
1382 266 1422 296 Et
1436 265 1571 303 ulterius,
1585 265 1666 311 quod
1680 264 1834 310 praediClus
1845 263 2047 312 Illustriffimus
2060 264 2189 314 Eleaqr,
2208 274 2261 305 pro
2280 264 2407 296 Mansio-
2420 264 2496 296 Ar'm.
2511 263 2554 309 D.-

105 315 194 355 1613.
239 312 299 351 est,
1344 314 1381 335 ne
1404 305 1437 335 &
1460 302 1620 334 Residentia
1633 304 1719 334 dietae
1733 302 1927 334 Sereniffimae
1936 303 2079 335 Dominae
2095 304 2275 335 Elzzabethae
2290 303 2408 344 affigna-
2443 306 2534 344 16132
2553 315 2555 318 ⁴

1347 343 1391 373 bit
1412 342 1544 380 Oppidum
1566 344 1600 374 &
1624 341 1768 372 Palatium
1787 342 1820 372 de
1843 343 2050 374 Frankenthaell
2060 343 2098 378 ὠ
2113 347 2216 374 Arcem
2231 342 2271 379 ὠ
2286 346 2409 381 Burgum
2431 345 2520 382 xiJac.
2533 357 2554 376 r.

85 363 98 382 r
107 353 188 393 iJac.
196 363 206 382 r
213 374 221 382 .

84 2632 100 2649 ⁸
116 2631 200 2659 xvi.

82 2679 163 2738 issia.
177 2707 219 2740 D.

105 2747 141 2775 16
148 2755 158 2775 i
166 2755 192 2786 3.

122 2785 186 2815 ibid.

277 351 316 382 Et
334 350 403 381 cum
422 349 451 379 in
473 348 565 379 Paetis
584 347 617 378 &
630 346 888 378 Conventionibus
903 346 1046 385 praedietis
1058 345 1183 386 expresse
1195 344 1228 375 ὃ(
1243 344 1304 388 spe·

239 390 341 425 cifice,
359 389 430 417 inter
449 387 516 423 alia,
536 387 738 425 contineatur,
755 386 844 425 Nos,
861 386 1007 422 praefatarn
1030 383 1238 415 Sereniffimam
1255 383 1304 426 Fi-

236 429 303 459 liam
330 425 475 464 nostram,
492 424 711 463 Elizabetham,
730 424 832 456 nostris
850 424 986 463 Expenfis
1008 423 1144 454 Periculis
1166 423 1199 452 &
1216 420 1302 452 Curis

235 465 395 497 ducendam
411 473 558 495 curaturos
572 464 608 494 us
623 474 658 494 ue
672 465 706 495 ad
722 464 855 504 Oppidum
872 462 1037 493 Bacharach
1053 462 1131 501 super
1145 459 1303 503 Rhenum,

235 506 286 536 ubi
302 503 420 535 eandem
430 526 440 542 ,
457 503 589 543 praefatus
603 474 810 533 cillustriffimus
826 500 958 539 Eleeflor,
973 509 1005 531 ut
1019 499 1118 538 Conju
1139 498 1304 542 emndulcis—

236 544 355 580 simam,
373 552 423 581 per
438 542 499 573 suos
519 541 667 582 condigne
680 541 810 579 suscipiet
824 541 858 573 &
871 539 1035 571 honorifice
1050 539 1102 575 &,
1148 536 1238 566 hristo
1253 546 1302 566 au-

232 582 328 652 ἶρίςῖ,
343 580 396 612 suis
415 580 551 619 Expenfis
571 581 604 612 &
621 580 733 618 Curiis,
749 580 835 611 ducet
847 579 882 610 ad
897 576 1021 617 Castrum
1037 577 1070 607 <Sc
1086 575 1185 606 Urbem
1202 574 1305 614 Hydel-

251 630 280 650 er
318 643 325 649 .

273 631 374 690 §cratis
401 658 487 697 igitur
509 657 591 697 quod
604 657 691 694 Nos,
708 656 746 687 de
761 655 954 687 Fidelitatibus
970 651 1116 683 Iudustriis
1133 652 1167 683 ὅ(
1180 651 1304 694 providis

236 697 570 738 circumspectionibus,
588 696 821 727 Praedilee‘torum
842 693 1134 731 Consanguineorutn
1153 691 1187 721 δε
1201 690 1304 736 Conli—

234 736 382 768 liariorum
404 735 588 775 nostrorum,
612 735 748 766 Lodovici
767 735 861 765 Ducis,
876 735 996 768 Lenox,
1023 731 1057 761 δε
1079 728 1174 759 Caroli
1193 732 1304 759 Comitis

235 774 409 813 Notingham
429 774 529 814 Magni
549 773 639 804 nostri
660 771 808 803 Admiraui
833 770 963 809 Angliae,
987 770 1038 807 &,
1062 767 1301 799 Praedilee’torum

235 813 526 853 consanguineorum
549 811 734 848 nostrorum,
752 808 860 840 Thomae
881 810 994 852 Comitis
1013 805 1172 852 Arundell,
1187 808 1220 838 ὃ(
1248 809 1302 852 .R⁰'

238 853 311 883 berti
341 855 370 882 V
371 855 513 883 icecomitis
543 850 616 890 Lifle
636 849 794 880 Camerarii
815 846 941 888 Hospitii
967 845 1156 877 Sereniffimae
1178 844 1225 876 Re
1247 856 1303 876 inae

237 889 380 931 Coniugis
400 890 505 922 nostrae
528 887 728 925 Chariffimae,
748 896 882 924 necnon,
900 885 1000 930 dileeti
1014 886 1047 917 &
1065 883 1171 928 fidelis,
1187 854 1289 929 Joian

238 933 283 961 nis
299 933 414 960 Domini
432 933 587 966 Harington
607 930 728 957 Baronis
741 925 775 955 de
791 924 909 966 Burley,
927 924 1034 963 plenius
1049 923 1244 968 considentes,
1261 933 1304 962 ip-

238 971 283 1000 sos
301 968 414 1001 nostros
435 977 519 998 veros
541 968 573 998 ὃς
593 966 766 996 indubitatos
787 963 1007 995 Ambaffiatores
1029 961 1250 994 Commiffarios
1270 964 1304 995 &

239 1007 406 1045 Deputatos
418 1006 537 1037 facimus
550 1005 584 1036 &
599 1003 800 1034 constituimus
815 1011 864 1042 pet
879 1002 1051 1040 Praesentes;

278 1045 390 1078 Dantes
403 1045 436 1076 δε
451 1044 640 1075 concedentes
653 1041 769 1081 eisdem,
785 1041 833 1072 vel
850 1041 940 1074 tribus
953 1050 1054 1072 eorum
1063 1063 1073 1079 ,
1091 1039 1202 1078 plenam
1217 1039 1306 1085 Pote-

239 1084 342 1116 statem
364 1086 398 1116 &
421 1083 631 1114 Authoritatem
653 1081 689 1112 ad
715 1080 940 1112 conducendum
960 1080 992 1111 &
1008 1079 1061 1110 diri
1082 1079 1190 1109 endum
1205 1079 1307 1116 praedi·

237 1124 316 1154 darn
335 1123 435 1152 Filiam
450 1121 568 1162 nostram
589 1119 800 1157 chariffimam,
816 1118 983 1158 Conjugem
1001 1118 1055 1150 Illu
1082 1117 1177 1160 tissimi
1196 1118 1307 1148 Elec't'o-

239 1165 278 1192 ris
301 1162 363 1192 Filii
384 1160 492 1199 nostri,
508 1169 565 1190 tam
589 1169 638 1197 per
657 1157 742 1189 Mare
755 1160 841 1197 quam
856 1168 906 1197 per
917 1159 1040 1188 Terram
1056 1159 1143 1201 usque
1159 1155 1192 1186 ad
1202 1158 1306 1200 praedi*-

239 1201 312 1230 &uni
328 1199 459 1239 Oppidum
476 1197 639 1228 Bacharach
653 1197 732 1237 super
746 1196 897 1235 Rhenum,
912 1196 1092 1234 eandemque
1105 1194 1211 1225 ibidem
1227 1195 1306 1226 susti-

238 1239 386 1277 nendum,
402 1240 435 1270 ὃς
455 1238 623 1268 tradendum
639 1238 726 1276 ipsam
744 1237 884 1274 praedicto
898 1234 1085 1266 Illustrissimo
1099 1233 1220 1263 Eleeiori
1238 1234 1305 1265 Ma-

237 1278 294 1308 rito
318 1277 383 1315 suo,
404 1276 449 1307 vel
471 1276 698 1315 quibuscumque
715 1275 774 1307 aliis
798 1274 929 1306 Personis
942 1275 978 1305 ab
993 1274 1097 1304 eodem
1114 1272 1304 1304 illustrissimo

240 1314 369 1346 Eleaore
390 1315 463 1345 Filio
486 1314 584 1346 nostro
608 1314 777 1354 Deputatis,
791 1314 826 1345 &
847 1312 988 1344 sufficiens
1011 1312 1183 1342 Mandatum
1200 1313 1234 1343 δε
1247 1312 1309 1355 Au-

239 1355 404 1386 thoritatem
421 1354 455 1384 ad
468 1354 588 1385 eandem
601 1353 802 1392 suscipiendam
818 1352 1000 1388 habentibus,
1021 1361 1104 1389 atque
1121 1350 1195 1380 adeo
1211 1350 1244 1380 ad
1261 1350 1307 1380 illa

237 1394 337 1423 omnia
359 1393 517 1425 curandum
539 1393 680 1431 agendum
700 1392 735 1423 δε
755 1391 936 1429 faciendum,
953 1400 1038 1428 quae,
1057 1398 1114 1419 tam
1133 1389 1167 1418 ad
1182 1386 1306 1418 Condu-

239 1433 370 1463 &ionem
392 1433 559 1470 proediCtam
578 1432 667 1469 quam
685 1431 721 1461 ad
742 1440 846 1461 omnes
866 1431 929 1460 aliis
952 1428 1088 1459 Personas
1105 1436 1170 1464 quae
1181 1426 1303 1457 eandem

238 1470 340 1501 Filiam
355 1470 474 1511 nostram
491 1470 681 1501 charissimam
696 1469 848 1507 sequuntur
863 1469 896 1499 ὃς
912 1469 1086 1497 comitantur
1101 1466 1256 1503 regendum
1272 1467 1305 1497 ὅ(

237 1511 476 1548 gubernandum,
493 1509 651 1547 omnesque
675 1510 708 1540 &
727 1508 795 1538 tales
819 1506 885 1537 Vias
907 1507 939 1536 ὃ(
956 1505 1076 1548 Itinera,
1097 1508 1154 1548 iive
1169 1515 1219 1543 per
1230 1505 1305 1534 Ter-

238 1558 300 1579 ram
326 1549 383 1579 five
403 1557 451 1586 per
475 1551 588 1586 Aquas,
606 1549 639 1579 ἂ
661 1556 711 1584 per
731 1554 983 1585 quorumcumque
1007 1544 1177 1581 prineipum
1192 1543 1225 1574 &
1240 1542 1304 1574 Sta-

235 1595 322 1618 tuum
343 1587 489 1627 Regiones
509 1588 542 1618 ὃς
564 1585 722 1621 Dominia,
748 1584 883 1622 capienda
905 1585 937 1614 ὅῑ
963 1582 1084 1613 ineunda
1103 1606 1113 1622 ,
1136 1590 1222 1620 prout
1244 1582 1307 1619 ipsis

237 1627 364 1657 maxime
378 1625 575 1656 honorificum
588 1632 684 1654 tutum
700 1624 734 1654 δί
747 1622 930 1653 conducibile
943 1621 1102 1658 videbitur,
1120 1622 1153 1652 &
1167 1620 1201 1651 ad
1218 1630 1305 1652 caete-

236 1674 267 1695 ra
290 1666 391 1695 omnia
413 1664 445 1695 &
467 1663 570 1703 singula
592 1661 819 1700 expediendum,
839 1671 905 1699 quae
923 1662 954 1691 in
973 1661 1006 1692 &
1022 1661 1100 1690 circa
1117 1658 1303 1691 Conduetio-

236 1712 307 1733 nem
328 1703 494 1743 praedictam
519 1701 683 1736 decessaria,
704 1701 738 1732 &
759 1700 898 1738 praedieto
919 1699 1071 1730 Traetatui
1096 1697 1303 1730 Matrimoniali
1343 1698 1363 1728 b

237 1741 363 1772 consona
386 1741 506 1778 fuerint,
525 1748 645 1778 qumque
658 1748 711 1769 nos
724 1738 862 1769 faciemus
878 1738 923 1769 seu
938 1738 1031 1769 facere
1047 1736 1194 1775 possemus
1206 1737 1225 1767 fi
1240 1747 1301 1774 per-

235 1780 366 1811 sonaliter
384 1779 478 1809 Itineri
494 1777 641 1816 praesentes
656 1776 973 1815 inieresstmus,etiamfi
991 1776 1056 1807 talia
1071 1775 1124 1806 fint
1135 1785 1199 1814 quae
1215 1775 1304 1806 Man-

234 1819 333 1850 datum
350 1819 459 1856 exigere
471 1817 579 1856 possint
596 1825 861 1855 quantumcumque
874 1815 962 1854 magis
974 1815 1107 1853 speciale·

274 1856 413 1894 Cumque
427 1858 513 1887 etiam
527 1855 641 1891 speciali
655 1854 873 1886 Commiffione
885 1854 936 1885 sub
950 1853 1069 1893 Magno
1088 1837 1188 1898 Sigillo
1204 1852 1304 1884 nostro

235 1895 296 1927 data
312 1895 453 1925 Edwardo
471 1894 559 1933 Cecyll
573 1893 662 1924 Militi
680 1892 910 1925 constituerimus
926 1902 993 1924 eum
1009 1893 1232 1924 Thesaurarium
1249 1901 1303 1923 no-

234 1934 336 1972 strum,
350 1934 465 1972 ejusque
477 1933 555 1964 Fidei
571 1932 774 1964 crediderimus
788 1941 909 1964 omnem
922 1930 1079 1963 Pecuniam
1093 1941 1157 1970 quae
1170 1931 1200 1961 iri
1215 1930 1302 1961 Sum-

233 1982 299 2012 ptus
322 1973 405 2012 hujus
426 1972 537 2004 Itineris
559 1971 733 2010 expedienda
748 1972 818 2009 erit,
835 1969 996 2002 secundum
1012 1970 1149 2001 Mandata
1163 1970 1197 2001 &
1212 1970 1303 2001 War-

232 2020 311 2044 ranta
330 2008 457 2051 specialia
479 2021 543 2050 quae
566 2011 583 2041 Ξι
606 2011 704 2050 vobis,
720 2018 768 2040 aut
790 2010 878 2042 tribus
898 2007 1040 2048 vestrum,
1057 2009 1194 2048 accipiet:
1215 2018 1302 2047 quem

230 2051 371 2082 ‘novimus
387 2049 493 2081 Virum
510 2049 690 2089 prudentem,
709 2050 742 2081 &
759 2050 789 2079 in
805 2047 906 2080 Rebus
920 2056 1078 2086 expertem,
1095 2048 1231 2080 volumus
1250 2049 1302 2086 ita·

234 2099 291 2128 que
316 2090 350 2119 &
373 2089 545 2120 mandamus
565 2097 616 2126 ut,
629 2089 661 2120 in
685 2086 822 2119 Confiliis
843 2087 977 2117 omnibus
992 2088 1025 2118 ὃ(
1040 2087 1141 2117 Rebus
1153 2087 1302 2126 gerendis,

234 2138 317 2167 qute,
336 2129 410 2159 circa
431 2129 632 2159 executionem
650 2126 733 2166 hujus
757 2125 978 2158 Commiffionis
993 2127 1027 2158 &
1042 2125 1190 2158 Potestatis
1203 2126 1304 2165 vobis,

237 2175 334 2197 tenore
356 2167 559 2205 Prxsentium,
583 2167 674 2204 datae,
696 2166 803 2205 agenda
823 2174 925 2203 erunt,
953 2165 1104 2202 praefatum
1128 2165 1303 2195 Edwardum

237 2209 286 2237 Cec
305 2205 327 2234 ll
341 2207 500 2245 accersatis,
518 2205 695 2242 Locumque
718 2205 745 2236 ei
767 2206 795 2235 in
813 2204 989 2236 Seifionibus
1003 2204 1036 2235 &
1050 2203 1304 2235 Conventionibus

236 2247 284 2276 vei
301 2245 336 2274 ris
351 2246 488 2283 tribuatis,
505 2244 618 2284 ejusque
632 2243 765 2274 Consilio
779 2244 812 2276 ὃ(
826 2244 923 2282 Opere
939 2244 1068 2274 utamini.

271 2321 383 2353 Datum
399 2322 473 2361 apud
494 2322 634 2353 Palatium
646 2320 764 2362 nostrum
783 2319 1009 2361 Wstmdecimo
1027 2321 1086 2352 Die
1100 2321 1220 2360 Aprilis,
1241 2321 1304 2352 An-

238 2368 278 2390 no
303 2361 428 2392 Domini
450 2362 600 2392 millesimo
620 2359 824 2392 sexcentesimo
844 2360 1064 2399 tertiodecimo,
1084 2361 1228 2400 Annoque
1243 2360 1308 2393 Re-

238 2400 287 2437 gni
295 2400 516 2441 nostriMagnae
531 2399 681 2431 Britanniae
694 2400 824 2430 Franciae
840 2400 873 2430 ὅ(
889 2399 1040 2430 Hibernia„-
1059 2400 1222 2431 undecimo.

867 2477 924 2506 Per
941 2475 1024 2516 ipficm
1044 2480 1148 2514 Regem.

481 2616 507 2641 ᾗ
537 2619 586 2649 De
605 2617 682 2648 Dore
705 2614 874 2661 Princrffffi
882 2614 1056 2659 firmanda.

285 2703 414 2739 Acobus,
433 2701 490 2732 Dei
511 2699 628 2738 Gratia,
648 2703 763 2737 Magnae
782 2701 942 2730 Br.‘tanniae
961 2704 1086 2731 Francia:
1104 2699 1142 2735 όν
1163 2702 1303 2731 Hiberniae

295 2745 371 2779 Rex,
390 2741 467 2772 Fidei
491 2739 651 2778 Defensor,
668 2740 729 2770 &c.
751 2739 887 2769 omnibus
904 2740 938 2770 ad
953 2750 1025 2778 quos
1045 2740 1191 2778 praesentes
1207 2742 1307 2771 Litcrae

241 2781 423 2820 pervenerint
432 2803 440 2817 ,
459 2779 595 2809 Salutem.

278 2819 361 2849 Cum
378 2818 563 2857 jampridem,

279 2856 338 2888 Dei
352 2857 469 2895 Optimi
482 2855 606 2886 Maximi
619 2853 793 2894 Benignitate
810 2854 844 2885 δε
859 2854 1017 2892 Auspiciis,
1032 2855 1104 2885 inter
1121 2854 1307 2887 Consiliarios

241 2895 444 2927 Procuratores
463 2896 496 2926 &
521 2894 682 2933 Deputatos
705 2892 817 2923 nostros
839 2902 873 2924 ex
894 2903 964 2931 una,
983 2894 1016 2924 &
1038 2893 1256 2925 Commisiarios
1271 2896 1304 2926 &

241 2933 458 2972 Mandatorios,
477 2932 657 2963 Illustrissimi
676 2931 813 2969 Principis
833 2933 867 2964 ὃς
891 2931 1101 2969 Consanguinei
1125 2932 1234 2971 nostri,
1248 2933 1305 2971 Jo-

243 2972 358 3011 hanm's,
380 2974 440 3004 Dei
456 2971 566 3011 Gratia,
585 2974 695 3000 Comitis
709 2969 835 3000 Palatini
847 2971 889 3000 ad
901 2971 1034 3008 Rhenum,
1052 2971 1173 3001 Tutoris
1188 2973 1221 3002 &
1239 2971 1303 3002 Ele·

242 3011 355 3041 &omlis
377 3010 545 3042 Palatinatsis
569 3008 832 3046 Administratoris‚
856 3008 949 3040 Ducis
969 3008 1110 3048 Bavariae,
1130 3009 1255 3041 Comitis
1274 3012 1306 3041 in

245 3048 388 3080 Veldentz
403 3051 434 3080 ὅ(
451 3048 628 3086 Sponheim,
646 3057 680 3078 ex
693 3048 777 3078 altera
787 3056 880 3086 parte,

281 3087 368 3118 Pacfia
392 3090 425 3120 δε
447 3086 666 3117 Conventiones
682 3085 812 3123 quaedam
828 3086 865 3115 de
881 3084 1074 3116 Matrimonio
1090 3088 1307 3126 contrahendo,

243 3127 316 3158 inter
340 3125 558 3156 illustriffimuin
581 3123 745 3161 Principem
762 3124 947 3162 fredericum,
965 3124 1024 3155 Dei
1041 3123 1159 3162 Gratia,
1177 3129 1307 3156 comitem

242 3165 407 3196 Palatinum
429 3163 533 3201 Rheni,
554 3163 674 3194 Ducem
694 3161 836 3200 Bavariae,
854 3162 931 3193 Sacri
957 3162 1086 3193 Romani
1108 3163 1225 3201 Imperii
1249 3165 1307 3196 Ar-

241 3203 329 3234 chida
351 3205 453 3234 iferum
467 3205 500 3235 δε
516 3202 700 3238 Εῑεξὶοτεῐη,
718 3202 778 3232 &c.
794 3201 826 3232 ὃ(
839 3200 1048 3231 serenissimam
1065 3202 1229 3240 Principem
1243 3203 1307 3233 Eli-

242 3242 327 3273 zabet
347 3254 394 3272 am
416 3242 515 3272 Filiam
538 3240 666 3271 nostram
689 3241 824 3277 unicam,
842 3240 910 3270 inita
934 3240 1028 3270 habita
1049 3240 1081 3270 &
1097 3242 1230 3273 conclusa
1245 3242 1307 3272 fue-

242 3282 316 3320 rint,
333 3281 413 3320 quod
436 3279 551 3317 quidem
576 3278 798 3310 Matrimonium
819 3277 1006 3316 postmodum
1022 3279 1074 3308 rite
1087 3280 1121 3310 &
1136 3279 1262 3319 legitime
1278 3282 1306 3311 in

242 3320 329 3352 Facie
345 3320 482 3351 Ecclesiae
496 3317 686 3348 consecutum
699 3316 846 3356 peractum
862 3317 895 3347 ὅ(
909 3316 1145 3355 solempnizatum
1161 3319 1215 3349 est:

280 3358 320 3390 Et
345 3360 416 3390 cum
438 3360 466 3388 in
483 3356 576 3388 Paetis
589 3358 622 3388 ὃς
641 3354 895 3386 Conventionibus
906 3355 1064 3392 praedietis,
1082 3357 1156 3387 inter
1169 3357 1240 3394 alia,
1257 3367 1306 3388 ex-

244 3397 335 3434 presse
355 3396 549 3433 contineatur,
567 3394 647 3433 quod
669 3393 803 3431 praefatus
820 3391 1021 3423 Illustriffimus
1036 3393 1147 3424 Elecror
1160 3396 1309 3426 Palatinus

245 3435 390 3474 affignabit
406 3436 440 3467 &
454 3435 526 3466 solvi
541 3434 650 3464 curabit
670 3432 791 3470 praefatae
806 3431 947 3462 Dominae
964 3432 1152 3470 Elizabethae,
1169 3443 1203 3465 ex
1217 3434 1307 3465 Causa

246 3472 422 3505 Donationis
444 3482 560 3512 propter
580 3471 705 3508 Nuptias
725 3472 754 3501 in
775 3471 839 3501 casu
857 3471 1021 3509 Viduitatis,
1039 3471 1191 3502 Summam
1207 3476 1306 3503 Decem

247 3511 369 3541 Millium
384 3513 533 3542 Librarum
547 3510 746 3547 Sterlingarum
781 3509 826 3540 vel
841 3509 978 3539 Valoretn
991 3510 1156 3540 earumdem
1169 3513 1197 3540 in
1213 3511 1307 3542 Pecu—

246 3550 294 3579 nia
309 3559 461 3589 numerata,
477 3550 512 3581 ad
527 3558 645 3587 quatuor
660 3549 737 3579 Anni
752 3532 909 3579 ²I'errninos
923 3548 1028 3579 usuales
1042 3558 1090 3586 per
1101 3549 1220 3587 aequales
1233 3549 1309 3580 Por-

247 3587 340 3618 tiones
353 3612 362 3626 ,
383 3588 417 3619 ea
436 3591 563 3625 ratione,
582 3597 630 3625 ut,
649 3586 738 3626 siquid
761 3587 791 3617 in
815 3585 896 3617 Penu
914 3588 947 3619 ὅ(
970 3587 1145 3618 νίἑὶυεὶὼυε
1166 3589 1201 3618 ad
1226 3587 1308 3618 usum

246 3626 329 3656 suum
346 3648 365 3668 ,Ι
382 3627 517 3664 praedicta
546 3626 674 3656 Domina
696 3624 868 3655 Elizabetha
887 3626 996 3664 erogari
1013 3624 1215 3664 postulaverit,
1238 3627 1306 3657 illud

247 3664 343 3700 ipsum
357 3664 392 3694 de
407 3666 538 3701 praedieia
551 3665 674 3695 Summa
687 3664 860 3701 detrahetur,
876 3665 909 3695 &
924 3664 1005 3702 quod
1019 3664 1095 3694 idem
1109 3663 1308 3696 Illustriffimus

248 3701 379 3741 Eleazar,
397 3702 463 3733 loco
484 3704 517 3733 δε
542 3705 661 3733 nomine
683 3702 887 3742 Hypothecae,
906 3712 959 3740 pro
974 3702 1190 3734 Assecuratione
1203 3704 1306 3743 praedi-

249 3740 307 3769 &ae
323 3740 452 3770 Summae
467 3751 568 3771 annuae
580 3744 678 3771 Decem
696 3740 821 3771 Millium
837 3741 988 3771 Librarum
999 3740 1218 3780 Sterlingarum,
1236 3752 1308 3773 con-

247 3777 367 3818 signabit
388 3777 596 3809 Commisiariis
615 3780 649 3810 &c
673 3779 908 3810 procuratoribus
930 3779 1021 3817 Regis
1033 3780 1178 3818 praedisti,
1197 3781 1231 3810 ad
1245 3781 1306 3812 hoc

249 3816 396 3846 mittendis
414 3817 654 3855 quandocumque
678 3818 726 3855 ipfi
744 3818 818 3856 Regi
833 3818 985 3856 placuerit,
1004 3817 1186 3849 Comitatum
1201 3819 1309 3850 Praefe-

250 3854 360 3897 <Sturam
380 3855 413 3884 &
437 3854 644 3892 Burgraviaturn
670 3856 706 3886 de
727 3856 852 3896 Altzey,
870 3856 1074 3888 Praefetfimram
1088 3857 1123 3888 &
1136 3857 1309 3889 Vicedomi-

250 3901 334 3922 mum
358 3892 392 3923 de
411 3893 567 3932 Neustadt,
585 3894 761 3931 praefec‘iuras
779 3895 813 3924 &
836 3894 982 3925 Ballivatus
1004 3895 1038 3926 de
1060 3893 1251 3934 Germerfheim
1272 3899 1308 3928 &

251 3930 432 3970 Oppenheim,
451 3933 505 3961 un‘a
528 3942 597 3962 cum
619 3932 854 3970 Subpraefeeiuris
871 3932 994 3971 Oppidis
1009 3933 1114 3964 Castris
1127 3934 1225 3965 Terris
1239 3935 1308 3965 Do-

253 3970 350 3999 miniis
378 3967 459 3998 Villis
483 3968 578 3999 Curiis
602 3969 714 4000 Praediis
736 3970 909 4002 Redditibus
924 3994 933 4009 ,
955 3973 988 4002 ὃ(
1009 3973 1223 4011 quibuscunque
1248 3974 1306 4004 aliis

249 4006 441 4044 Pertinentiis,
460 4017 541 4044 prout
559 4008 667 4044 plenior
683 4009 785 4039 exinde
798 4008 966 4046 specificatio
978 4011 1011 4040 &
1025 4011 1177 4041 declaratio
1192 4012 1305 4042 exhibe-

247 4048 326 4077 bitur
345 4044 554 4088 Commiisariis
571 4045 682 4083 Regiis,
699 4047 733 4076 ad
750 4046 959 4087 Hypothecam
975 4049 1008 4080 &
1024 4047 1307 4088 Oppignerationem

245 4085 413 4117 eorumdem
429 4083 557 4120 legitime
572 4084 784 4123 accipiendam,
801 4085 982 4124 deputandis,

1345 381 1377 410 de
1393 380 1558 410 Fridelheim
1569 404 1579 420 ,
1595 381 1651 411 una
1665 390 1734 411 cum
1751 381 1888 411 omnibus
1899 381 2014 419 Juribus
2028 383 2152 413 Servitiis
2164 385 2198 415 ὅ(
2214 383 2262 413 reli
2283 383 2325 412 uis
2340 382 2412 413 Per-

1344 420 1488 457 tinentiis,
1506 429 1559 457 pro
1580 418 1730 458 Dignitate
1753 418 1879 457 ejusdem
1903 420 2044 451 Dominae
2062 420 2240 452 Elizabethae
2288 420 2413 452 astrueta

1345 457 1470 496 Ornata,
1487 458 1522 491 ὃς
1536 457 1726 496 Uteniilibus,
1742 457 1852 497 aliisque
1871 458 1970 488 Rebus
1981 459 2140 490 nenessariis
2152 459 2396 500 accommodata,

1385 495 1421 526 Et
1444 496 1544 535 quod,
1563 506 1616 535 pro
1635 495 1769 536 Expensis
1784 497 1986 527 minutioribus
1997 498 2030 528 &
2044 498 2190 528 arbitrariis
2202 499 2284 537 ipsius
2303 498 2414 529 Domi-

1347 545 1394 565 nae
1414 534 1604 574 Elizabethae,
1623 534 1823 566 Illustriffimus
1847 534 1962 565 Eieetor
1983 537 2126 566 numerari
2140 536 2244 576 faciet,
2261 537 2413 569 constante

1350 573 1557 612 Matrimonio,
1572 574 1606 605 ad
1620 583 1742 613 quatuor
1758 574 1836 604 Anni
1850 574 2019 612 Terminos,
2038 575 2055 604 a
2072 574 2132 605 Die
2147 574 2413 608 Consummationis

1350 612 1548 652 Matrimonii,
1565 613 1755 652 accipiendos,
1771 613 1800 642 in
1817 612 1924 642 Manus
1941 612 2073 643 Praefeffl
2087 612 2211 652 Hospitii
2225 614 2274 651 sui,
2293 615 2339 646 vel
2353 615 2413 646 aliis

1348 651 1385 681 ab
1406 651 1462 687 ipsa
1480 651 1659 690 deputandis,
1674 651 1828 682 Summam
1849 650 1930 681 Mille
1952 651 1990 686 &
2014 651 2237 691 Qingmtarum
2261 652 2412 684 Librarum

1346 689 1548 728 Sterlingarum
1560 690 1604 721 seu
1618 690 1754 721 Valorem
1767 690 1931 721 earumdem
1946 691 1976 720 in
1993 690 2117 721 Moneta
2130 690 2323 729 Germanica,
2341 692 2411 723 ultra

1344 727 1487 798 giltpensas
1508 728 1695 760 Domesticas
1704 752 1717 768 ,
1733 729 1790 760 five
1809 730 1839 759 in
1855 728 1965 760 Vestitu
1981 729 2038 760 five
2052 730 2082 760 in
2097 728 2293 768 Vietualibus‚
2310 730 2366 761 five
2381 732 2410 762 in

1365 778 1379 798 a
1390 778 1464 798 arits-

1382 791 1534 846 Qio’dque
1544 806 1659 845 praefata
1673 805 1852 837 Sereniffima
1864 805 1995 837 Domina
2011 805 2195 844 Elizabetha‚
2212 807 2242 836 in
2259 807 2413 839 Famulitio

1345 846 1395 876 suo
1407 847 1525 884 proprio
1535 868 1544 883 ,
1562 845 1694 883 habebit,
1711 845 1860 875 constante
1876 844 2078 883 Matrimonio,
2094 845 2231 885 Triginta
2246 845 2292 876 sex
2307 847 2413 878 Famu—

1291 902 1304 908 -
1345 884 1389 915 los
1409 885 1443 916 &
1465 884 1625 915 Tredecim
1645 884 1773 915 Famulas
1789 885 1818 913 in
1834 883 1905 914 Aula
1920 884 2003 923 ipfius
2016 883 2196 915 Iliustriffimi
2208 883 2345 916 Eledloris
2357 895 2413 917 nu-

1347 923 1474 954 triendos
1499 922 1657 954 vestiendos
1683 923 1717 953 &z
1744 922 1918 953 Salariandos
1933 945 1943 960 ,
1965 922 2121 954 secundnm
2147 923 2320 955 Schedulam
2346 924 2413 955 inde

1347 962 1510 993 confectam
1529 962 1563 993 &
1578 962 1648 992 huic
1666 960 1815 992 Tradiatui
1829 960 2039 992 Matrimoniali
2050 970 2189 993 annexam
2204 962 2277 993 ultra
2288 963 2349 993 ilios
2362 964 2413 1001 qui

1347 1001 1377 1030 in
1397 1000 1516 1040 Equitio
1535 999 1711 1038 deserviunt,
1730 1001 1780 1037 qui
1805 1009 1907 1030 omnes
1927 1000 1961 1032 &2
1974 1000 2074 1039 singuli
2086 1001 2259 1040 singulaeque
2275 1002 2412 1033 arbitratu

1347 1039 1429 1078 ipfius
1444 1038 1586 1070 Dominae
1602 1038 1779 1069 Elizabethae
1793 1038 1826 1069 &
1842 1037 2023 1069 instituentur
2037 1040 2070 1070 ὅτ
2083 1039 2291 1079 destituentur,

1383 1077 1422 1108 Et
1442 1078 1462 1107 si
1484 1078 1635 1115 contingat
1654 1078 1753 1116 (quod
1771 1077 1853 1107 Deus
1868 1077 1916 1107 diu
1929 1078 2053 1113 avertat)
2075 1079 2245 1114 praediotum
2258 1077 2411 1110 Illustriffi-

1345 1125 1428 1147 mum
1442 1115 1594 1146 Eleei‘orem
1608 1125 1642 1145 ex
1656 1117 1708 1147 hac
1724 1115 1790 1147 Vita
1803 1116 1957 1154 decedere,
1973 1115 2112 1154 praediCffi
2128 1116 2261 1148 Domina
2275 1117 2411 1148 Elizabe-

1347 1155 1401 1185 thd
1415 1155 1453 1186 Su
1475 1153 1582 1193 erstite,
1600 1154 1685 1185 Prole
1700 1154 1826 1193 suscepta
1842 1154 1886 1184 vel
1899 1164 1960 1184 non
1973 1154 2110 1193 suscepta,
2127 1155 2206 1193 quod
2221 1156 2341 1186 liberum
2356 1158 2409 1188 erit

1347 1195 1431 1225 dietae
1449 1164 1588 1224 ssominae
1605 1192 1800 1230 Elizabethae,
1818 1193 1838 1223 fi
1853 1192 1994 1231 voluerit,
2012 1203 2126 1224 manere
2140 1195 2168 1225 in
2185 1194 2273 1225 Locis
2287 1195 2410 1232 superius

1346 1233 1504 1272 assignatis,
1519 1233 1564 1262 vel
1579 1231 1710 1262 recedere
1724 1231 1907 1270 inMagnam
1923 1231 2112 1270 Britanniam,
2129 1232 2175 1263 vel
2188 1231 2411 1264 Habitationem

1348 1282 1459 1303 mutare
1476 1273 1504 1302 in
1524 1280 1725 1309 quemcunque
1740 1270 1857 1301 Locum
1873 1270 2002 1308 libuerit,
2019 1280 2087 1301 cum
2102 1272 2243 1302 omnibus
2253 1271 2341 1303 Bonis
2356 1271 2410 1304 Pa-

1349 1310 1556 1349 raphernalibus
1575 1310 1608 1341 &
1625 1308 1771 1346 Jocalibus
1788 1309 1854 1346 suis,
1873 1309 1928 1338 una
1946 1318 2014 1339 cum
2031 1308 2221 1347 Perceptione
2235 1320 2327 1341 annua
2339 1320 2412 1348 prae-

1346 1348 1432 1379 dietae
1451 1348 1583 1379 Summae
1602 1350 1702 1378 Decem
1728 1346 1812 1377 Mille
1829 1347 1980 1377 Librarum
1994 1347 2208 1386 Sterlingarum,
2229 1348 2286 1380 five
2303 1349 2413 1380 Valoris

1347 1387 1532 1425 earumdem,
1557 1387 1586 1416 in
1609 1387 1734 1418 Pecunia
1755 1394 1903 1417 numerata
1946 1396 1981 1416 ex
1999 1387 2079 1417 causa
2102 1387 2275 1419 Donationis
2295 1397 2412 1426 propter

1348 1425 1477 1464 Nuptias
1499 1426 1547 1464 ipfi
1570 1427 1621 1463 (ut
1644 1435 1724 1457 antea
1744 1425 1855 1456 didkum
1879 1410 1941 1461 ess)
1962 1424 2120 1464 affignatae,
2139 1428 2173 1458 &
2188 1426 2269 1465 quod
2287 1427 2363 1457 Filiae
2377 1435 2411 1458 ex

1345 1464 1405 1495 hoc
1427 1464 1619 1495 Matrimouio
1638 1473 1809 1502 procreatae,
1828 1464 2058 1503 quandocunque
2080 1464 2197 1504 Nuptui
2215 1465 2376 1503 dabuntur„
2393 1466 2413 1496 fi

1345 1504 1414 1534 nulli
1436 1504 1499 1534 Filii
1521 1504 1685 1548 extiterint,
1709 1498 1782 1548 ultra
1799 1503 1909 1547 Dotem
1931 1512 2018 1540 quam
2040 1503 2059 1523 *
2078 1503 2160 1534 Pater
2179 1514 2212 1534 ex
2236 1504 2414 1549 plenitudiue
2429 1525 2526 1555 *XVI

1346 1541 1482 1573 Affeetfis
1508 1543 1542 1574 &
1564 1542 1759 1573 Solicitudinis
1781 1542 1835 1572 suae
1853 1541 1962 1585 eisdem
1982 1542 2111 1573 dabit&
2130 1541 2297 1583 affignabit,
2314 1544 2410 1575 habita
2470 1574 2480 1580 ,
2528 1548 2536 1558 ’

1345 1583 1451 1612 ratione
1476 1581 1630 1620 Dignitatis
1648 1582 1680 1611 &
1703 1579 1805 1619 Regiae
1825 1581 2026 1617 Prognationis
2044 1582 2229 1620 earumdem,
2245 1582 2411 1620 gaudebunt
2429 1573 2489 1602 74³·

1344 1621 1378 1651 &
1399 1620 1529 1652 fruentur
1544 1642 1554 1656 ,
1579 1624 1636 1650 tarn
1655 1619 1776 1650 Summa
1795 1619 2001 1658 Quadraginta
2020 1618 2143 1649 Millium
2161 1620 2313 1650 Librarum
2333 1624 2410 1650 Ster-

1344 1658 1480 1696 lingarum
1502 1659 1587 1697 quam
1610 1659 1747 1689 omnibus
1768 1658 1826 1688 aliis
1848 1657 1933 1688 Bonis
1951 1666 1986 1687 ex
2003 1666 2082 1697 parte
2096 1658 2199 1690 Matris
2215 1660 2410 1697 provenienti-

1365 1707 1396 1728 us
1435 1710 1441 1716 Δ

1380 1721 1419 1767 E’t
1439 1736 1458 1766 fi
1480 1737 1627 1776 contingat
1643 1758 1652 1773 ,
1681 1734 1746 1773 post
1764 1733 1889 1765 Obitum
1912 1734 2041 1772 praediffl
2060 1734 2236 1765 Illustrisiimi
2261 1735 2414 1774 ΕΙεὲἱανίε,

1344 1774 1425 1812 quod
1450 1775 1587 1813 praedizfm
1607 1774 1737 1804 Domina
1761 1772 1934 1802 Elizabetha
1949 1774 2074 1804 voluerit
2095 1774 2206 1804 transire
2224 1773 2259 1806 ad
2277 1776 2410 1808 secundas

1346 1813 1495 1852 Nuptias,
1524 1813 1636 1843 Liberis
1661 1811 1843 1842 existentibus
1868 1812 1912 1841 vel
1939 1822 1998 1842 nori
2016 1813 2221 1851 existentibus,
2242 1815 2323 1852 quod
2342 1815 2411 1846 loco

1340 1853 1441 1881 Decem
1465 1851 1592 1881 M‘illium
1620 1850 1770 1880 Librarum
1797 1849 1998 1887 Sterlingarum
2016 1850 2066 1888 ipfi
2092 1852 2239 1882 annuatim
2261 1852 2409 1893 affignata-

1341 1900 1408 1921 rum
1426 1898 1461 1921 ex
1479 1890 1560 1922 causa
1579 1889 1751 1920 Donationis
1774 1895 1892 1926 propter
1911 1889 2053 1927 Nuptias,
2069 1888 2247 1921 restituentur
2266 1893 2300 1924 δε
2317 1892 2409 1924 confi-

1340 1929 1501 1969 'gnabuntur
1535 1928 1631 1960 eidem
1663 1928 1865 1967 Quadraginta
1891 1926 2014 1958 Millium
2036 1928 2188 1964 Librarum
2211 1931 2411 1968 Sterlingarum

1340 1977 1394 2009 pro
1410 1967 1492 1999 Dote
1505 1967 1613 2007 soluta,
1632 1967 1687 1998 hac
1705 1976 1800 1998 tamen
1816 1966 1986 1997 conditione
2004 1974 2037 1998 ut
2043 1989 2054 2005 ,
2072 1967 2147 2006 siqua
2165 1968 2264 1999 Proles
2275 1970 2412 2001 exstiterit

1340 2010 1376 2037 'ex
1395 2007 1492 2044 primo
1509 2006 1721 2044 Matrimonio,
1739 2013 1849 2036 tantum
1867 2004 1933 2044 post
1953 2005 2088 2036 Mortem
2106 2006 2252 2045 praedie'iae
2269 2007 2412 2040 Dominae

1340 2044 1530 2083 Elizabethae,
1547 2045 1649 2076 eadem
1664 2044 1763 2075 Proles
1779 2045 1915 2075 omnibus
1932 2044 2019 2075 Bonis
2036 2053 2071 2075 ex
2088 2053 2167 2085 parte
2186 2045 2290 2077 Mat‘ris
2308 2057 2411 2084 prove-

1341 2085 1485 2116 nientibus
1501 2084 1610 2116 fruatur
1628 2086 1662 2116 &
1676 2085 1811 2123 potiatur,
1831 2083 1849 2114 fi
1869 2085 1938 2114 vero
1957 2092 1992 2114 ex
2009 2083 2066 2114 aiio
2085 2094 2200 2123 quoque
2219 2084 2413 2117 Matrimonio

1341 2123 1442 2154 Proles
1463 2123 1605 2162 extiterit,
1622 2132 1687 2154 tum
1708 2122 1843 2161 praedista
1868 2121 1947 2152 Bona
1960 2122 2105 2159 aequaliter
2119 2123 2191 2154 inter
2205 2132 2308 2156 omnes
2324 2123 2412 2159 Libe—

1340 2173 1388 2194 ros
1410 2162 1592 2201 dividentur,
1610 2161 1746 2192 reservata
1766 2161 1876 2199 semper
1899 2160 2044 2198 praedietae
2069 2161 2209 2192 Dominae
2231 2162 2411 2194 Elizaberhae

1342 2203 1374 2233 in
1388 2210 1510 2241 utroque
1526 2200 1602 2238 casu,
1621 2199 1710 2232 liberi
1722 2200 1867 2237 facultate,
1884 2209 1933 2237 per
1947 2199 2171 2231 Testamentum
2188 2201 2236 2233 vel
2250 2202 2337 2241 aliter,
2355 2203 2412 2234 dis-

1341 2240 1467 2279 ponendi
1493 2241 1529 2271 de
1555 2248 1632 2278 parte
1657 2239 1811 2270 honoraria
1831 2237 1981 2269 Bonorum
2006 2238 2124 2270 suorum
2147 2239 2411 2280 Paraphernalium,

1341 2289 1407 2318 quae
1422 2280 1508 2310 etiam
1522 2278 1608 2309 libera
1621 2278 1751 2310 Facultas
1768 2277 1935 2315 disponendi
1946 2277 1983 2308 de
1999 2286 2077 2314 parte
2096 2278 2247 2310 honoraria
2263 2279 2412 2311 Bonorum

1342 2320 1460 2350 suorum
1486 2317 1734 2357 Paraphernalium
1749 2316 1883 2348 concessa
1900 2315 1941 2346 est
1955 2316 2042 2347 dietae
2058 2316 2199 2348 Dominae
2214 2318 2412 2358 Elizabethae,

1343 2359 1365 2389 si
1382 2358 1537 2397 contigerit
1569 2356 1647 2395 quod
1666 2355 1748 2387 Deus
1763 2355 1813 2386 diu
1832 2354 1949 2392 avertat)
1968 2355 2058 2394 ipsam
2075 2365 2110 2386 ex
2124 2355 2177 2388 hac
2193 2357 2260 2389 Vita
2274 2359 2410 2391 decedere
2439 2388 2441 2390 ,

1344 2396 1485 2466 przfflidm
1499 2396 1551 2441 issu
1581 2394 1689 2427 riffimo
1702 2394 1828 2425 Eled't'ore
1842 2393 2013 2433 Superstite:

1425 2446 1480 2466 osi
1503 2445 1557 2466 itur

1386 2445 1501 2505 Omni}
1511 2475 1544 2505 δε
1562 2458 1665 2512 singula
1679 2472 1801 2510 superius
1815 2480 1952 2504 contenta
1963 2473 1998 2504 &
2010 2471 2176 2511 specificata,
2192 2482 2250 2504 tam
2263 2485 2319 2512 pro
2335 2486 2412 2515 parte

1346 2512 1441 2542 nostra
1458 2513 1545 2549 quam
1559 2513 1775 2550 praenominatae
1788 2510 1865 2540 Filiae
1878 2510 1975 2550 nostrae
1989 2511 2174 2549 charissimae,
2189 2512 2268 2549 J'uirta
2283 2514 2410 2546 formam

1345 2552 1380 2581 &
1393 2550 1534 2580 effecssmm
1550 2550 1720 2580 eorumdem
1737 2549 1878 2580 observari
1889 2550 1979 2580 teneri
1993 2549 2153 2587 adimpleri,
2167 2550 2325 2590 debitaeque
2335 2552 2412 2584 Exe-

1343 2589 1455 2618 cutioni
1472 2588 1634 2619 demandari
1646 2589 1810 2625 cupientes,

1384 2626 1432 2657 De
1446 2627 1469 2656 F
1471 2627 1640 2658 idelitatibus
1655 2625 1800 2657 industriis
1815 2626 1848 2656 δε
1861 2624 1987 2664 providis
2001 2624 2335 2666 Circumspefflonibus,
2351 2629 2408 2660 Di-

1345 2665 1488 2695 letstorum
1510 2667 1543 2697 ὃς
1566 2664 1708 2695 Fideiium
1729 2664 1894 2694 nostrorum
1908 2685 1918 2700 ,
1947 2662 2093 2701 Johannis
2112 2667 2226 2699 Dominiv
2247 2669 2409 2706 Harington

1345 2706 1465 2733 Baronr's
1484 2702 1517 2733 de
1543 2703 1646 2742 Burley
1659 2726 1669 2741 ,
1694 2706 1809 2733 Henrici
1829 2704 1949 2739 Martyn
1971 2701 2086 2744 Legum
2105 2701 2244 2734 Doetoris
2264 2705 2409 2739 Advocati

1344 2741 1433 2772 nostri
1455 2741 1618 2779 Generalis,
1637 2741 1672 2772 ὃς
1692 2743 1800 2774 Lavini
1812 2741 1918 2769 Munck
1934 2749 2015 2770 unius
2032 2739 2218 2772 Clericorum
2232 2742 2340 2783 Signeti
2353 2756 2410 2776 no-

1344 2780 1411 2818 stri,
1430 2780 1587 2818 plurimum
1601 2779 1796 2817 confidentes,
1812 2778 1886 2817 ipsos
1903 2788 1984 2808 veros
1997 2778 2171 2810 indubitatos
2186 2780 2408 2816 Commiffiarios

1343 2819 1548 2850 Procuratores
1567 2819 1601 2850 &
1624 2817 1785 2858 Deputatos
1807 2816 1918 2847 nostros
1932 2817 2063 2856 speciales
2075 2818 2197 2849 facimus
2211 2820 2245 2852 δε
2257 2822 2410 2854 constitui-

1343 2867 1407 2888 mus
1424 2868 1472 2895 per
1488 2857 1661 2895 Praesente85

1382 2896 1490 2927 Dantes
1503 2896 1537 2927 &
1553 2895 1745 2926 concedentes
1759 2893 1883 2932 eisdem,
1899 2902 1946 2924 aut
1957 2893 2069 2926 duobus
2081 2905 2181 2926 eorum
2191 2919 2201 2934 ,
2219 2897 2333 2935 plenam
2350 2899 2410 2932 Po-

1342 2933 1473 2966 testatem
1493 2944 1526 2965 ac
1549 2933 1722 2965 Mandatum
1743 2933 1875 2974 generale
1897 2934 1930 2963 δε
1948 2933 2082 2972 speciale,
2100 2943 2153 2971 pro
2170 2935 2271 2967 Nobis
2287 2939 2321 2970 &
2333 2939 2409 2972 dieta

1341 2973 1411 3003 Filia
1424 2973 1537 3011 nostra,
1555 2983 1589 3003 ac
1603 2973 1701 3003 nostro
1716 2983 1751 3003 ac
1767 2974 1823 3010 ejus
1838 2971 1985 3010 Nomine,
2002 2972 2038 3003 ad
2052 2974 2286 3006 conveniendum
2298 2977 2335 3008 &
2353 2986 2408 3010 tra·

1341 3011 1479 3043 &andum
1496 3021 1565 3042 cum
1579 3012 1716 3049 praeditsto
1729 3009 1917 3042 Illustriffimo
1927 3009 2053 3040 Eleelore
2066 3011 2140 3042 Filio
2153 3012 2273 3052 nostro,
2289 3026 2407 3048 necnon

1341 3050 1480 3088 praedicto
1492 3049 1679 3081 Illustriffimo
1693 3049 1938 3088 Administratore,
1953 3059 1986 3080 ac
2000 3048 2184 3081 Illustrisfima
2200 3051 2330 3084 Domina
2345 3058 2408 3086 Lu-

1342 3089 1439 3120 dovica
1451 3088 1572 3128 Juliana
1587 3089 1716 3120 Arausini
1732 3088 1828 3126 Nata,
1849 3087 1990 3119 Electrice
2006 3088 2101 3119 Vidua
2113 3089 2146 3119 &
2161 3088 2269 3130 Matre,
2286 3095 2409 3125 caeteris-

1363 3138 1397 3158 ue
1411 3127 1640 3166 Contutoribus,
1657 3129 1703 3158 seu
1725 3126 1894 3157 eorumdem
1911 3125 2121 3157 Commissariis
2136 3128 2170 3159 &
2185 3128 2339 3167 Deputatis
2351 3133 2408 3164 suf-

1341 3137 1469 3197 gerentes
1483 3165 1656 3197 Potestatem
1672 3167 1706 3197 δι
1724 3165 1938 3196 Authotitatcm
1953 3164 1987 3194 ad
2005 3164 2063 3195 ho:
2078 3165 2268 3207 habentibus,
2377 3192 2379 3198 .

1381 3204 1437 3243 Et,
1455 3205 1491 3236 de
1506 3204 1700 3242 Affignatione
1719 3203 1751 3234 ὅ(
1768 3202 1966 3233 Conceffione
1979 3204 2077 3242 Oppidi
2093 3201 2132 3238 &-
2146 3204 2256 3236 Palatii
2269 3207 2302 3238 de
2314 3211 2406 3240 Fran-

1342 3242 1474 3312 llelfnthal,
1491 3243 1524 3273 ὅτ
1545 3245 1631 3280 Burgi
1652 3240 1691 3276 ὠ
1715 3241 1805 3281 castri
1828 3242 1860 3271 de
1883 3241 2063 3281 Fridelheim,
2082 3252 2151 3274 cum
2169 3244 2220 3275 suis
2235 3245 2351 3284 Juribus
2370 3248 2405 3279 &

1369 3290 1540 3318 ertinentiis,
2362 3290 2376 3304 ⁸

1377 3319 1415 3350 Et
1431 3319 1467 3350 de
1481 3319 1672 3351 Restitutione
1684 3318 1741 3349 five
1755 3318 1906 3349 Solutione
1921 3318 2051 3350 Summae
2070 3318 2268 3358 (Quadraginta
2282 3321 2403 3352 Mllium

1341 3359 1494 3388 Librarum
1515 3357 1730 3395 Sterlingarum,
1749 3358 1786 3396 fi,
1806 3356 1871 3394 rost
1886 3358 2010 3388 Obitum
2025 3344 2152 3396 pree-dics&
2167 3359 2344 3391 iilustriffimi
2355 3363 2397 3390 E-

1341 3397 1448 3465 ζεὶῖονὶῖ
1463 3395 1562 3441 Mariti
1578 3396 1768 3436 sui,praedi6ta
1784 3396 1855 3426 Filia
1873 3396 1965 3437 nostra
1980 3396 2015 3427 ad
2031 3397 2164 3429 secunda:
2174 3398 2296 3437 Nuptias
2308 3406 2401 3430 trans-

1343 3446 1382 3466 ire
1398 3445 1435 3465 vo
1448 3444 1519 3466 uerit

1375 3473 1413 3504 Et
1429 3474 1465 3503 de
1480 3458 1629 3505 Sol’utione
1646 3473 1784 3504 diffinitum
1803 3474 2004 3512 Quadraginta
2022 3473 2145 3504 Mil‘lium
2161 3474 2307 3504 Librarum
2326 3478 2403 3506 Ster-

1339 3512 1478 3581 ssngargm
1496 3511 1603 3542 Liberis
1616 3512 1740 3551 praefatae
1756 3512 1895 3543 Dominae
1903 3512 2082 3542 Elizabethae
2092 3512 2157 3551 post
2173 3511 2303 3542 Mortem
2320 3513 2401 3547 suam

1351 3560 1430 3581 aeien
1452 3561 1467 3580 a

1380 3588 1430 3619 De
1451 3573 1483 3621 3}
1502 3589 1582 3626 super
1605 3589 1798 3628 Affignatione
1822 3590 1855 3618 ὃ(
1875 3587 2024 3619 Solutione
2048 3589 2136 3620 dietae
2151 3589 2251 3618 annuae
2269 3589 2401 3623 Summae

1343 3630 1441 3657 Decem
1457 3626 1579 3656 Millium
1601 3629 1750 3657 Librarum
1764 3627 1964 3663 sterlinqarum
1978 3627 2099 3665 praefatae
2113 3627 2253 3657 Dominae
2267 3629 2402 3660 Elizabe.

1343 3665 1401 3696 thae
1416 3665 1496 3696 Fiiiae
1509 3666 1614 3696 nostrae
1629 3667 1773 3698 conceffae
1783 3689 1792 3703 ,

1382 3703 1429 3734 Ac
1450 3704 1485 3735 de
1511 3715 1581 3735 vero
1602 3704 1708 3736 Valore
1720 3714 1817 3736 annuo
1829 3705 1961 3733 omnium
1980 3704 2013 3733 δε
2028 3702 2201 3740 singulorum
2216 3704 2403 3739 Praefediura-

1343 3753 1409 3773 rum
1435 3741 1647 3774 Dominiorum
1671 3744 1704 3775 ὅ(
1721 3743 1901 3774 Reddituum
1917 3741 2040 3780 superius
2053 3743 2268 3773 nominatorum
2284 3745 2317 3775 &
2334 3745 2402 3787 Hy-

1344 3781 1477 3820 pothecae
1502 3781 1569 3812 loco
1585 3783 1864 3822 consignandorum,
1881 3789 1916 3810 ac
1933 3780 1967 3809 de
1980 3779 2037 3808 aliis
2054 3777 2191 3810 Proficuis
2206 3782 2239 3812 δε
2255 3781 2402 3815 Commo-

1343 3820 1477 3850 ditatibus
1491 3821 1675 3859 eorumdem,
1694 3822 1727 3852 ὃς
1741 3821 1775 3851 ad
1791 3827 1923 3856 quantam
1939 3817 2108 3855 Summam,
2125 3828 2182 3848 tam
2197 3828 2329 3859 tempore
2345 3823 2409 3854 Pa:

1343 3860 1386 3889 cis
1398 3860 1485 3897 quam
1501 3858 1585 3896 Belli,
1603 3861 1765 3897 annuatim,
1785 3859 1853 3888 ultra
1867 3856 1962 3886 Onera
1975 3856 2007 3885 &
2023 3854 2173 3894 Expensas,
2191 3857 2218 3889 se
2231 3862 2398 3902 extendunt,

1341 3896 1389 3928 dili
1409 3905 1485 3926 enter
1500 3898 1697 3934 inquirendum
1710 3894 1939 3932 investigandum
1954 3894 1987 3924 δε
2002 3894 2257 3936 cognoscendum,

1407 3944 1418 3964 t
1433 3934 1451 3964 fi
1467 3934 1628 3972 hujusmodi
1645 3935 1827 3966 Conditionis
1841 3933 1916 3963 forte
1932 3932 2176 3969 deprenendantur
2194 3936 2401 3973 praedie‘taDo-
2451 3950 2455 3953 ·
2479 3922 2485 3951 ’μ

1344 3974 1432 4005 minia
1445 3973 1478 4003 &
1493 3974 1572 4004 Loca
1590 3984 1621 4005 ut
1630 3974 1815 4016 Hypothecae
1829 3972 2002 4015 subjici-non
2016 3971 2186 4010 poffint,aut
2200 3975 2218 4004 fi
2231 3974 2400 4015 poffint‚ta-

1345 4022 1411 4043 men
1435 4013 1542 4043 ratione
1567 4012 1640 4043 Situs
1663 4014 1792 4050 plurimis
1817 4010 1952 4043 Penculis
1972 4010 2006 4039 &
2027 4009 2319 4044 incommoditatibus
2339 4015 2400 4047 sunt

1343 4049 1476 4087 exposita,
1490 4060 1553 4089 quae
1562 4051 1722 4081 Proventus
1735 4048 1919 4079 verisimiliter
1929 4047 2052 4091 ’reddent
2066 4048 2220 4082 deteriores
2232 4059 2280 4082 aut
2294 4051 2400 4083 diffici-

1342 4088 1435 4127 liores,
1451 4089 1485 4120 ὅ(
1503 4090 1597 4122 minus
1611 4089 1812 4121 convenienter
1827 4087 2036 4125 percipiendos,
2055 4088 2100 4119 vel
2114 4089 2133 4118 fi
2149 4089 2271 4120 redditus
2283 4099 2398 4157 eorgm-

2351 4138 2400 4161 em
