2557 4279
0 221 115 257 ΑΜΒ.

17 262 99 294 1622.

0 301 82 340 ioJac.
89 308 98 326 1
106 320 112 327 .

0 1131 59 1164 liin.
66 1128 107 1160 D.

4 1169 84 1216 r622.

0 1209 43 1237 bid.
62 1213 88 1244 p.

5 1256 43 1276 Α».
61 1244 102 1272 18-

0 1355 4 1366 ¹
19 1351 114 1380 xv11.

0 3179 58 3211 itin.
67 3180 110 3211 D.

4 3219 76 3250 1622
85 3244 92 3250 .

0 3257 44 3287 bid.

0 3305 12 3324 i.
28 3305 68 3326 η.

679 129 790 172 ET
870 132 1132 175 ACTA
1218 131 1687 181 PUBLICA.

127 214 181 246 and
203 213 274 252 keep
301 209 479 252 Hospitalitie
503 222 531 244 as
549 215 750 254 appertayneth
771 223 801 246 to
818 216 890 247 their
909 216 1023 256 Degree
1039 218 1095 249 and
1114 216 1182 247 Cal-

128 255 210 292 ling,
226 261 326 290 uppon
353 252 424 289 Pain
448 260 503 281 not
531 256 600 295 only
625 253 662 283 of
677 251 721 283 his
739 254 878 292 Majisties
892 255 982 296 heavy
1000 256 1179 295 indignation

127 293 184 323 and
202 290 375 328 Displeasure
388 314 397 328 ,
423 290 478 320 and
497 289 694 333 Disablement
713 300 744 322 to
767 293 855 323 hould
874 304 927 334 any
945 294 1013 325 such
1033 295 1130 325 Places
1149 293 1186 324 of

127 330 240 361 Service
265 339 299 360 or
326 327 427 371 Trust.
443 327 531 358 under
556 329 600 359 his
624 329 750 369 Mayestze
763 353 773 368 ‚
797 332 848 362 but
865 332 920 363 also
938 333 973 363 of
987 333 1054 363 such
1071 332 1181 364 further

126 368 252 398 Censure
278 367 332 397 and
357 365 543 397 Puniihment
568 377 596 398 as
620 376 685 408 may
711 369 748 398 be
772 369 898 400 inflicCted
924 381 1020 408 uppon
1039 371 1118 401 them
1137 371 1182 402 fot

124 407 195 438 such
219 407 291 437 their
316 404 527 434 Disobedience
551 405 605 436 and
631 406 790 443 Contempt
815 417 848 437 or
869 408 996 447 Negieet
1014 409 1049 438 of
1063 409 1117 439 this
1137 409 1181 439 his

123 444 219 483 Royal
238 443 519 479 Commandement‚
538 444 670 475 whereof
683 454 711 474 as
729 444 771 473 his
787 446 914 483 MaJestie
928 446 1075 478 intendeth
1094 456 1124 477 to
1140 456 1181 478 ta-

124 483 161 513 ke
178 492 193 512 a
208 482 285 512 stri&
305 481 359 512 and
375 481 469 512 severe
485 483 636 520 Accompt
649 505 658 520 ,
675 482 706 512 so
723 482 761 511 he
777 483 849 513 doth
869 485 975 523 hereby
994 486 1105 522 requier
1123 486 1180 516 and

125 519 297 557 command,
316 529 343 549 as
361 519 428 550 well
445 519 497 550 the
516 519 608 550 Lords
626 521 680 551 and
699 520 793 550 others
811 521 847 550 of
857 521 900 551 his
914 521 1008 551 Privie
1026 524 1179 561 Councell,

125 569 154 590 as
177 558 212 588 all
238 557 321 589 other
346 557 391 587 his
417 557 542 587 Officers
563 558 617 588 and
645 558 789 588 Ministers
805 560 903 589 whom
922 560 941 588 it
960 560 1028 590 ihall
1044 571 1097 601 any
1115 571 1179 601 way

124 606 285 633 concerne,
304 604 335 626 to
354 595 418 626 take
435 596 519 626 order
537 596 595 626 that
612 596 648 626 all
662 596 728 626 such
745 606 772 626 as
790 596 857 627 {hall
870 596 969 627 offend
989 608 1053 636 may
1067 601 1179 631 receive

124 634 252 673 condign
270 634 456 666 Punissiment
474 634 594 669 without
612 634 791 666 Tolleration
808 645 842 665 or
861 634 1062 666 Connivence.

161 749 264 782 Given
280 757 314 780 at
329 749 375 780 the
389 751 474 779 Court
493 754 527 778 at
544 750 727 779 Newmarket
753 749 802 780 the
817 750 954 781 wenteth
974 749 1040 790 Day
1058 751 1095 781 of
1108 750 1180 781 No-

124 790 261 827 vember,
276 789 306 818 in
324 789 371 819 the
389 787 528 818 rwenreth
547 787 623 818 Year
644 788 682 818 of
694 798 747 818 our
765 789 819 819 Rai
841 799 859 818 n
878 789 914 819 of
925 788 1054 827 England
1072 789 1181 821 France

123 827 179 858 and
197 827 325 864 steiana,
340 825 396 857 and
413 826 450 856 of
462 825 600 857 Scotland
617 825 665 857 the
683 826 721 856 six
738 828 794 857 and
832 826 923 858 frieth.

760 904 814 932 Per
823 901 906 942 ipstem
919 904 1023 940 Regem.

167 1030 219 1061 De
232 1025 404 1070 Conceffione
420 1026 623 1060 Relaxationis
629 1026 765 1074 specialis
782 1038 837 1074 pro
855 1026 1011 1062 Michaele
1027 1028 1074 1062 W
1088 1041 1131 1062 co.

122 1109 275 1180 RES.)1(,
298 1111 360 1143 &c.
382 1111 519 1150 omnibus
539 1110 574 1141 ad
595 1120 667 1149 quos
687 1111 834 1150 praesentes
857 1113 962 1144 Literae
983 1115 1182 1154 pervenerint,

215 1159 229 1179 a
241 1158 326 1180 utem.

164 1186 209 1217 Ex
226 1189 304 1226 gravi
323 1187 450 1226 Querela
468 1187 562 1218 diieffl
581 1187 696 1218 Subditi
714 1188 804 1218 nostri
822 1188 965 1220 Michaelis
980 1191 1062 1230 Vasco
1079 1190 1183 1222 Eccle-

124 1224 171 1256 fiae
188 1225 362 1257 Cathedralis
380 1226 476 1257 Sandri
494 1226 568 1256 Petri
586 1225 680 1256 Exon.
699 1225 881 1257 Vicariorum
900 1227 1070 1260 Choralium
1090 1231 1184 1268 unius,

126 1264 314 1295 monstratum
331 1265 414 1295 nobis
432 1264 540 1301 extitit,
559 1264 640 1302 quod
655 1264 721 1295 licet
738 1265 792 1302 ipse
810 1266 885 1295 caste
904 1267 1022 1298 honeste
1038 1269 1072 1299 ὃς
1090 1269 1182 1298 incul-

125 1304 210 1340 pate,
230 1311 261 1333 ut
276 1303 388 1333 asseruit
403 1326 413 1341 ,
439 1311 574 1341 quantum
593 1302 714 1332 humana
731 1303 860 1342 fragilitas
879 1306 980 1341 patitur
996 1329 1005 1343 ‚
1025 1305 1133 1344 semper
1152 1307 1180 1337 se

125 1341 255 1380 gefferit,
272 1342 290 1361 ²*
311 1341 439 1378 nihilque
457 1350 581 1378 unquam
600 1344 798 1378 perpetraverit
814 1350 861 1372 aut
879 1344 1069 1382 commiserit,
1088 1345 1182 1375 saltem

126 1379 206 1409 nullo
231 1378 450 1410 Incontinentiae
475 1378 606 1409 Crimine
630 1378 683 1410 sese
708 1381 948 1419 comaculaverit,
972 1392 1085 1420 propter
1103 1384 1182 1421 quod

125 1417 160 1448 ad
186 1417 294 1448 Forum
318 1417 436 1455 aliquod
458 1416 688 1447 Ecclefiasticum
714 1419 784 1448 tradi
803 1419 917 1449 deberet
935 1442 945 1457 ,
961 1422 993 1451 &
1012 1421 1126 1458 quidam
1143 1431 1183 1452 ta-

124 1464 193 1486 men
213 1456 271 1494 ejus
295 1455 436 1486 Malevoli
450 1477 460 1492 ,
484 1464 518 1485 ex
543 1455 603 1485 odii
627 1455 660 1486 ἃ
679 1456 796 1486 invidiae
816 1457 918 1488 fomite
935 1480 945 1494 ,
970 1459 1075 1489 bonam
1100 1460 1182 1498 ipfius

122 1494 241 1524 Famam
265 1496 298 1526 &
322 1494 568 1524 Existimationem
594 1493 694 1523 laedere
709 1516 719 1532 ,
748 1495 895 1533 ipsumque
919 1495 1051 1536 Expenlis
1069 1496 1184 1527 Probris

124 1533 159 1563 &
176 1532 370 1563 Contumeliis
386 1533 415 1561 in
433 1541 464 1561 ea
482 1540 558 1568 parte
576 1540 717 1569 exponere
728 1553 738 1569 ,
764 1534 830 1563 licet
857 1535 968 1564 imerito
984 1557 995 1572 ,
1018 1535 1182 1573 satagentes,

125 1570 281 1608 Qierelam
307 1579 406 1600 contra
431 1570 601 1607 praedictum
629 1568 793 1599 Michaelem
808 1570 889 1609 Vafio
903 1594 912 1608 ,
937 1580 968 1602 ut
986 1573 1129 1610 asseritur,
1148 1573 1183 1604 de

123 1609 160 1639 &
185 1609 264 1646 super
289 1608 426 1645 praedicto
451 1607 670 1648 lncontinentiae
695 1607 826 1638 Crimine
852 1609 998 1640 instituere
1016 1611 1185 1650 intendunt,

126 1656 245 1685 eamque
264 1656 333 1677 cum
351 1647 431 1677 omni
450 1645 555 1676 effetftu
574 1654 723 1682 peragere,
741 1646 814 1676 adeo
832 1655 862 1677 ut
877 1647 981 1685 grande
997 1648 1047 1678 fibi
1066 1649 1184 1680 Pericu-

123 1685 184 1715 lum
202 1686 353 1715 imminere
371 1691 478 1715 metuat
493 1706 503 1722 ,
528 1684 579 1713 nili
594 1682 740 1714 Remedio
759 1684 854 1722 aliquo
872 1686 1096 1717 eXtraordinario
1112 1688 1186 1725 ejus-

126 1722 206 1753 modi
225 1722 488 1753 Machinationibus
501 1723 664 1759 opportune
679 1731 845 1753 occurratur
860 1734 871 1761 3
898 1724 972 1753 unde
990 1726 1073 1755 nobis
1092 1725 1185 1756 humi-

122 1761 187 1791 liter
211 1761 357 1799 supplicari
378 1762 447 1791 fecit
461 1783 470 1798 ,
498 1768 632 1797 quatenus
646 1783 656 1798 ,
681 1761 784 1790 intuitu
802 1760 1014 1792 Praemissorum
1029 1785 1039 1799 ,
1058 1763 1184 1794 Manum

123 1799 252 1830 nostram
271 1799 396 1840 Regiam
415 1799 566 1830 salutariam
584 1807 803 1841 apponeremus,
823 1809 999 1838 omnemque
1018 1801 1184 1832 Accusatio-

123 1839 175 1906 ni?l
190 1838 220 1868 in
245 1837 298 1868 hac
324 1846 402 1876 parte
428 1836 583 1867 Materiam
607 1836 777 1867 Abolitione
802 1837 902 1868 nostra
920 1839 1044 1876 generali
1062 1841 1184 1879 gratiose

123 1884 156 1908 to
177 1885 295 1907 eremus.

161 1914 259 1946 Sciatis
283 1915 369 1952 igitur
396 1913 476 1952 quod
495 1913 564 1944 Nos
580 1936 590 1951 ‚
617 1913 755 1945 Precibus
780 1914 885 1954 praefati
910 1915 1056 1946 Michaelis
1085 1916 1182 1956 Vasio,

119 1954 259 1991 praeclaro
286 1953 472 1985 Testimonio
497 1952 715 1983 Honoratissimi
744 1952 805 1983 Viri
828 1957 941 1983 Comitis
967 1954 1156 1994 Bathonienfis
1173 1981 1183 1994 ,

122 1993 380 2032 nonnullarumque
397 1991 526 2032 gravium
543 1989 752 2029 Personarum,
768 1992 852 2022 nobis
869 1993 1081 2031 commendati,
1100 1995 1184 2025 favo—

121 2031 242 2061 rabiliter
260 2032 400 2069 inclinati,
425 2041 461 2062 ex
480 2029 580 2063 Gratia
598 2028 695 2060 nostra
711 2030 818 2067 speciali
856 2040 890 2060 ac
910 2040 944 2061 ex
963 2032 1040 2062 certa
1056 2032 1183 2064 Scientia

123 2069 159 2099 ὃς
177 2079 259 2100 mero
278 2070 368 2101 Motu
387 2069 506 2107 nostris,
522 2069 619 2099 omnia
639 2070 672 2101 δε
692 2068 795 2109 singula
814 2053 946 2101 Crimina
964 2069 1183 2101 Incontinentiae

121 2116 172 2145 per
192 2107 317 2139 eundem
336 2107 497 2138 Michaelem
514 2108 594 2146 Vasco
607 2131 617 2146 ,
645 2108 665 2138 fi
685 2118 749 2145 quae
767 2108 829 2140 talia
849 2107 961 2140 fuerunt
979 2109 1131 2140 commiffa
1151 2111 1184 2142 ὅτ.

121 2154 276 2183 perpetrata
286 2170 296 2184 ,
311 2147 467 2177 remifimus
485 2147 714 2177 condonavimus
727 2147 760 2177 δε
775 2148 975 2188 relaxavimus,
993 2149 1026 2181 &
1041 2157 1091 2186 per
1104 2147 1182 2178 Prae-

122 2183 224 2221 sentes,
244 2185 411 2216 remittimus
428 2184 627 2215 condonamus
645 2185 796 2215 relaxamus
810 2187 843 2216 δε
858 2187 1064 2226 pardonamus,
1083 2187 1182 2218 volen-

122 2231 164 2253 tes
182 2224 215 2254 &
236 2223 398 2253 mandantes
415 2223 495 2261 quod
515 2224 643 2262 praefatus
662 2223 787 2253 Michael
802 2224 882 2264 Vasco
901 2225 977 2256 nullo
997 2227 1088 2256 modo
1108 2226 1184 2257 Prae-

122 2261 273 2292 miliorum
298 2262 448 2292 occafione
473 2271 522 2300 per
548 2261 616 2291 Nos
636 2261 773 2293 Haeredes
796 2267 841 2293 vel
859 2263 1039 2294 Succeffores
1056 2264 1184 2303 nostros,

122 2298 227 2330 aliosve
244 2299 380 2330 Subditos
398 2299 510 2330 nostros
525 2300 573 2331 vel
591 2309 693 2330 eorum
713 2300 853 2339 aliquem,
873 2311 919 2332 aut
940 2312 1140 2340 quemcunque
1155 2313 1184 2333 a-

124 2338 193 2368 lium
207 2361 217 2376 ,
243 2339 272 2368 in
297 2338 433 2376 aliquibus
460 2338 554 2368 Curiis
580 2337 682 2368 nostris
701 2339 876 2369 Seculatibus
896 2341 943 2371 vel
961 2340 1183 2379 Eccleliasticis,

126 2376 291 2406 molestetur
308 2377 480 2414 inquietetur
499 2376 545 2407 vel
564 2377 594 2406 in
610 2376 705 2414 aliquo
724 2387 866 2414 gravetur.

161 2414 199 2446 Et
225 2415 340 2445 ulterius
357 2415 536 2446 Auctoritate
553 2414 650 2445 nostra
668 2415 804 2452 praedic‘ta
818 2439 827 2453 ,
851 2415 968 2446 Tenore
984 2417 1184 2456 Praesentium,

122 2453 285 2484 inhibemus
306 2454 340 2484 ὃς
365 2454 487 2484 inhiberi
504 2452 638 2483 volumus
657 2462 706 2491 per
727 2454 878 2484 Praesentes
892 2477 901 2493 ,
919 2457 1057 2486 omnibus
1075 2459 1108 2487 &
1129 2458 1183 2486 iin-

122 2491 194 2530 gulis
208 2491 356 2530 Judicibus
375 2491 573 2521 Ecclesiasticis
592 2491 624 2521 &
645 2491 838 2530 Secularibus,
858 2494 890 2523 δε
910 2494 1134 2532 quibuscumque
1154 2506 1183 2525 a-

123 2531 183 2568 liis,
200 2530 283 2567 quod
298 2529 348 2566 ipsi
367 2530 401 2560 &
420 2538 520 2560 eorum
539 2530 678 2567 quilibet,
697 2530 732 2560 ab
751 2532 834 2560 omni
854 2529 988 2561 Processu
1009 2534 1038 2562 in
1057 2533 1089 2562 &
1107 2534 1183 2563 circa

123 2567 288 2606 Praemiffa‚
307 2576 406 2599 contra
422 2569 456 2599 &
471 2567 598 2598 adversus
615 2567 767 2605 praefatum
784 2568 944 2599 Michaelem
957 2570 1037 2609 Vasco
1054 2570 1183 2602 desistant

124 2607 159 2638 &
178 2606 384 2644 supersedeant:

159 2644 207 2676 Eo
225 2644 307 2683 quud
324 2643 448 2682 exprefia
464 2644 591 2682 mentio,
610 2644 671 2675 ὅτε.

160 2720 196 2751 In
213 2722 294 2759 cujus
311 2722 371 2760 rei,
388 2722 449 2753 &c.

161 2796 251 2866 Tgste
269 2798 350 2838 Rege
367 2797 442 2837 apud
458 2796 736 2837 Wstmonasterium,
754 2782 891 2831 vicefimo
907 2799 1032 2831 secundo
1048 2800 1093 2831 die
1113 2801 1184 2832 No-

125 2845 192 2868 vem
214 2846 260 2866 ris.

617 2917 670 2944 Per
686 2918 780 2950 Breve
793 2912 825 2942 de
841 2915 962 2943 Privato
978 2915 1078 2952 Sigillo.

158 3037 206 3069 De
226 3034 396 3078 Conceffione
414 3033 640 3067 Pardonationis
648 3036 783 3081 specialis
795 3046 849 3081 pro
868 3035 1010 3081 Johanne
1029 3036 1154 3070 Bodvell

344 3084 471 3127 Milite,
489 3082 634 3116 Lodovico
649 3095 686 3130 ap
701 3083 812 3130 Jevan
828 3087 863 3122 (ῤ’
882 3084 962 3118 aliis.

127 3168 256 3225 REX
282 3169 434 3206 omnibus,
452 3166 488 3197 ad
504 3177 592 3206 quos,
608 3169 670 3200 &c.
688 3168 822 3200 Salutem.

223 3207 322 3238 Sciatis
337 3206 418 3245 quod
437 3205 504 3236 Nos
522 3205 629 3237 Pietate
647 3208 719 3237 moti
742 3230 751 3244 ‚
770 3207 807 3237 de
824 3206 923 3238 Gratia
938 3207 1034 3239 nostra
1052 3208 1181 3249 speciali,

124 3255 158 3276 ac
172 3254 208 3276 ex
224 3254 298 3277 certa
315 3245 438 3276 Scientia
451 3245 485 3275 &
502 3254 582 3275 meto
598 3244 688 3275 Motu
702 3245 804 3275 nostris
815 3267 824 3283 ,
842 3247 1059 3283 pardonavimus
1074 3249 1182 3279 remisi-

126 3293 190 3314 mus
215 3285 248 3315 &
269 3284 449 3315 relaxavimus
462 3304 472 3319 ,
493 3292 526 3312 ac
543 3306 552 3320 ‚
577 3292 625 3319 per
639 3283 808 3320 Praesentes,
828 3293 880 3320 pro
896 3284 994 3315 Nobis
1010 3285 1182 3318 Haeredibus

125 3323 159 3354 δε
182 3322 395 3353 Successoribus
417 3322 518 3361 nostris
531 3344 540 3359 ,
567 3320 755 3358 pardonamus
777 3322 946 3354 remittimus
962 3325 995 3355 ὃς
1011 3324 1182 3364 relaxamus,

125 3359 254 3399 Johanni
272 3359 392 3390 Bodvell
408 3359 443 3390 de
462 3359 579 3390 Bodvell
593 3361 624 3389 in
637 3358 783 3390 Comitatu
798 3359 897 3391 nostro
910 3360 1079 3392 Carnervon
1099 3363 1182 3393 Mili-

126 3399 173 3437 ti,
200 3401 247 3430 seu
267 3407 454 3438 quocumque
476 3398 532 3427 alio
557 3397 690 3430 Nomine
703 3398 748 3427 vel
764 3398 952 3433 Coi-momine
965 3409 1011 3430 aut
1030 3401 1181 3433 Additione

124 3436 268 3468 Nominis
290 3438 336 3468 vel
355 3436 551 3475 Cognominis
565 3458 575 3473 ,
599 3435 750 3474 Dignitatis
766 3436 868 3467 Officii
883 3438 958 3468 Loci
970 3438 1014 3469 vel
1031 3439 1180 3470 Locorum

127 3475 203 3505 idem
214 3474 360 3515 Johannes
378 3473 499 3504 Bodvell
515 3473 655 3505 censeatur
669 3498 678 3511 ,
696 3483 816 3504 vocetur
835 3475 891 3506 five
908 3486 1086 3514 nuncupetur
1100 3500 1110 3515 ,
1135 3487 1182 3509 aut

127 3522 216 3551 nuper
237 3514 374 3545 sciebatur
386 3537 394 3551 ,
416 3513 569 3544 vocabatur
590 3512 645 3542 five
666 3514 898 3550 nuncupabatur,
914 3524 1029 3545 necnon
1044 3517 1181 3546 Lodovico

128 3559 164 3590 ap
181 3551 284 3590 Jevan
302 3561 336 3592 ap
354 3551 468 3589 Hughe,
487 3549 631 3589 Ranulpho
649 3553 745 3580 Sorton
760 3573 770 3587 ‚
787 3549 916 3588 Jolmni
932 3554 1034 3583 Evam·
1052 3555 1085 3585 δι’.
1105 3557 1147 3583 W
1147 3553 1182 3584 il-

127 3588 214 3619 lielmo
232 3589 345 3629 Griffi'th
360 3613 370 3628 ,
394 3599 483 3627 nuper
500 3589 536 3619 de
553 3588 671 3618 Bodvell
694 3588 828 3626 praedicta
843 3588 990 3628 Yeoman,
1006 3592 1051 3622 seu
1067 3593 1182 3629 quibus-

130 3636 257 3666 cumque
278 3629 338 3659 aliis
355 3628 537 3658 Nominibus
556 3627 602 3656 seu
627 3626 861 3664 Cognominibus
874 3650 884 3665 ,
909 3637 956 3658 aut
975 3629 1179 3661 Additionibus

130 3664 299 3696 Nominum
320 3667 366 3697 vel
390 3666 609 3704 cognominum
623 3687 632 3702 ,
656 3673 701 3695 aut
716 3674 899 3702 quocumque
914 3666 968 3696 alio
982 3667 1118 3698 Nomine
1134 3669 1180 3699 vel

131 3701 318 3740 Cognomina
333 3713 380 3735 aut
395 3705 549 3735 Additione
567 3702 706 3735 Nominis
723 3703 767 3734 vel
783 3702 976 3737 Cognominis
991 3705 1065 3736 Artis
1078 3706 1181 3737 Miste-

130 3741 164 3771 rii
179 3740 254 3771 Loci
265 3742 312 3772 vel
326 3743 475 3773 Locorum
491 3742 576 3772 iidem
594 3741 747 3771 Lodovicus
767 3749 801 3779 ap
815 3741 917 3779 Jevan
935 3751 969 3782 ap
986 3744 1082 3781 Hughe
1095 3767 1105 3783 ,
1123 3747 1181 3775 Ra-

130 3778 244 3818 nulphus
260 3782 355 3810 Sortem
365 3804 374 3818 ‚
391 3781 536 3819 Johannes
553 3783 654 3809 Evam
673 3781 705 3811 ὅ(
726 3782 768 3809 W
767 3779 889 3809 illielmus
908 3780 1022 3818 Griffi'th
1045 3784 1181 3822 sciantur,

130 3816 306 3855 censeantur,
321 3827 459 3850 vocentur
475 3819 531 3850 five
547 3826 761 3855 nuncupentur,
772 3826 817 3847 aut
831 3828 920 3855 nuper
934 3819 1183 3859 sciebantur,cen-

130 3855 259 3886 sebantur
275 3877 285 3892 ,
308 3857 481 3888 vocabantur
504 3857 550 3888 seu
565 3857 814 3893 nuncupabantur,
833 3864 879 3886 aut
892 3866 992 3888 eorum
1007 3860 1103 3896 aliquis
1116 3860 1183 3890 scia-

130 3901 176 3924 tur
192 3915 202 3930 ,
216 3892 360 3923 censeatur
375 3915 386 3931 ,
409 3903 528 3926 vocetur
555 3895 612 3925 five
634 3903 809 3932 nuncupetur
822 3917 831 3931 ,
857 3902 903 3925 aut
923 3905 1012 3932 nuper
1033 3897 1183 3936 sciebatur,

131 3930 294 3961 censebatur
304 3952 314 3968 ,
330 3931 482 3962 vocabatur
497 3933 553 3964 five
567 3934 798 3971 nuncupabatur,
816 3932 948 3963 illicitum
961 3935 994 3964 ὃ(
1007 3933 1184 3974 illegitimum

131 3969 315 4007 Maritagium
332 3967 554 4000 Matrimonium
569 3973 602 4002 &
617 3971 849 4003 Celebrationem
869 3971 1042 4008 Sponsalium
1059 3974 1186 4011 praedic’ti

2234 162 2248 188 1
2258 163 2282 202 7

1227 216 1245 246 ὰ
1267 216 1324 247 leur
1337 217 1446 257 service
1468 218 1506 254 &⁶
1528 233 1635 252 exercer
1652 221 1845 263 l’Hospitalite‘
1860 236 1955 256 comme
1978 227 2000 258 il
2017 231 2172 269 appartient
2188 230 2206 260 ἃ
2220 231 2277 261 leur

1226 264 1295 300 rang
1307 256 1344 291 ό,
1359 257 1377 286 ἃ
1398 256 1455 286 leur
1471 259 1562 300 emploi
1575 261 1655 326 ,dfiaer
1663 265 1742 300 peine
1756 262 1906 294 d'encourir
1924 277 1976 295 non
1984 268 2129 304 seulement
2141 267 2170 297 la
2191 268 2275 299 haute

1224 294 1393 330 indignation
1406 293 1444 329 ό·
1457 295 1573 334 disgrace
1604 309 1617 326 e
1634 298 1670 328 Sa
1685 299 1806 336 Majeste
1815 323 1824 338 ,
1833 302 1870 337 ὠ
1882 303 1970 333 α”ἐῐνο
1987 306 2109 341 regaru'tfs
2123 317 2217 336 comme
2230 311 2275 337 in-

1224 332 1344 377 fapables
1356 333 1487 372 d’occuper
1500 345 1585 363 aucun
1603 335 1678 374 Poste
1693 336 1724 364 de
1738 338 1868 377 confiance
1878 350 1947 379 pour
1962 342 1985 371 le
1996 344 2099 381 sbrvi'ce
2115 345 2147 373 de
2161 345 2198 376 Sa
2207 344 2275 376 Ma-

1220 370 1293 415 Jeste
1303 392 1312 407 ,
1337 374 1404 415 (nais
1421 371 1489 411 auffl
1511 371 1574 400 telle
1594 381 1674 402 autre
1685 373 1787 412 cenfiire
1801 376 1838 410 ὀ·
1849 383 1975 416 punition
1990 385 2161 422 quipoumoit
2176 384 2232 413 leur
2245 383 2274 413 ἒ-

1224 414 1267 436 tre
1279 407 1386 445 inflige‘e
1405 418 1474 448 pour
1491 408 1547 439 leur
1560 410 1759 449 desbbe‘iffance,
1768 412 1826 442 leur
1838 417 1934 446 aldain
1944 441 1952 454 ,
1967 429 1998 447 ou
2012 419 2068 448 leur
2081 421 2226 458 ne‘gligence
2241 423 2274 452 de

1224 452 1302 474 notre
1316 448 1540 477 cornmandement
1553 448 1645 486 royal,¹
1655 449 1692 484 ώ-
1700 460 1795 478 comme
1804 452 1838 480 Sa
1848 453 1967 491 Majeste
1976 468 1993 484 a
2008 457 2090 495 reyolu
2106 465 2136 487 ae
2149 460 2205 489 s'en
2211 459 2276 499 fai-

1224 493 1253 512 re
1266 484 1363 514 rendre
1377 496 1414 514 un
1427 493 1525 524 compte
1539 488 1620 516 exacl
1634 486 1671 522 &⁵
1680 486 1782 525 fi’vere
1793 511 1802 525 ,
1827 490 1860 518 de
1881 492 1963 521 mente
1977 496 2141 530 exigat-elle
2156 496 2192 531 ὠ
2207 509 2275 528 com-

1223 522 1321 550 mande
1338 531 1394 561 par
1413 523 1441 552 la
1463 523 1591 562 Prrss’nte
1608 547 1618 563 ‚
1643 533 1711 554 tant
1732 536 1787 554 aux
1809 529 1897 556 Lords
1911 530 1948 564 &u
1961 539 2051 560 autres
2065 533 2095 562 de
2102 534 2154 571 son
2172 537 2278 574 Conseil

1223 561 1316 589 Prive'
1325 582 1334 598 ,
1360 561 1423 600 qu’ti
1438 569 1496 591 tous
1505 562 1551 601 fis
1571 571 1660 593 autres
1674 562 1793 600 Officiers
1807 563 1844 598 ὠ*
1860 567 1997 606 Ministres
2014 581 2064 608 que
2077 572 2131 600 cela
2147 574 2274 604 roucheria

1224 608 1257 627 en
1270 597 1380 638 quelque
1386 600 1464 637 firte
1473 624 1482 635 ,
1501 602 1534 629 de
1542 603 1658 640 prendre
1667 601 1728 641 Join
1745 613 1795 642 que
1806 610 1865 632 tous
1881 615 1945 634 ceux
1959 610 2004 646 qui
2014 608 2156 645 pai-heronis
2166 633 2174 648 ,
2190 617 2273 652 νιν-μοι’-

1222 644 1295 665 vent
1310 647 1362 667 une
1370 641 1502 677 punition
1514 642 1731 678 proportionne'e,
1738 641 1810 679 sans
1834 641 1967 673 tolerance
1988 655 2021 673 ou
2045 656 2204 678 connivente
2224 662 2275 680 au-

1222 684 1297 704 cune.

1261 752 1368 781 Donne‘
1385 752 1404 782 ἃ
1426 760 1504 783 notre
1521 757 1590 783 Cour
1611 754 1629 784 ἃ
1645 754 1839 787 Ncwmarket
1855 779 1864 794 ,
1882 756 1906 786 le
1920 760 2064 795 vingtieme
2075 763 2106 791 de
2121 763 2276 794 Novem-bre

1224 788 1256 817 de
1275 788 1304 818 la
1317 793 1461 827 vingtieme
1479 793 1564 821 anne‘e
1577 793 1608 822 de
1623 802 1700 822 notre
1719 804 1798 831 regne
1809 795 2009 832 d’Angleterre
2024 821 2034 836 ,
2050 800 2080 828 de
2094 804 2197 830 France
2210 824 2220 839 ,
2238 802 2277 837 &-

1227 826 1387 867 d'Irlande,
1406 826 1443 863 ὅ]
1458 829 1577 868 d’Ecoffe
1595 830 1618 860 le
1632 835 1774 870 cinquante
1791 830 1828 866 (ἐν
1836 834 1957 872 fixieme.

1882 909 1936 941 Per
1951 911 2040 949 ipsum
2054 912 2177 952 Regem.

1228 1025 1334 1069 Domo
1347 1025 1528 1070 ‘Manfionali
1548 1026 1674 1071 praediciti
1692 1029 1838 1067 Johannis
1855 1032 1976 1062 Bodvell
1991 1032 2094 1064 Militis
2106 1057 2117 1073 ,
2141 1046 2174 1067 ac
2192 1036 2286 1069 illicita

1229 1065 1262 1108 ὃς
1278 1064 1425 1107 illegitima
1438 1064 1864 1111 ¹lilaritagium*Matrimonium
1881 1072 1913 1101 &c
1930 1071 2158 1104 Celebrationem
2174 1074 2284 1113 sponsa-

1229 1102 1300 1131 lium
1320 1112 1394 1132 inter
1414 1102 1506 1133 diCtos
1525 1104 1692 1134 Lodowcum
1711 1115 1744 1145 ap
1762 1107 1865 1144 Jevan
1885 1118 1918 1148 ap
1937 1110 2034 1147 Hughe
2049 1112 2082 1141 &
2101 1113 2208 1143 dicium
2226 1114 2284 1152 Jo-

2303 230 2380 262 Ann.
2391 231 2437 269 D,·

2321 272 2407 300 1622.

2301 309 2430 346 zoJac.19'

1227 1140 1477 1184 hannani-Davi&
1495 1164 1504 1178 ,
1522 1143 1551 1171 in
1572 1142 1675 1173 Domo
1695 1144 1712 1162 *ἱ
1734 1144 1904 1176 Manlionali
1919 1148 1988 1178 dieti
2008 1149 2149 1186 Johannis
2167 1153 2293 1183 Bodvell
2312 1150 2439 1186 *XVIL

1230 1178 1335 1209 Militis
1347 1179 1423 1208 taeta
1437 1180 1470 1209 &
1484 1180 1638 1218 celebrata,
1658 1191 1756 1212 contra
1770 1184 1894 1214 formam
1912 1187 1945 1217 ὃ(
1961 1186 2096 1218 effectum
2108 1189 2219 1227 Legum
2236 1200 2283 1223 aut
2304 1200 2372 1227 429.
2432 1189 2439 1191 ⁸

1229 1216 1407 1247 Statutorum
1421 1217 1504 1254 hujus
1519 1217 1615 1257 Regni
1635 1220 1723 1250 nostri
1737 1221 1867 1259 Anglite,
1887 1233 1931 1253 aut
1945 1225 2058 1262 alicujus
2072 1227 2174 1266 Legis,
2190 1227 2266 1266 Juris

1228 1254 1357 1285 Canonis
1375 1255 1432 1285 five
1450 1255 1568 1293 Regulae
1583 1279 1593 1293 ,
1616 1266 1661 1286 aut
1681 1258 1836 1295 aliquarum
1855 1260 1967 1298 Jurium
1982 1285 1992 1300 ,
2021 1264 2134 1302 Legum
2149 1290 2158 1303 ,
2185 1253 2286 1297 Cano:

1228 1303 1300 1323 num
1327 1294 1382 1323 five
1406 1292 1582 1336 Regularum
1601 1316 1612 1332 ,
1635 1294 1794 1327 Canonicae
1821 1301 1864 1328 vel
1884 1298 2094 1332 Canonicarum
2113 1304 2179 1334 inde
2198 1306 2285 1338 edita-

1228 1341 1292 1362 rum
1312 1333 1345 1362 &
1364 1335 1547 1368 proviiarum.

1267 1369 1398 1400 Necnon
1421 1371 1519 1399 omnia
1538 1372 1571 1402 &
1594 1370 1696 1409 singula
1714 1371 1958 1413 Coiicelamenta,
1978 1376 2185 1411 Concesfiones
2222 1383 2282 1413 Ab·

1228 1408 1394 1438 bettationes
1405 1430 1414 1445 ,
1432 1408 1664 1446 Procurationes,
1685 1410 1930 1450 Confortanones,
1955 1414 2154 1448 Permiffiones
2170 1404 2202 1450 6}
2219 1420 2287 1450 Ma-

1229 1447 1408 1476 nutentiones
1423 1447 1624 1485 quascumque,
1636 1450 1782 1487 illegitime
1798 1450 1896 1481 illicite
1911 1452 1955 1481 vel
1968 1453 2045 1483 aliter
2059 1456 2091 1485 ad
2100 1456 2286 1497 Maritagium

1229 1484 1448 1514 Matrimonium
1464 1486 1495 1516 ὃ(
1513 1484 1745 1517 Celebrationem
1760 1488 1938 1525 Sponlalium
1952 1492 2154 1527 praedictorum
2163 1498 2288 1526 Lodovi-

1229 1525 1251 1550 ci
1271 1531 1304 1561 ap
1321 1522 1426 1559 Jevan
1442 1532 1475 1562 ap
1493 1523 1590 1561 Hughe
1610 1525 1643 1555 &
1660 1524 1803 1562 Johannae
1819 1530 1944 1564 Davies,
1962 1537 2009 1559 aut
2027 1532 2098 1561 inter
2117 1533 2208 1564 dictos
2227 1539 2286 1564 Lo-

1229 1560 1351 1590 dovicum
1364 1570 1398 1600 ap
1418 1560 1520 1597 Jevan
1536 1571 1570 1599 ap
1586 1563 1670 1599 Hugh
1688 1564 1721 1594 &
1738 1563 1904 1601 Johannam
1923 1569 2050 1605 Davies,
2071 1579 2119 1606 per
2137 1573 2285 1607 praefatum

1229 1597 1388 1636 Johannem
1402 1599 1522 1628 Rodvell
1534 1598 1676 1638 Militem,
1695 1602 1863 1632 Lodovicum
1882 1613 1916 1643 ap
1930 1604 2033 1642 Jevan
2050 1617 2083 1646 ap
2097 1609 2211 1647 Huglw,
2226 1614 2285 1641 Ra-

1231 1636 1356 1675 nulphum
1377 1640 1474 1666 Sorton
1490 1659 1498 1675 ,
1521 1636 1687 1674 Johannem
1704 1641 1806 1670 Evans
1832 1642 1864 1672 &
1883 1642 2062 1674 Willielmum
2080 1647 2192 1685 Griffi'th
2205 1670 2214 1686 ,
2239 1659 2286 1681 aut

1230 1684 1331 1716 eorum
1353 1674 1476 1717 aliquem
1498 1675 1542 1706 vel
1555 1676 1663 1713 aliquos
1677 1700 1687 1714 ,
1704 1687 1802 1708 contra
1818 1678 2018 1712 Communem
2036 1683 2148 1722 Legem
2162 1694 2210 1717 aut
2219 1687 2289 1725 Jura

1231 1715 1286 1743 live
1300 1713 1406 1743 Statura
1421 1712 1504 1750 hujus
1518 1712 1612 1752 Regni
1626 1715 1714 1745 nostri
1729 1716 1838 1755 Angliae
1855 1740 1864 1755 ,
1884 1728 1929 1748 aut
1946 1720 2058 1758 alicujus
2073 1724 2117 1752 vel
2131 1724 2287 1762 aliquarum

1232 1750 1337 1788 Legis,
1353 1751 1444 1789 Juris,
1464 1750 1590 1796 Canonis
1605 1752 1662 1783 five
1677 1752 1815 1793 Regulae,
1833 1755 1961 1794 Legum,
1979 1757 2109 1798 jurium,
2127 1761 2287 1796 Canonutn

1231 1790 1286 1819 five
1294 1788 1469 1828 Regularum
1478 1789 1635 1821 Canonicae
1648 1793 1692 1822 vel
1701 1791 1915 1824 Canonicarum
1929 1796 1995 1826 inde
2008 1798 2142 1828 editarum
2159 1810 2204 1831 aut
2220 1812 2288 1839 pro-

1230 1827 1347 1871 visarum
1364 1851 1373 1864 ,
1397 1828 1671 1870 quomodocumque
1699 1831 1927 1871 quandocunque
1947 1833 1992 1865 seu
2014 1837 2179 1876 ubicunque
2202 1839 2288 1872 factas

1230 1866 1394 1897 commissas
1405 1868 1469 1909 ¹live
1486 1876 1668 1909 perpetratas:

1269 1904 1316 1934 Ac
1331 1913 1428 1935 omnia
1440 1906 1473 1935 &
1489 1906 1593 1944 lingula
1601 1905 1843 1947 Conspirationes‚
1860 1908 1992 1949 Insultus,
2006 1911 2114 1944 illicitas
2129 1915 2288 1948 Assembla-

1230 1942 1324 1973 tiones
1337 1966 1348 1981 ,
1366 1942 1590 1987 Contentiones,
1610 1945 1759 1984 Crimina,
1779 1947 1892 1979 Delieta
1917 1951 1950 1980 ὅ(
1962 1950 2091 1982 Offensus
2106 1963 2287 1994 quaecunque

1228 1989 1431 2012 concernentia
1444 1982 1588 2013 Praemissa
1604 1985 1736 2020 praedicta
1756 1985 1879 2023 superius
1898 1997 1947 2024 per
1961 1989 2111 2021 Praesentes
2126 1994 2288 2025 mentiona-

1230 2028 1273 2057 ta,
1291 2020 1353 2064 fore
1365 2020 1532 2064 pardonata‚
1549 2022 1657 2065 remissa
1670 2023 1702 2053 &
1717 2023 1853 2064 relaxata,
1869 2034 1916 2056 aut
1932 2036 2030 2058 eorum
2046 2029 2158 2067 aliquod
2179 2032 2223 2062 vel
2239 2033 2288 2063 ali·

1231 2068 1303 2097 qua,
1324 2068 1352 2087 in
1365 2059 1459 2096 aliquo
1475 2067 1616 2102 tangentia
1629 2060 1686 2090 five
1701 2065 1917 2102 concernentia,
1935 2074 1984 2103 per
1999 2067 2150 2105 praefatum
2169 2069 2287 2107 Johan-

1229 2107 1290 2126 nem
1306 2097 1428 2127 Bodvell
1444 2096 1573 2127 Militem
1588 2121 1597 2135 .,
1623 2099 1793 2129 Lodovicum
1810 2111 1845 2141 ap
1862 2101 1965 2140 Jevan
1984 2114 2018 2144 ap
2034 2106 2131 2142 Hughe
2148 2130 2157 2145 ,
2180 2109 2287 2139 Ranul-

1225 2134 1308 2174 phum
1325 2139 1441 2174 Sorton,
1457 2135 1616 2173 Johannem
1634 2140 1737 2168 Evam·
1757 2140 1789 2170 &
1810 2141 1988 2172 bVillielmum
2005 2144 2118 2182 Griffi'th
2135 2168 2145 2184 ,
2169 2147 2214 2177 seu
2234 2157 2287 2178 eo-

1231 2183 1293 2204 rum
1308 2173 1427 2212 aliquem
1446 2175 1491 2203 vel
1511 2175 1634 2212 aliquos,
1652 2185 1702 2213 per
1719 2178 1746 2207 se
1760 2179 1938 2216 conjuntstim
1955 2181 1998 2212 vel
2011 2182 2139 2221 divifim,
2157 2194 2203 2215 aut
2215 2195 2286 2216 cum

1227 2212 1320 2251 aliqua
1335 2213 1385 2243 alia
1402 2212 1525 2243 Persona
1541 2214 1596 2244 five
1611 2214 1748 2252 aliquibus
1761 2216 1818 2247 aliis
1832 2217 1976 2256 Personis,
1994 2220 2066 2251 facta
2083 2224 2234 2253 commiisa
2251 2224 2286 2254 fi-

1229 2262 1265 2282 ve
1279 2260 1434 2290 perpetrata
1450 2274 1459 2290 ,
1485 2251 1550 2283 licet
1564 2252 1648 2282 iidem
1665 2253 1811 2291 Johannes
1829 2256 1952 2286 Bodvell
1970 2257 2056 2289 Miles
2074 2261 2230 2291 Lodovicus
2250 2275 2267 2291 a

1228 2289 1332 2329 Jevan
1348 2300 1382 2331 ap
1401 2289 1499 2328 Hughe
1515 2314 1525 2328 ,
1547 2290 1704 2331 Ranulphm·
1722 2297 1820 2324 Sorton
1834 2317 1844 2331 ,
1867 2295 2013 2362 {ohannes
2030 2299 2134 2328 Evam
2153 2304 2185 2330 ὅς
2208 2302 2250 2328 W
2248 2271 2286 2330 ἱί

1227 2328 1329 2359 lielmm·
1347 2329 1460 2368 Griffich
1477 2352 1486 2367 ,
1508 2338 1554 2360 aut
1575 2339 1675 2360 eorum
1690 2331 1773 2369 aliqui
1789 2355 1799 2370 ,
1823 2334 1858 2362 de
1897 2335 2022 2365 raemiffis
2044 2337 2088 2366 vel
2103 2338 2197 2374 aliquo
2214 2348 2285 2374 prze-

1229 2366 1703 2411 missorum,inditstatsslmpetitss
1722 2370 1878 2407 Appellati,
1898 2370 2028 2411 Retfilati,
2046 2375 2286 2414 Utlagati,Con-

1228 2406 1314 2443 vieti,
1333 2406 1527 2437 Condemnati
1544 2410 1600 2436 live
1618 2408 1780 2445 Adjudicati
1794 2409 1913 2440 existunt
1928 2411 1974 2440 vel
1991 2422 2048 2441 non
2067 2415 2187 2445 exiitunt
2237 2425 2285 2447 aut

1230 2454 1331 2474 eorum
1346 2445 1441 2483 aliquis
1461 2444 1613 2474 indictarus
1628 2468 1637 2481 ,
1655 2445 1819 2484 Impetitus,
1838 2447 2013 2487 Appellatus,
2032 2450 2182 2490 Redtatus,
2201 2437 2286 2483 Utla-

1229 2492 1306 2521 gatus
1320 2505 1329 2520 ,
1348 2481 1527 2520 Convictus,
1544 2484 1761 2514 Condemnatus
1782 2485 1840 2516 sive
1861 2486 2044 2523 Adjudicatus
2064 2490 2153 2520 existit
2168 2491 2212 2521 vel
2227 2501 2287 2522 non

1230 2521 1321 2551 existit
1336 2543 1345 2559 ,
1369 2531 1416 2551 aut
1439 2521 1505 2550 inde
1520 2521 1645 2551 indidiari
1662 2544 1671 2559 ,
1697 2523 1813 2560 meran,
1831 2525 1976 2562 appellari,
1994 2526 2134 2566 impetiri,
2154 2529 2287 2569 utlagai'i,

1230 2559 1581 2597 convinci,condemnai‘i
1596 2559 1652 2591 five
1666 2559 1816 2598 adjudicari
1828 2563 1998 2602 contigerint
2011 2573 2058 2596 aut
2072 2577 2171 2596 eorum
2187 2569 2287 2606 aliquis

1230 2599 1381 2636 contigerit
1395 2599 1423 2626 in
1437 2598 1575 2628 futurum.

1268 2635 1312 2665 Ac
1328 2636 1427 2665 omnia
1440 2636 1474 2665 &
1499 2635 1600 2674 singula
1614 2635 1838 2675 Indistamenta,
1853 2638 1983 2677 Judicia,
2003 2639 2284 2682 Condemnationes,

1230 2674 1439 2709 Executiones,
1458 2673 1795 2714 Excommunicationes,
1805 2676 1961 2707 sententias
1971 2700 1980 2714 ,
1997 2677 2101 2709 Poenas
2116 2683 2286 2720 corporales,

1230 2712 1482 2750 Imprisonamenta
1496 2735 1504 2749 ,
1534 2712 1699 2742 Punitiories
1716 2735 1725 2750 ,
1751 2723 1784 2743 ac
1797 2723 1898 2744 omnes
1914 2715 2035 2754 Poenas,
2055 2718 2234 2750 Poenalirates
2251 2723 2285 2752 &

1230 2751 1427 2781 Forisfatfturas
1451 2750 1640 2788 quascumque
1655 2773 1663 2787 ,
1683 2751 1718 2781 de
1734 2761 1786 2788 pro
1800 2752 1855 2782 five
1868 2756 2066 2785 concernentia
2082 2756 2224 2788 Praemissa
2240 2761 2284 2789 su-

1229 2790 1321 2829 perius
1337 2799 1384 2826 per
1401 2789 1552 2820 Praeientes
1567 2789 1738 2819 mentionata
1748 2789 1827 2827 ,fore
1844 2791 1995 2828 pardonata
2011 2794 2120 2824 remissa
2135 2796 2167 2825 ὃς
2183 2798 2285 2828 relaxa-

1230 2838 1257 2860 ta
1272 2850 1281 2865 ,
1305 2828 1351 2857 seu
1371 2837 1472 2857 eorum
1494 2827 1606 2864 aliquud
1627 2827 1672 2857 vel
1685 2828 1792 2865 aliqua,
1812 2829 1840 2858 in
1853 2829 1930 2866 super
1947 2831 1991 2860 vel
2007 2836 2098 2862 verius
2114 2835 2282 2869 praedietum

1229 2865 1388 2905 Juliannem
1405 2865 1525 2895 Bodvell
1543 2865 1684 2900 Militem,
1703 2865 1871 2897 Lodovicum
1886 2880 1904 2897 a
1939 2868 2040 2905 Jevan
2055 2879 2089 2908 ap
2107 2872 2205 2910 Hugh,
2224 2876 2283 2903 Ra-

1227 2904 1353 2943 nulphum
1369 2907 1483 2940 Sertori,
1497 2903 1657 2941 Johannem
1671 2905 1773 2933 Evam
1788 2907 1820 2935 &
1835 2905 1898 2935 Wil
1907 2906 2011 2936 ielmum
2025 2907 2155 2946 Griffi'th,
2173 2911 2218 2941 seu
2233 2922 2284 2942 co-

1228 2953 1292 2974 rum
1307 2943 1428 2980 aliquem
1445 2942 1490 2971 vel
1504 2942 1626 2980 aliquos,
1644 2942 1737 2972 habita
1751 2942 1825 2973 faeta
1845 2944 1951 2975 reddita
1969 2945 2023 2975 live
2046 2948 2218 2987 adjudicata,
2236 2959 2284 2981 aut

1228 2980 1414 3018 imposterum
1428 2979 1555 3021 habenda
1565 3002 1574 3017 ,
1591 2979 1699 3017 fienda,
1716 2981 1855 3012 reddenda
1869 2983 1924 3012 five
1936 2982 2114 3021 adjudicanda
2129 3009 2138 3023 ,
2157 2996 2203 3018 aut
2219 2998 2284 3026 quae

1228 3019 1297 3049 Nos
1309 3018 1400 3049 versus
1412 3028 1459 3048 eos
1473 3022 1519 3047 leu
1532 3027 1632 3048 eorum
1649 3019 1770 3056 aliquem
1784 3020 1829 3049 vel
1842 3021 1950 3058 aliquos
1968 3043 1978 3058 ‚
2004 3031 2056 3058 pro
2069 3023 2218 3055 Praemiifis
2236 3027 2281 3057 vel

1227 3057 1321 3095 aliquo
1344 3055 1558 3086 Praemifforurn
1572 3079 1582 3094 ,
1605 3057 1756 3087 habuimus
1781 3058 1916 3089 habemus
1930 3058 1975 3089 seu
1991 3060 2020 3090 in
2035 3060 2162 3092 futurum
2179 3064 2281 3094 habere

1224 3096 1382 3164 poterimus
1399 3117 1408 3133 ,
1432 3103 1478 3125 aut
1492 3093 1628 3125 Haeredes
1642 3095 1685 3125 seu
1702 3095 1882 3128 successores
1895 3097 1981 3128 nostri
1997 3098 2099 3131 habere
2111 3103 2234 3138 poterint
2250 3105 2281 3134 in

1241 3142 1363 3165 uturum.

1262 3172 1391 3202 Necnon
1407 3171 1503 3214 omnia
1518 3172 1551 3203 &
1564 3171 1853 3212 fingulaUtlagaria,fi
1872 3184 1937 3212 quae
1951 3175 2043 3205 versus
2053 3175 2161 3207 didi-um
2169 3176 2282 3215 Johan-

1225 3222 1286 3241 nem
1301 3209 1423 3240 Bodvell
1436 3209 1562 3240 Militem
1571 3232 1580 3248 ,
1590 3210 1756 3240 Lodovicum
1773 3222 1806 3250 ap
1818 3212 1919 3250 Jevan
1932 3222 1965 3252 ap
1978 3214 2092 3252 Hughe,
2110 3215 2280 3256 Ranulphum

1225 3252 1339 3287 Sorton‚
1358 3248 1519 3287 Johannem
1532 3250 1636 3278 Evam
1652 3251 1684 3280 ὃς
1708 3251 1750 3278 W
1750 3249 1886 3280 illielmum
1900 3250 2031 3289 Griffith,
2047 3263 2093 3283 aut
2112 3263 2213 3283 eorum
2228 3255 2278 3286 ali-

1227 3298 1314 3325 quem
1334 3287 1380 3318 vel
1393 3287 1517 3325 aliquos,
1536 3288 1642 3317 ratione
1658 3287 1870 3318 Praemifforum
1887 3289 1931 3318 seu
1946 3299 2045 3319 eorum
2061 3291 2172 3327 alicujus
2187 3314 2195 3329 ,
2213 3303 2277 3329 per-

1226 3328 1295 3357 tinet
1309 3326 1352 3356 seu
1369 3327 1504 3362 pertinere
1519 3327 1640 3363 poterit3
1657 3327 1689 3356 &
1707 3325 1814 3356 firmam
1823 3326 1928 3357 Pacem
1944 3327 2068 3358 nostram
2083 3330 2114 3358 iis
2128 3330 2160 3360 &
2174 3339 2276 3362 eorum

1227 3366 1342 3396 cuilibet
1354 3363 1418 3394 inde
1434 3363 1531 3393 damus
1545 3365 1578 3394 &
1594 3363 1780 3393 concedimus
1795 3374 1844 3402 per
1856 3363 2020 3395 Praesentes:

1266 3403 1410 3433 Nolentes
1429 3401 1509 3441 quud
1533 3403 1617 3431 iidem
1639 3401 1785 3439 Jahannes
1806 3403 1927 3432 Bodvell
1946 3403 2031 3433 Miles
2045 3426 2054 3441 ,
2073 3404 2223 3436 Lodovicus
2241 3420 2259 3436 a

1224 3440 1327 3480 Jevan
1340 3449 1374 3479 ap
1387 3439 1484 3477 Hughe
1494 3462 1503 3477 ,
1517 3438 1673 3478 Ranulphur
1689 3443 1802 3476 Sorton,
1821 3440 1967 3478 Johannes
1980 3444 2080 3472 Evam·
2101 3444 2133 3473 ὃ(
2155 3447 2197 3473 W
2196 3417 2278 3475 illies-

1226 3491 1283 3510 mus
1301 3477 1414 3517 Griffi’th
1429 3501 1438 3516 ‚
1464 3487 1508 3508 aut
1532 3487 1632 3507 eorum
1653 3478 1736 3515 aliqui
1748 3478 1793 3508 vel
1809 3480 1922 3516 aliquis,
1941 3489 1987 3515 per
2001 3479 2170 3518 Episcopos,
2187 3482 2278 3514 Ordi-

1226 3520 1334 3556 narios,
1353 3515 1618 3548 Commiffionarios
1632 3537 1641 3551 ,
1661 3515 1833 3552 Justiciarios
1846 3540 1854 3553 ,
1873 3526 1919 3546 aut
1933 3517 2000 3546 alios
2010 3518 2125 3554 judices
2136 3519 2276 3552 Ecclesia-

1227 3556 1310 3586 sticos
1325 3556 1369 3586 vel
1383 3555 1525 3585 Seculares
1539 3553 1752 3590 quoscumque,
1771 3562 1816 3583 aut
1833 3564 1881 3591 per
1897 3553 2124 3594 Vicecomitem‚
2143 3557 2275 3590 Escaeto-

1226 3605 1304 3632 rem,
1322 3593 1456 3628 Ballivos,
1476 3592 1520 3622 seu
1535 3592 1639 3628 aliquos
1653 3591 1719 3620 alios
1735 3591 1899 3621 Officiarios
1912 3616 1921 3629 .,
1942 3592 2090 3624 Ministros
2111 3596 2156 3626 vel
2170 3597 2275 3628 Subdi-

1224 3642 1269 3664 tos
1290 3631 1402 3662 nostros
1427 3629 1581 3660 Haeredum
1603 3629 1650 3658 vel
1673 3629 1872 3659 successorum
1894 3629 2059 3661 nostrorum
2081 3634 2276 3666 occasionibus

1225 3671 1315 3702 Seffis
1328 3670 1372 3700 seu
1386 3668 1513 3707 Qierelis
1527 3666 1665 3704 praedietis
1675 3667 1708 3697 &
1722 3669 1828 3698 caeteris
1842 3668 1991 3698 Praemiffis
2009 3670 2053 3700 seu
2065 3680 2166 3702 eorum
2179 3675 2274 3712 aliquo

1224 3709 1270 3740 vel
1285 3709 1435 3748 aliquibus,
1456 3705 1653 3743 molestentur,
1673 3706 1870 3742 perturbentur
1891 3706 1936 3750 seu
1957 3708 1986 3736 in
1999 3709 2094 3746 aliquo
2107 3719 2274 3750 graventur,

1224 3745 1270 3778 aut
1284 3756 1382 3777 eorum
1396 3745 1494 3782 aliquis
1508 3742 1684 3779 molestetur,
1704 3744 1877 3786 perturbetur
1897 3755 1925 3773 in
1944 3746 2038 3782 aliquo
2059 3747 2104 3777 seu
2145 3759 2275 3781 taveturz

1225 3786 1267 3816 lta
1285 3793 1380 3816 tamen
1397 3784 1476 3821 quod
1493 3781 1581 3817 stent,
1601 3782 1634 3811 &
1648 3782 1764 3819 quilibet
1779 3791 1879 3812 eorum
1895 3782 1947 3812 stet
1969 3784 2060 3814 rec'lus
2075 3787 2103 3815 in
2137 3788 2208 3818 juria
2222 3798 2277 3818 no-

1226 3823 1297 3861 stra,
1317 3824 1397 3860 fiquis
1417 3822 1507 3851 versus
1528 3829 1576 3849 eos
1590 3828 1646 3862 *aut
1667 3829 1766 3849 eorum
1787 3820 1909 3857 aliquem
1924 3821 2002 3858 loqui
2018 3823 2138 3856 voluerit
2149 3825 2184 3856 de
2199 3826 2276 3857 Prae-

1227 3862 1312 3892 miffis
1328 3861 1372 3891 vel
1388 3860 1482 3896 aliquo
1496 3857 1713 3887 Praemifforum.

1265 3900 1283 3919 *Ε
1305 3899 1343 3929 Et
1358 3898 1494 3934 ulterius,
1517 3896 1552 3925 de
1573 3896 1703 3932 ampliori
1719 3894 1820 3925 Gratia
1843 3895 1938 3926 nostra
1963 3897 2088 3936 speciali,
2103 3909 2136 3929 ac
2156 3910 2190 3930 ex
2204 3902 2281 3933 certa

1227 3937 1353 3968 Scientia
1369 3937 1401 3966 &
1418 3945 1498 3965 mero
1517 3933 1603 3963 Motu
1618 3933 1734 3970 nostris,
1753 3943 1805 3970 pro
1820 3933 1918 3963 Nobis
1935 3933 2105 3967 Haeredibus
2121 3939 2152 3968 ὃ(
2163 3940 2282 3970 Succes-

1227 3977 1335 4005 soribus
1352 3973 1452 4003 nostris
1465 3995 1474 4010 ,
1500 3971 1632 4003 volumus
1655 3974 1687 4002 ὅτ.
1707 3972 1893 4002 concedimus
1907 3973 1985 4010 quod
2002 3975 2046 4004 hae
2063 3975 2164 4006 Literze
2177 3979 2281 4008 nostiae

132 4007 264 4038 Lodovici
289 4015 324 4046 ap
346 4005 450 4045 Jevan
472 4016 506 4048 ap
529 4008 626 4048 Hughe
649 4011 681 4042 ὃς
707 4008 849 4047 cujusdam
872 4009 1016 4048 Johannae
1033 4014 1138 4042 Devies
1157 4014 1188 4044 in
1231 4013 1362 4045 Patentes
1377 4010 1608 4048 Pardonationis,
1626 4011 1659 4041 &
1673 4010 1770 4054 omnia
1785 4010 1817 4040 &
1832 4009 1937 4049 singula
1956 4012 1984 4042 in
2007 4012 2109 4044 elidem
2131 4024 2282 4051 contenta,

170 4049 243 4078 Tom.
261 4047 326 4077 VH.
344 4047 378 4075 P.
391 4047 440 4076 IV.

1730 4048 1758 4077 ί,
2200 4053 2284 4082 bonae

2304 3912 2431 3940 *XVIL

2303 3962 2369 3989 4²0·
