2557 4279
90 124 166 175 w4
562 107 1362 161 CONVENTIONEQ

0 235 2 238 ,
18 209 61 240 D.·
77 208 220 240 therefore
236 208 342 246 hereby
363 204 471 235 further
488 204 591 242 charge
608 202 663 233 and
681 200 858 234 commaund
878 201 913 232 all
932 201 1133 239 Fishmongers

4 257 31 287 5.
81 247 274 283 whatsoever,
291 245 351 275 that
370 243 436 282 they
455 243 500 273 sell
517 244 572 272 and
590 250 664 272 utter
680 242 768 272 theire
779 240 855 284 ,Fini
872 248 899 271 at
917 240 1062 270 moderate
1080 236 1135 273 and

0 297 60 316 vcst—
82 285 167 318 usuall
184 285 270 315 Rates
285 281 340 312 and
360 281 474 320 prices,
511 279 578 311 And
593 280 654 310 that
667 280 702 311 all
712 279 833 318 Justices
849 278 887 309 of
896 279 946 309 the
960 279 1050 309 Peace
1066 275 1135 307 Ma-

1437 101 1840 165 LITERAE,

1169 198 1313 236 chargeons
1333 197 1372 234 &
1393 197 1577 228 commandons
1598 198 1631 228 de
1639 197 1702 237 plus
1711 206 1766 237 par
1780 197 1810 227 la
1817 197 1943 236 prefinte
1955 198 1974 228 a*
1989 203 2048 229 tous
2059 201 2096 231 les
2108 199 2227 240 Poiffim-
2245 199 2323 232 ΑΜ.
2341 200 2391 238 Di

1169 241 1241 267 niers
1259 235 1428 278 quelconques
1451 237 1483 266 de
1503 237 1610 267 vendre
1631 234 1670 271 ό·
1692 238 1724 266 de
1744 236 1848 266 de'biter
1869 236 1926 266 leur
1946 237 2052 275 Potffbn
2072 238 2092 268 ax
2106 240 2151 269 des
2159 243 2226 278 prix
2274 239 2360 278 1625.

1172 275 1289 305 mode‘re's
1310 274 1348 310 εἴ)
1367 275 1464 314 ufite‘s,
1487 274 1526 310 ὠ·
1548 285 1598 315 que
1617 274 1654 305 les
1676 274 1765 323 ques
1787 275 1820 304 de
1842 277 1935 313 Ραίκ,
1960 279 2086 314 Μαίης,
2108 276 2239 318 Sherafs²
2252 275 2386 318 22Jac.r.

0 893 42 1039 &0:²¹0

45 915 53 923 .

0 1554 55 1581 711.

80 334 146 364 yors
165 321 277 363 Baylifls
292 319 346 350 and
360 319 444 350 other
462 329 515 349 our
535 318 675 357 Officers,
697 328 726 348 as
744 318 810 349 well
825 317 929 349 within
948 317 1094 355 Libertyes
1109 324 1137 345 as

79 363 223 398 without,
240 368 271 389 to
288 358 408 389 whome
424 359 445 388 it
462 357 528 388 shall
542 366 718 396 appertayne,
737 356 805 388 shall
818 356 895 387 from
910 364 992 396 tyme
1009 364 1039 385 to
1057 363 1137 397 ryme

78 401 143 432 take
167 399 235 429 such
255 396 351 427 Order
372 396 441 427 with
461 396 512 427 the
528 395 600 426 saide
620 395 825 433 Fissimongers
849 395 907 426 that
931 404 983 424 our
1008 392 1138 436 Subieets

81 441 119 469 be
137 445 188 467 not
205 435 320 475 grieved
340 435 378 473 by
394 444 449 475 any
467 434 538 465 such
557 433 774 465 Enhancernent
787 456 798 472 ,
825 443 858 463 or
878 432 1003 462 Increase
1022 431 1058 460 of
1072 430 1137 460 Pri-

77 472 598 545 enensesartatae
611 472 795 543 strate
809 469 1065 539 titisse&

79 526 87 545 ¹
112 552 229 584 NVitnes
247 560 301 581 our
317 521 373 581 sels
380 558 407 581 at
422 520 619 589 Newmarlfeff,
636 549 684 581 the
700 520 832 581 seaveiirh
850 546 916 587 Day
935 547 973 577 of
985 545 1136 585 February.

695 627 750 656 Per
766 623 851 664 ipfitm
869 626 976 662 Regem.

75 755 125 788 De
150 750 323 796 Conceffione
348 750 720 832 Pardonationisspleoialis
731 761 787 796 pro
806 748 987 783 Merchamo
1007 746 1137 783 Thorold

536 810 573 838 (7-
591 811 611 832 a
624 811 672 833 us.

142 888 208 921 EX
227 887 362 919 omnibus
374 887 407 917 ad
424 896 511 924 quos,
529 886 591 917 &c.
610 883 747 916 Salutem.

198 927 297 958 Sciatis
313 926 393 964 quod
412 925 498 963 Nos,
516 923 626 955 Pietate
649 925 739 962 moti,
757 922 792 954 de
807 922 907 954 Gratia
920 919 1016 952 nostra
1032 920 1138 959 specia-

77 966 113 1005 li,
131 976 164 997 ac
179 975 213 998 ex
231 964 308 996 certa
320 963 446 995 Scientia
465 965 498 995 &
512 972 594 994 mero
611 960 701 992 Motu
715 961 835 999 nostris,
852 960 1078 992 Pardonavimus
1093 970 1136 990 re-

78 1005 206 1036 mifimus
228 1005 260 1034 δε
282 1002 484 1040 relaxavimus,
501 1011 534 1032 ac
555 1010 605 1039 per
629 999 800 1038 Praesentes,
818 1009 873 1037 pro
888 998 989 1030 Nobis
1004 997 1138 1029 Haeredi-

75 1043 128 1075 hus
145 1044 177 1074 &
189 1040 402 1073 Succefforibus
419 1040 532 1077 nostris,
548 1038 735 1077 pardonamns
752 1039 922 1068 remittimus
934 1037 968 1067 &
984 1037 1137 1067 relaxamus

77 1080 240 1113 Marchamo
257 1079 374 1109 Thorold
385 1078 420 1109 de
437 1078 564 1109 London
580 1077 728 1108 Generosu
749 1077 792 1108 seu
811 1084 984 1114 quocunque
999 1075 1054 1105 alio
1067 1074 1137 1105 No-

78 1121 156 1151 mine
175 1119 221 1150 vel
241 1117 427 1156 cognomine
449 1125 494 1147 aut
519 1115 674 1147 Additione
695 1115 835 1146 Nominis
859 1114 903 1145 vel
925 1113 1138 1152 Cognominis,

78 1158 235 1196 Dignitatis
259 1155 362 1186 Officii
391 1156 467 1186 Loci
491 1155 536 1186 vel
566 1154 711 1184 Locorum
735 1155 814 1184 idem
838 1151 1017 1183 Marchamus
1036 1152 1137 1183 sciatur

77 1197 218 1229 censeatur
232 1203 354 1227 vocetur
369 1194 425 1225 five
442 1201 636 1231 nuncupetur,
650 1201 697 1223 aut
715 1202 805 1230 nuper
818 1190 954 1222 sciebatur
971 1190 1137 1222 censebatur

76 1235 230 1269 vocabatur
244 1234 300 1264 five
315 1234 529 1270 nuncupabatur
547 1244 558 1271 3

117 1273 187 1305 Nec
209 1282 271 1303 non
290 1271 411 1302 Nathan
424 1272 500 1310 Spike
512 1271 546 1301 de
565 1268 690 1300 London
705 1268 841 1306 Clerico,
857 1268 902 1298 seu
919 1277 1095 1311 quocunque
1107 1276 1135 1297 a·

77 1311 116 1341 lio
140 1311 274 1341 Nomine
295 1310 340 1340 vel
364 1309 413 1339 Co
433 1310 550 1340 nomine
565 1317 612 1339 aut
629 1308 782 1339 Additione
796 1306 938 1337 Nominis
953 1306 998 1335 vel
1013 1305 1136 1344 Cogno-

78 1350 161 1379 minis
183 1348 338 1388 Dignitatis
359 1347 389 1378 O
424 1348 461 1378 cii
483 1348 556 1378 Loci
579 1346 622 1377 vel
637 1345 788 1378 Locorum
803 1345 881 1375 idem
897 1343 1020 1373 Nathan
1035 1344 1136 1374 sciatur

75 1395 196 1457 vocelt3ur
211 1388 266 1419 five
280 1395 475 1426 nuncupetur,
492 1395 538 1418 aut
554 1395 642 1424 nuper
658 1385 796 1416 sciebatur
813 1383 976 1414 censebatur
990 1382 1045 1413 five
1059 1392 1133 1413 nun-

74 1436 111 1458 cu
131 1437 146 1457 a
168 1434 243 1457 atur·

112 1436 158 1496 {Xe
179 1450 266 1495 etiain
291 1463 421 1502 Johanni
432 1461 545 1501 Phillips
557 1462 592 1493 de
612 1461 738 1493 London
753 1460 886 1491 Yeoman
905 1461 939 1492 &
956 1457 1137 1490 Elizabethae

76 1507 162 1535 Uxori
177 1503 232 1539 eius
242 1526 251 1542 ‚
269 1502 314 1533 seu
330 1511 503 1540 quocunque
516 1501 572 1532 alio
590 1500 727 1531 Nomine
742 1499 787 1530 vel
804 1499 970 1538 Cognomie
983 1506 1031 1528 aut
1047 1498 1138 1528 Addi-

77 1543 154 1573 tione
166 1541 305 1572 Nominis
318 1541 363 1572 vel
380 1539 574 1579 Cognominis
593 1539 748 1577 Dignitatis
762 1536 863 1568 Officii
880 1537 958 1567 Loci
975 1536 1019 1567 vel
1038 1537 1057 1556 *Κ
1079 1536 1138 1567 Lo-

77 1590 180 1612 corum
200 1580 286 1611 iidem
307 1578 448 1618 Johannes
470 1577 508 1613 t&
523 1577 695 1607 Elizabetha
710 1575 831 1608 sciantur
850 1577 1013 1607 censeantur
1028 1584 1138 1606 voceri-

78 1627 123 1651 tur
141 1619 198 1650 five
217 1626 438 1656 nuncupentur,
455 1624 502 1647 aut
516 1626 606 1656 nuper
622 1616 776 1647 sciebantur
794 1614 979 1646 censebantur
994 1614 1139 1645 vocaban-

77 1667 124 1690 tur
140 1658 196 1689 five
209 1656 460 1694 nuncupabantur,

114 1697 159 1727 Ac
182 1697 266 1726 etiam
281 1698 397 1725 Henrico
414 1697 525 1731 Crampe
540 1693 575 1724 de
593 1692 718 1723 London
731 1691 886 1730 Yeoman,
904 1691 949 1722 seu
967 1701 1141 1729 quocunque

77 1735 135 1766 alio
155 1734 290 1765 Nomine
312 1732 501 1772 cognomine
523 1740 570 1762 aut
586 1731 742 1762 Additione
759 1730 899 1761 Nominis
915 1729 961 1760 vel
977 1729 1141 1769 Cognomi-

78 1775 137 1810 niS,
157 1773 308 1811 Dignitatis
330 1771 431 1802 Officii
457 1770 532 1801 Loci
553 1770 599 1801 vel
624 1770 772 1801 Locorum
794 1770 870 1800 idem
891 1771 1027 1799 Henri‘cus
1040 1768 1142 1799 sciatur

78 1811 222 1843 censeatur
237 1818 357 1842 vocetur
370 1810 426 1841 five
439 1817 637 1847 nuncupetur,
655 1816 702 1840 aut
720 1817 808 1848 nuper
824 1807 961 1839 sciebatur
976 1806 1141 1838 censebatur

76 1851 133 1882 five
148 1850 381 1888 nuncupabatur,

113 1888 245 1919 Necnon
260 1885 435 1918 Elizabethae
450 1884 583 1916 Thornell
594 1884 629 1917 de
645 1885 772 1916 London
786 1884 933 1925 Spinster,
950 1884 996 1914 seu
1009 1893 1142 1922 quocun-

77 1937 133 1965 que
145 1926 200 1957 alio
214 1926 350 1958 Nomine
361 1926 407 1956 vel
423 1924 614 1962 Cognomine
627 1933 675 1955 aut
689 1923 845 1954 Additione
860 1923 1001 1953 Nominis
1014 1923 1059 1953 vel
1077 1921 1139 1953 Co—

77 1966 238 2005 gnominis,
254 1964 406 2004 Dignitatis
430 1963 475 1995 vel
497 1963 573 1994 Loci
594 1962 692 1994 eadem
709 1961 882 1992 Elizabetba
898 1960 1028 1991 Thornell
1041 1961 1139 1992 sciatur

77 2003 220 2035 censeatur
235 2013 355 2034 vocetur
370 2003 426 2034 five
441 2010 638 2040 nuncupetur,
656 2009 703 2031 aut
718 2011 808 2040 nuper
823 2001 959 2032 sciebatur
975 2000 1139 2031 censebatur

77 2043 232 2074 vocabatur
252 2042 309 2073 five
323 2042 553 2078 nuncupabatur,
570 2041 669 2071 omnia
682 2040 716 2071 &
734 2040 841 2077 singula
857 2037 988 2070 Offensas
1006 2037 1139 2069 Crimina

76 2080 273 2120 Contemptus
299 2080 452 2111 Milefae'ta
475 2080 509 2110 &
535 2078 734 2117 Malegesturas
755 2087 936 2117 quaecunque
978 2087 1006 2108 er
1020 2077 1137 2107 eosdem

79 2119 272 2149 Marchamum
285 2118 419 2157 Thorolcl,
438 2117 578 2156 Nathan,
595 2118 689 2157 Spike‚
707 2116 870 2155 Johannem
888 2115 953 2146 Phil
961 2120 1017 2156 ips,
1035 2115 1138 2145 Eliza-

77 2158 189 2188 betham
210 2160 326 2188 Uxorem
342 2159 416 2196 ejus,
436 2159 586 2186 Henricum
604 2160 716 2194 Crampe
732 2156 763 2186 &
784 2154 978 2185 Elizabetham
991 2153 1137 2192 Thornell,

76 2196 122 2227 vel
139 2207 187 2236 per
199 2206 300 2228 eorum
314 2197 437 2235 aliquem
451 2195 495 2225 vel
512 2195 651 2233 aliquam,
670 2196 737 2225 alios
748 2194 792 2225 vel
808 2195 918 2233 aliquas,
938 2203 986 2232 per
1001 2193 1027 2222 se
1044 2193 1135 2223 solum

79 2235 125 2266 vel
147 2235 248 2273 solam,
267 2235 338 2266 solos
353 2235 397 2266 vel
409 2234 495 2270 solas,
513 2234 568 2264 five
583 2243 652 2264 cum
667 2242 767 2263 eorum
782 2233 914 2263 alterutro
928 2233 973 2262 vel
990 2241 1089 2262 eorum
1107 2241 1138 2262 a·

77 2274 217 2312 liquibus,
234 2274 281 2305 seu
297 2283 364 2304 curn
379 2272 471 2310 aliqua
480 2271 530 2301 alia
544 2271 679 2309 Persona,
696 2270 752 2302 sive
768 2281 836 2302 cum
851 2271 987 2310 aliquibus
997 2270 1056 2300 aliis
1072 2269 1139 2300 Per-

77 2311 153 2342 sonis
177 2312 409 2350 quibuscunque,
427 2310 656 2349 qualitercunque
668 2309 899 2349 quandocunque
911 2310 957 2341 seu
976 2309 1140 2347 ubicunque

78 2351 170 2381 habita
189 2351 260 2382 saera
275 2349 427 2381 commiffa
445 2350 500 2380 five
516 2358 682 2387 perpetrata,
695 2358 748 2385 pro
763 2349 808 2379 vel
824 2348 1029 2379 concernentia
1047 2347 1139 2385 quod-

80 2389 145 2420 dam
157 2388 395 2427 Matrimonium,
414 2388 484 2418 inter
500 2387 589 2427 ipsum
610 2386 802 2419 Mai-chamum
818 2386 938 2417 Thorold
948 2388 981 2418 ὃ(
997 2385 1142 2425 quandam

82 2429 208 2457 Mariam
229 2431 343 2458 Havers
364 2426 463 2456 Filiam
488 2425 633 2465 cujusdam
648 2425 756 2455 Thomae
770 2425 1044 2461 Haversdefflnffl,
1064 2424 1141 2455 clan-

81 2465 242 2504 destinum,
261 2467 294 2496 &
309 2465 368 2495 fine
383 2464 538 2495 Voluntate
555 2465 587 2495 ὃς
605 2463 751 2494 Consensu
766 2464 904 2494 Dominae
919 2467 1017 2494 Annae
1031 2466 1143 2493 Barton

83 2503 184 2534 Matris
198 2504 319 2542 ejusdem
335 2506 450 2539 Μανίαν,
465 2511 510 2532 aut
528 2504 642 2541 Μῃονὶς
650 2506 781 2532 Civitatis
796 2503 913 2532 London
926 2503 959 2533 δε
969 2502 1142 2533 Alderman-

82 2552 187 2573 norum
202 2541 325 2581 ejusdem
335 2564 343 2580 ,
350 2549 397 2572 aut
404 2541 514 2570 Roberti
523 2540 648 2570 Rennold
652 2540 708 2570 Avi
715 2540 859 2580 prtediciae
868 2543 972 2570 Mariae
979 2550 1040 2577 ,aut
1054 2541 1143 2570 alicu-

78 2581 124 2619 jus
137 2582 247 2611 alterius
257 2581 385 2610 Personae
395 2580 439 2610 vel
448 2579 632 2610 Personarum
641 2579 776 2617 legittime
787 2579 913 2609 habentis
920 2580 963 2610 vel
972 2579 1141 2610 habentium

81 2620 290 2651 Educationem
307 2618 354 2648 vel
369 2617 616 2648 Gubernationem
630 2617 756 2655 ejusdem
770 2620 893 2654 Mariae,
910 2617 1092 2648 contractum
1108 2619 1143 2648 δε

80 2658 315 2696 solemnizatum,
334 2655 372 2687 Et
388 2658 486 2686 omnia
500 2656 551 2686 alia
566 2654 697 2686 Offensas
710 2654 842 2685 Crimina
859 2655 1054 2693 Contemptus
1070 2655 1138 2687 Ma-

82 2697 181 2727 lefaeta
204 2697 237 2727 &
260 2693 456 2734 Malegesturas
468 2703 644 2733 quaecunque
657 2702 756 2725 contra
771 2694 895 2724 formam
909 2694 1012 2724 Statuti
1027 2695 1056 2724 in
1076 2694 1141 2725 Par-

83 2736 221 2765 liamento
245 2734 366 2764 Domini
383 2732 498 2772 Philippi
511 2733 544 2762 &
563 2735 688 2763 Dominae
703 2735 806 2762 Mariae
822 2742 910 2771 nuper
926 2732 1014 2771 Regis
1030 2735 1062 2764 &
1076 2732 1140 2769 *Re-

84 2775 160 2811 ginae
175 2773 305 2810 Angliae,
322 2772 412 2801 Annis
428 2770 601 2808 Regnorum
616 2771 730 2801 suorum
748 2779 846 2809 quarto
860 2772 893 2802 δε
908 2772 1026 2809 quinto,
1042 2779 1142 2809 tento,

85 2812 165 2850 editi,
182 2821 228 2842 aut
243 2819 344 2842 contra
357 2810 482 2840 formam
497 2809 611 2846 alicujus
625 2809 733 2839 alterius
747 2810 847 2840 Statuti
864 2809 920 2840 five
936 2809 1096 2847 aliquorum
1112 2819 1143 2838 a-

83 2853 189 2882 liorum
212 2849 409 2885 statutorum,
427 2848 520 2878 habita
542 2847 613 2877 fasta
634 2847 788 2878 commissa
805 2848 860 2878 five
882 2855 1054 2886 perpetrata,
1074 2846 1140 2877 Ma-

85 2889 251 2922 trimonium
272 2887 459 2926 praedietum,
478 2895 525 2916 aut
547 2884 724 2925 Captionem
746 2886 792 2916 seu
817 2885 1039 2917 Obduetionem
1061 2886 1143 2926 ipfius

88 2932 208 2964 Mariae,
227 2926 379 2965 aliqualiter
393 2926 601 2955 concernentia.

125 2966 259 2997 Necnon
279 2973 380 2995 omnes
404 2964 437 2994 &
462 2963 578 3001 singulas
599 2962 713 2994 Riottas
734 2962 845 2994 Routas
865 2962 986 2994 Insultus
1000 2986 1010 3001 ,
1035 2963 1142 2994 illicitas

86 3003 338 3038 Assemblationes,
360 3001 588 3040 Conspirationes
608 3003 641 3033 ὃ(
655 3001 707 3031 alia
721 3000 875 3032 Malefaera
892 3003 925 3032 &
942 3001 1140 3041 Malegesturas

88 3051 286 3082 quaecunque,
305 3040 523 3071 Matrimonium
539 3039 709 3077 praedidmm
726 3048 772 3070 aut
786 3039 962 3078 Captionem
981 3041 1025 3070 seu
1039 3040 1144 3071 Obdu-

88 3083 215 3114 {tionem
249 3080 331 3117 ipfius
363 3081 463 3107 Mariae
489 3078 642 3115 aliqualiter
666 3080 866 3109 concernentia
881 3101 890 3117 ,
919 3089 969 3117 per
995 3079 1143 3118 praefatum

90 3118 282 3150 Marchamum
296 3116 434 3157 Thamiai,
460 3116 580 3145 Nathan
604 3119 697 3154 spite,
712 3116 874 3154 Johannem
894 3117 1024 3156 Phillips,
1044 3117 1146 3150 Eliza-

90 3159 201 3189 betham
223 3160 337 3187 Uxorem
353 3155 428 3192 ejus,
446 3157 593 3185 Henrt'cum
617 3158 748 3193 Crampe,
774 3154 973 3186 Elizabetham
1001 3155 1144 3193 Thornell,

90 3198 135 3228 vel
157 3207 206 3235 per
225 3205 326 3226 eorum
347 3195 491 3232 aliquem,
507 3194 553 3224 vel
576 3193 715 3232 aliquam,
731 3194 835 3231 aliquos
853 3195 898 3223 vel
912 3196 1033 3234 aliqu-as,
1057 3195 1144 3232 perse

90 3236 146 3267 five
164 3243 343 3266 cumeorum
359 3233 510 3271 aliquibus,
529 3232 572 3262 vel
589 3241 657 3262 cum
673 3232 764 3270 aliqua
779 3231 829 3262 alifi
843 3231 984 3270 Persona,
1002 3233 1057 3263 five
1074 3243 1145 3264 cum

91 3274 230 3313 aliquibus
249 3272 306 3302 aliis
330 3272 472 3308 Personis,
499 3279 599 3301 contra
621 3271 744 3301 formam
767 3269 938 3301 Communis
963 3272 1047 3311 Legis
1065 3271 1146 3309 hujus

92 3313 190 3352 Regni
211 3310 299 3342 nostri
323 3309 451 3349 Angliae‚
469 3308 513 3340 seu
529 3317 627 3340 contra
641 3309 763 3340 formam
779 3308 896 3346 alicujus
909 3309 1009 3341 Statuti
1025 3310 1080 3340 five
1096 3311 1146 3340 ali-

93 3360 218 3390 quorum
240 3349 417 3380 Statutorum
440 3347 509 3377 dieti
538 3347 635 3385 Regni
655 3347 741 3377 nostri
762 3347 893 3386 Angliae‚
911 3358 958 3378 aut
974 3357 1073 3378 contra
1086 3349 1147 3379 for-

93 3399 173 3420 mam
193 3388 305 3426 alicujus
322 3387 406 3426 Legis
420 3387 475 3418 five
486 3385 616 3416 Canonis
630 3384 832 3423 Ecclesiastici,
851 3386 906 3416 five
917 3386 1073 3425 aliquarum
1089 3387 1147 3418 Le-

94 3437 163 3468 gum
186 3427 240 3458 five
264 3426 419 3459 Canonum
440 3423 702 3455 Ecclesiasticorum
726 3425 799 3455 faeta
814 3425 967 3455 commissa
980 3426 1035 3456 sive
1049 3435 1146 3463 perpe-

94 3475 174 3497 trata:
195 3466 261 3496 licet
288 3463 372 3494 iidem
397 3462 573 3492 Marchamus
588 3462 722 3499 Thorold,
745 3462 867 3492 Nathan
886 3464 982 3502 Spike‚
995 3463 1146 3501 Johannes

94 3503 223 3542 Phillips,
249 3501 421 3533 Elizabetha
441 3503 516 3531 Uxor
535 3502 610 3539 ejus,
634 3504 768 3532 Henricus
788 3504 900 3541 Crampe
921 3501 954 3532 &
974 3501 1144 3532 Elizahetha

95 3541 238 3579 Thornell,
255 3540 290 3570 de
311 3540 457 3570 Praemiffis
475 3539 519 3570 vel
533 3542 568 3570 de
581 3541 678 3578 aliquo
692 3539 907 3570 Praemifforum
918 3563 927 3577 ,
946 3540 1073 3578 indidiati
1091 3542 1146 3571 im-

96 3582 176 3619 petiti
195 3580 326 3618 appellati
340 3579 436 3609 reetati
449 3578 559 3616 utlagati
574 3579 700 3608 convicii
714 3578 769 3608 five
783 3578 895 3608 attinffi
910 3577 1026 3616 suspensi
1041 3579 1084 3609 vel
1100 3589 1146 3609 ex-

97 3619 305 3650 communicati
325 3616 445 3647 existunt
467 3618 511 3646 vel
525 3627 583 3646 non
599 3616 735 3654 existunt,
753 3625 799 3646 aut
815 3626 915 3647 eorum
929 3618 1025 3655 aliquis
1039 3617 1083 3647 vel
1097 3618 1147 3648 ali-

98 3667 151 3696 qua
165 3656 255 3687 existit
270 3655 314 3686 vel
332 3655 391 3686 non
407 3654 515 3692 existit,
535 3663 583 3685 aut
599 3655 663 3685 inde
678 3655 805 3685 indictari
821 3656 942 3692 impetiri
962 3656 1088 3693 appellari
1103 3667 1147 3687 re-

98 3696 166 3725 etati
183 3694 296 3733 utlagari
311 3694 445 3724 convinci
459 3693 585 3730 suspendi
602 3693 844 3724 excommunicari
860 3693 958 3731 attingi
971 3694 1148 3727 condemna-

99 3735 121 3762 ri
136 3733 191 3763 five
204 3732 353 3771 adjudicari
368 3733 556 3770 contigerint,
570 3731 616 3762 seu
629 3741 728 3763 eorum
743 3731 840 3768 aliquis
853 3733 898 3762 vel
913 3732 1004 3769 aliqua
1017 3734 1148 3771 contige-

99 3771 134 3800 rit
159 3772 189 3800 in
208 3771 355 3801 futurum:
397 3769 432 3800 Et
453 3774 517 3801 licet
538 3771 636 3801 eadem
658 3769 789 3800 Offensas
810 3769 940 3800 Crimina
955 3769 1149 3809 Contemptus

98 3808 212 3839 Riottas
233 3808 360 3845 Routas,
377 3808 482 3838 illicitas
504 3808 756 3846 Affemblationes,
775 3807 1003 3847 Conspirationes
1028 3809 1148 3840 Malefa—

99 3847 146 3876 <sta
168 3846 364 3889 Malegesturas
389 3848 423 3878 δε
447 3855 546 3877 caetera
566 3846 709 3878 Praemissa
730 3846 773 3875 vel
785 3856 887 3877 eorum
900 3846 1030 3885 aliquod,
1049 3858 1145 3878 corani

98 3883 203 3925 Nobis⁴
216 3885 248 3914 &
271 3883 401 3914 Consilio
423 3884 522 3914 nostro
546 3885 574 3914 in
589 3884 708 3915 Camera
723 3884 854 3922 Stellata,
868 3884 1031 3923 Justiciariis
1046 3885 1147 3917 nostris

96 3923 130 3953 ad
148 3921 304 3964 Aslisasyel
319 3923 421 3953 Goalae
436 3923 685 3960 deliberationem,
702 3923 746 3954 vel
759 3922 898 3960 aliquibus
912 3924 969 3953 aliis
982 3923 1075 3954 Curiis
1090 3935 1144 3954 no-

96 3961 173 3999 stris,
192 3959 281 4003 vel-in
297 3960 580 4003 Foro-Ecclesiastico
597 3970 697 3991 coram
710 3961 805 3998 aliquo
815 3960 918 4000 Judice
930 3961 1128 3993 Ecclesiastico
1138 3986 1147 4001 ,

94 4009 140 4031 aut
162 3998 297 4037 aliquibus
316 3997 464 4036 judicibus
486 3998 705 4038 Ecclefiasticis,
722 4000 767 4031 vel
789 4009 887 4031 coram
902 3999 1040 4040 aliquibus
1054 3999 1149 4033 Com-

1171 312 1287 352 Baillzfs
1313 310 1352 348 &¹
1376 325 1423 343 nos
1443 321 1536 343 autres
1555 312 1675 351 Officiers
1698 326 1716 344 a
1731 317 1778 352 qui
1793 313 1816 343 il
1827 314 2036 354 appartiendra‚
2051 322 2118 345 tant
2133 326 2171 345 au
2184 317 2232 345 de-

1171 353 1241 382 dans
1262 351 1344 392 qu'au
1367 352 1461 382 dehors
1483 352 1528 381 das
1546 351 1722 391 Franchifir,
1735 356 1900 390 pourvoient
1919 363 1990 387 avec
2000 351 2094 392 lefisits
2102 352 2233 392 pe¹cheura

1170 402 1219 430 que
1242 401 1290 419 nos
1311 392 1402 427 Sujets
1422 401 1456 420 ne
1471 390 1562 429 soient
1579 400 1632 430 pas
1652 392 1726 421 lezess
1733 399 1788 429 par
1802 402 1903 420 aucune
1907 390 2057 430 semblable
2070 391 2182 423 enchere
2198 403 2233 429 0¹¹.

1170 432 1374 465 augmentation
1397 429 1429 458 de
1446 433 1514 467 prix
1534 429 1571 458 du
1593 429 1713 468 Poifflm,
1725 428 1778 468 sier
1793 433 1872 468 peine
1895 430 2044 461 d'encourir
2057 438 2136 461 notre
2147 426 2232 461 haute

1170 468 1348 535 indignation·
1363 465 1402 502 &
1420 466 1485 497 telle
1501 471 1631 506 punition
1653 467 1797 498 ulte‘rieure
1808 471 1853 510 qui
1863 475 1966 506 pourra
1981 468 2041 499 leur
2055 468 2112 499 etre
2124 469 2230 509 infligee

1164 513 1220 544 par
1233 515 1280 534 nos
1324 516 1380 535 oix.

1206 545 1326 574 Te'moins
1338 543 1512 575 nous-memes
1523 544 1542 575 ἂ
1557 544 1592 576 N
1594 545 1752 577 ewmarket
1760 569 1771 583 ,
1789 544 1814 575 le
1821 543 1955 584 septime·
1964 545 1996 575 de
2009 546 2132 577 Fffivrier.

1763 621 1819 653 Per
1836 622 1929 661 ipsum
1947 621 2074 661 Regem.

1172 760 1346 805 mlsfionariis
1358 760 1458 792 nostris
1466 761 1664 793 Ecclefiasticis
1672 786 1682 801 ,
1688 762 1734 794 vel
1744 772 1797 801 pro
1805 761 1902 794 Caufis
1908 762 2108 796 Ecclefiasticis
2124 766 2171 798 vel
2185 766 2236 797 ali·

1170 809 1230 846 qqo
1247 799 1301 830 alio
1315 800 1406 830 modo
1417 801 1701 839 perJurisdie'tionem
1709 801 1936 833 Ecclefiasticam
1945 826 1956 842 ,
1969 805 2057 834 autin
2073 805 2164 844 aliqua
2172 805 2235 838 Cu—

1171 848 1213 869 ria
1228 837 1441 883 Ecclefiastica,
1459 839 1578 870 triabiles
1591 840 1788 871 examinabiles
1802 840 1846 872 vel
1858 841 2081 873 determinabiles
2096 844 2236 882 existant,

1173 876 1221 910 vel
1233 878 1383 908 examinari
1403 879 1477 908 triari
1490 878 1670 909 determinari
1684 887 1733 910 aut
1745 879 1849 910 censeri
1862 880 1984 911 debeant
1999 881 2044 912 vel
2057 884 2208 919 potuerint.

1206 915 1252 946 Ac
1263 954 1268 960 ·
1278 925 1383 947 omnes
1403 917 1438 947 &
1459 917 1645 948 omnimodas
1657 917 1753 948 Seetas
1767 919 1801 950 &
1815 917 2034 950 Prosecutiones
2049 920 2231 961 quascunque

1170 962 1220 998 per
1235 954 1359 993 aliquam
1375 953 1548 994 Personam,
1566 956 1610 986 vel
1627 965 1675 993 per
1689 955 1790 994 aliquas
1804 954 1938 986 Personas
1954 966 2111 994 quaerentes
2124 960 2169 991 vel
2183 971 2234 992 ex-

1170 993 1299 1037 hibentes
1308 1015 1325 1037 ,·
1335 993 1380 1024 vel
1396 1002 1445 1030 per
1461 993 1582 1032 aliquem
1590 993 1727 1032 judicem
1741 994 1786 1026 vel
1799 994 1908 1032 aliquos
1919 994 2052 1033 Judices,
2071 1005 2120 1027 aut
2136 997 2233 1031 Com-

1173 1031 1360 1062 miffionarios
1382 1030 1494 1062 nostros
1512 1031 1724 1064 Ecclefiasticos
1744 1032 1790 1062 vel
1811 1033 1838 1062 in
1858 1031 1955 1063 Caufis
1977 1033 2180 1067 Ecclefiasticis
2200 1043 2235 1070 ex

1171 1068 1285 1101 Officio
1307 1079 1380 1109 puro
1403 1078 1485 1099 mero
1509 1071 1554 1101 vel
1578 1071 1684 1106 mixto,
1702 1070 1748 1102 vel
1771 1070 1911 1108 aliquibus
1929 1071 1986 1102 aliis
2005 1072 2056 1103 viis
2072 1076 2171 1106 mediis
2183 1086 2232 1110 aut

1172 1109 1268 1139 modis
1285 1108 1377 1138 versus
1393 1107 1541 1138 Marcham
1554 1110 1572 1129 ¹¹¹
1581 1108 1714 1147 Thorold,
1733 1110 1856 1139 Nathan
1869 1110 1963 1148 Spike,
1976 1110 2137 1150 Johannem
2151 1113 2229 1145 Phil-

1170 1145 1231 1185 lips,
1248 1145 1447 1177 Elizabetham
1463 1147 1596 1178 Uxorem
1610 1149 1678 1187 ejus,
1695 1151 1845 1179 Henricum
1860 1151 1973 1187 Crampe
1986 1151 2020 1182 δε
2034 1149 2234 1184 Elizabetham

1169 1184 1309 1231 ΤβοζνιεΙΙ,
1325 1186 1370 1230 vel
1384 1195 1487 1228 eorum
1500 1186 1621 1225 aliquem
1637 1187 1682 1217 vel
1695 1187 1829 1225 aliquam,
1847 1186 1954 1224 aliquos
1968 1189 2014 1219 vel
2028 1189 2140 1229 aliquas,
2157 1194 2187 1223 in
2203 1204 2234 1225 a-

1170 1223 1358 1268 liqua-Curia
1379 1223 1593 1263 Eccleiiastica,
1611 1226 1655 1257 vel
1671 1235 1768 1256 coram
1789 1225 1888 1262 aliquo
1902 1225 2006 1263 Judice
2030 1229 2075 1259 vel
2096 1230 2234 1267 aliquibus

1166 1262 1315 1331 l{iudicibus
1330 1262 1374 1293 vel
1391 1262 1646 1295 Commiffionariis
1658 1264 1759 1295 nostris
1774 1262 1988 1303 Ecclesiasticis,
2003 1274 2051 1298 aut
2065 1277 2118 1305 pro
2133 1268 2232 1301 Caufis

1195 1300 1371 1346 cclesiassficis
1386 1324 1395 1340 ,
1447 1312 1480 1332 ro
1503 1303 1643 1340 praedietis
1664 1302 1789 1334 Offensis
1811 1301 1990 1335 Criminibus
2008 1305 2235 1347 Contempzibus

1169 1339 1331 1384 Malefassis
1343 1340 1376 1372 &
1432 1340 1592 1378 alegesturis
1609 1341 1732 1380 superius
1748 1351 1796 1380 per
1810 1341 1962 1373 Praesentes
1976 1345 2157 1377 mentionatis
2168 1348 2234 1379 fore

1169 1378 1336 1422 pardonatis-
1345 1379 1462 1410 remissis
1475 1381 1509 1411 ὃς
1522 1380 1654 1418 relaxatis,
1671 1389 1718 1411 aut
1734 1389 1836 1411 eorum
1850 1380 1946 1419 aliquo
1960 1382 2006 1412 vel
2019 1384 2164 1423 aliquibus,
2183 1396 2234 1418 an-

1170 1417 1251 1462 tehac
1269 1416 1372 1448 habitis
1387 1418 1466 1449 factis
1480 1419 1526 1449 seu
1541 1419 1714 1458 prosecutis,
1730 1428 1779 1451 aut
1798 1420 1988 1460 imposterum
2009 1421 2146 1455 habendis
2165 1424 2236 1456 fien-

1170 1458 1212 1490 dis
1229 1455 1275 1486 seu
1294 1457 1500 1496 prosequendis.

1211 1496 1258 1527 Ac
1280 1506 1383 1528 omnes
1403 1498 1437 1528 ὅ(
1460 1495 1580 1534 fingulos
1601 1495 1683 1527 Fines
1707 1495 1905 1528 Forisfaauras
1925 1498 2028 1530 Poenas
2043 1499 2215 1541 Corporales

1174 1536 1362 1567 Poenitentias
1382 1533 1804 1579 Publica5,⁴1mprisonamenta
1824 1535 1992 1570 Punitiones
2007 1548 2040 1570 ac
2057 1549 2157 1571 omnes
2171 1525 2236 1572 alia}

1175 1575 1282 1606 Poenas
1302 1574 1480 1613 quascunque
1495 1596 1504 1611 ,
1529 1583 1558 1603 in
1581 1574 1626 1604 vel
1648 1583 1751 1605 contra
1778 1574 1912 1612 praefatos
1934 1577 2083 1608 Marcham
2097 1578 2233 1619 Thorold‚

1174 1613 1297 1644 Nathan
1316 1614 1393 1652 Spike
1407 1636 1417 1651 ‚
1439 1611 1604 1651 Johannem
1625 1610 1739 1651 Phillips
1752 1635 1761 1651 ,
1788 1611 1986 1645 Elizabetham
2006 1616 2140 1648 Uxorem
2158 1619 2216 1658 ejus
2224 1620 2241 1658 ,’

1175 1655 1325 1683 Henricum
1347 1655 1458 1691 Crampe
1480 1652 1512 1682 ὃ(
1537 1650 1738 1680 Elizabetham
1764 1650 1909 1689 Thornell,
1927 1655 1973 1685 vel
1996 1665 2098 1686 eorum
2111 1657 2236 1695 aliquem

1175 1692 1222 1723 vel
1239 1691 1379 1729 aliquam,
1397 1691 1506 1728 aliquos
1519 1689 1565 1732 vel
1575 1689 1697 1732 aliquas,
1715 1689 1853 1727 injunctas
1865 1691 1953 1722 affisas
1966 1692 2023 1723 five
2038 1693 2171 1734 inflitstas,
2188 1695 2236 1727 vel

1175 1729 1366 1768 imposterum
1388 1727 1514 1759 ferendas
1544 1726 1726 1769 injungendas
1749 1727 1900 1759 affidendas
1922 1730 1969 1761 seu
1997 1731 2161 1772 infligendas
2184 1745 2238 1773 pro

1177 1767 1328 1800 Praemiffis
1347 1767 1468 1806 superius
1484 1767 1512 1796 in
1528 1766 1706 1804 praeientibus
1719 1766 1899 1797 mentionatis
1912 1767 1977 1800 fore
1991 1771 2168 1812 pardonatis,
2186 1782 2235 1805 aut

1175 1816 1277 1839 eorum
1292 1806 1387 1844 aliquo
1403 1806 1446 1836 vel
1463 1804 1612 1843 aliquibus.

1211 1846 1344 1877 Necnon
1368 1846 1466 1875 omnia
1484 1845 1517 1875 ὅ(
1532 1841 1861 1887 ringulaindietamenta
1873 1843 1987 1884 Judicia
2001 1844 2236 1881 Condemnatio—

1176 1894 1225 1916 nes
1248 1884 1438 1915 Executiones
1456 1881 1779 1913 Excommunicationes
1799 1881 1955 1916 Sententias
1977 1884 2105 1918 Decreta
2130 1882 2238 1920 Poenas

1174 1926 1208 1956 &
1229 1922 1411 1954 Poenalitates
1433 1921 1629 1960 quascunque,
1646 1921 1682 1951 de
1707 1925 1760 1959 pro
1782 1920 1839 1952 sive
1860 1924 2061 1958 concernentia
2084 1925 2238 1959 Praemii'fis

1173 1963 1297 2000 superius
1318 1972 1365 1999 per
1386 1960 1540 1991 Praesentes
1559 1959 1742 2002 mentionatis
1764 1959 1826 1990 fore
1839 1961 1995 1998 pardonatis
2010 1963 2128 1995 remissis
2143 1966 2175 1997 &
2191 1977 2237 1997 re-

1172 2002 1281 2041 laxatis,
1299 2000 1354 2031 sive
1375 2008 1478 2031 eorum
1500 1998 1616 2037 aliquod
1640 1999 1686 2028 vel
1711 1998 1802 2036 aliqua
1816 1999 1846 2028 iii
1864 1999 1944 2038 super
1965 2000 2012 2033 vel
2027 2002 2120 2035 versus
2134 2006 2238 2042 praedi·

1173 2041 1236 2072 &os
1259 2038 1406 2071 Marcham
1429 2037 1558 2076 Tmrold,
1575 2037 1698 2067 Nathan
1721 2037 1817 2076 Spike,
1833 2035 2000 2076 Johannem
2022 2041 2154 2082 Phillips,
2173 2043 2238 2074 Eli·-

1172 2079 1323 2109 zabetham
1346 2077 1481 2108 Uxorem
1501 2078 1576 2114 ejus,
1590 2078 1740 2106 Henricum
1753 2079 1865 2114 crampe
1882 2079 1915 2110 &
1936 2079 2134 2111 Elizabetham
2149 2082 2235 2113 Thor-

1171 2118 1245 2156 nell,
1266 2120 1321 2149 sive
1342 2125 1444 2148 eorum
1466 2115 1588 2153 aliquem
1610 2116 1655 2146 vel
1673 2115 1815 2153 aliquam,
1831 2116 1936 2155 aliquas
1954 2119 1998 2149 vel
2010 2118 2118 2157 aliquos
2131 2121 2238 2153 habitas

1172 2157 1259 2187 facias
1283 2155 1400 2198 redditas
1421 2155 1476 2198 sive
1495 2154 1678 2192 adjudicatas,
1695 2163 1743 2184 aut
1769 2154 1956 2194 imposterum
1978 2152 2116 2190 habendas
2133 2158 2240 2191 fiendas

1172 2195 1326 2226 reddendas
1349 2196 1404 2224 live
1425 2193 1637 2231 adjudicandaS,
1656 2201 1702 2224 aut
1727 2202 1791 2231 quae
1812 2203 1864 2224 nos
1886 2197 1979 2226 versus
1997 2196 2068 2235 ipsos
2083 2198 2239 2230 Markham

1171 2234 1305 2273 Thorold,
1324 2231 1445 2262 Nathan
1459 2232 1544 2270 Spike,
1563 2230 1724 2269 Johannern
1740 2231 1863 2270 Phillips,
1880 2233 2082 2266 Elizabetham
2100 2235 2237 2269 Uxorem

1173 2273 1251 2311 ejtis,
1268 2274 1412 2302 Henricum
1440 2273 1553 2308 Crampe
1576 2271 1609 2301 &
1626 2269 1827 2300 Elizabetha'm
1845 2270 1994 2312 lernell‚
2012 2275 2059 2304 vel
2075 2285 2173 2307 earum
2185 2277 2237 2308 ali-

1174 2321 1264 2348 quem
1286 2311 1333 2341 vel
1355 2310 1492 2348 aliquam,
1510 2309 1618 2347 aliquos
1641 2310 1684 2339 vel
1707 2310 1824 2348 aliquas,
1843 2320 1894 2348 pro
1917 2311 2070 2343 Praemiffis
2083 2314 2127 2345 vel
2141 2315 2239 2354 aliquo

1175 2350 1410 2387 Praemfflorum,
1429 2347 1580 2379 habuimus
1595 2347 1731 2378 habemus
1747 2349 1791 2378 (eu
1806 2349 1835 2378 in
1852 2350 1979 2381 futurum
1994 2350 2097 2384 habere
2112 2356 2238 2391 potueri-

1176 2398 1257 2433 mus,
1275 2396 1323 2458 azir
1344 2386 1482 2426 Haeredes
1497 2387 1541 2418 vel
1557 2386 1738 2417 Successores
1752 2386 1840 2417 nostri
1857 2388 1914 2419 ullo
1930 2389 2021 2421 modo
2040 2391 2144 2423 habere
2156 2401 2239 2431 pote-

1174 2435 1229 2458 rint
1248 2437 1277 2457 m
1305 2435 1428 2457 uturum.

1213 2465 1345 2496 Necnon
1367 2474 1470 2495 omnes
1492 2464 1526 2495 &
1550 2463 1664 2503 singulas
1686 2462 1862 2504 Utlagarias,
1879 2465 1898 2496 fi
1920 2475 1985 2504 quae
1998 2466 2090 2499 versus
2105 2469 2239 2507 praefatos

1178 2504 1324 2534 vMarcham
1345 2502 1460 2533 Thorold
1471 2525 1481 2540 ,
1506 2501 1629 2532 Nathan
1649 2503 1744 2540 Spike,
1769 2503 1923 2540 Johannem
1944 2504 2078 2546 Phillips,
2100 2506 2234 2538 Elizabe-

1177 2542 1256 2573 tham
1277 2542 1411 2573 Uxorem
1433 2542 1506 2580 ejus,
1523 2543 1671 2570 Henricum
1692 2546 1806 2581 Crampe
1827 2543 1861 2574 &
1883 2543 2083 2576 Elizabetham
2096 2546 2237 2585 Thornell,

1179 2582 1233 2611 five
1253 2590 1354 2611 eorum
1368 2580 1491 2618 aliquem
1509 2580 1553 2621 vel
1567 2581 1707 2619 aliquam,
1724 2581 1830 2618 aliquos
1843 2581 1888 2613 vel
1901 2583 2019 2621 aliquas,
2036 2593 2090 2621 pro
2105 2583 2237 2615 Praemis-

1178 2620 1210 2650 sis
1233 2620 1276 2650 vel
1299 2620 1394 2657 aliquo
1416 2617 1632 2649 Praemifforum
1654 2620 1840 2658 promulgatae
1853 2619 2027 2651 fueruntseu
2041 2619 2077 2652 in¹

1177 2668 1260 2689 erunt
1278 2657 1509 2696 promulgandae,
1533 2656 1705 2693 Sestamque
1721 2656 1799 2688 Pacis
1813 2657 1916 2688 nostrae
1934 2668 1996 2696 quae
2009 2659 2043 2690 ad
2127 2622 2235 2657 stefflm

2096 2671 2129 2691 os
2162 2663 2206 2691 ers

1181 2696 1274 2727 dictos
1290 2695 1440 2726 Marcham
1456 2695 1585 2733 Thorold,
1603 2695 1726 2724 Nathan
1740 2696 1836 2733 Spike,
1853 2695 2016 2733 Johannem
2031 2671 2161 2738 Philliprj,l
2172 2672 2236 2730 Εῗὶῗ

1177 2734 1329 2765 zabetham
1350 2734 1486 2764 Uxorem
1510 2734 1583 2772 ejus,
1601 2735 1747 2763 Henricurn
1761 2737 1873 2772 Crampe
1887 2735 1920 2765 δί
1937 2735 2136 2767 Elizabetham
2151 2738 2236 2769 Thor-

1179 2773 1250 2811 nell,
1268 2782 1317 2803 aut
1339 2781 1441 2803 eorum
1461 2772 1582 2809 aquuem
1603 2771 1645 2802 vel
1668 2771 1805 2810 aliquam,
1819 2773 1926 2810 aliquos
1949 2774 1997 2813 vel
2012 2775 2115 2813 aliquas
2126 2777 2235 2809 ratione

1179 2811 1393 2841 Praemissorum
1415 2809 1460 2841 vel
1481 2819 1582 2841 eorum
1603 2809 1716 2847 alicujus
1738 2813 1859 2847 pertinet
1882 2811 1937 2842 five
1956 2813 2095 2850 pertinere
2115 2817 2236 2854 poterit;

1178 2849 1217 2881 Et
1237 2849 1350 2880 sirmam
1374 2849 1479 2880 Pacem
1502 2848 1627 2879 nostram
1647 2848 1750 2879 eisdem
1774 2848 1939 2879 Marthama
1955 2850 2086 2890 Thorold,
2110 2853 2233 2884 Nathan

1177 2889 1254 2926 Spike
1264 2911 1272 2925 ,
1289 2887 1422 2926 Johanni
1444 2885 1572 2926 Phillips,
1592 2886 1768 2917 Elizabethae
1783 2887 1880 2917 Uxori
1895 2889 1970 2926 ejus,
1980 2887 2105 2920 >Henrirm
2119 2887 2233 2931 Crampe

1179 2929 1212 2959 &
1232 2925 1409 2956 Elizabethae
1424 2925 1553 2955 Thornell
1563 2927 1597 2958 &
1610 2935 1711 2956 eorum
1727 2925 1843 2957 cuilibet
1856 2927 1922 2957 inde
1937 2928 2036 2959 damus
2052 2929 2084 2961 ὃς
2099 2929 2237 2962 concedi-

1178 2964 1546 3041 ωιὶὲἐὲξιῐέἒῗέἑὶείεἰέεω
1562 3001 1709 3032 Marcham
1723 3001 1853 3046 Thorold,
1868 3003 1992 3036 Nathan
2004 3006 2100 3045 Spike,
2118 3007 2235 3046 Johan-

1179 3053 1224 3072 nes
1247 3041 1377 3080 Phillips,
1395 3043 1428 3072 &
1452 3039 1623 3070 Elizabetha
1645 3039 1730 3070 Uxor
1752 3051 1825 3080 ejus,
1844 3045 1980 3073 Henricus
1995 3048 2108 3083 Crampe
2123 3046 2156 3077 &
2173 3047 2236 3077 Eli-

1180 3080 1303 3110 zabetha
1324 3079 1464 3117 Thornell,
1480 3079 1524 3109 vel
1548 3089 1650 3110 eorum
1671 3079 1767 3117 aliquis
1791 3081 1838 3111 vel
1854 3082 1960 3119 aliqua,
1977 3083 2061 3120 aliqui
2079 3084 2125 3114 vel
2136 3085 2238 3122 aliquae

1181 3129 1230 3157 per
1252 3118 1411 3162 Episcopos
1431 3118 1602 3161 Ordinatios⁴
1620 3116 1811 3149 Cancellarios
1835 3118 2109 3153 Commiffionarios
2120 3122 2240 3162 Judices

1176 3156 1350 3195 justiciarios
1371 3157 1514 3193 Maiorem
1536 3155 1666 3186 Civitatis
1684 3156 1810 3187 London
1824 3158 1857 3188 ὃς
1873 3158 2079 3191 Aldermannos
2093 3159 2219 3199 ejusdem

1182 3195 1381 3227 vicecomites
1400 3195 1564 3225 Escaetores
1583 3194 1703 3225 Ballivos
1727 3195 1783 3226 five
1796 3196 1902 3235 aliquos
1914 3197 1982 3228 alios
1996 3197 2160 3231 Officiarios
2177 3187 2240 3231 Mi:

1182 3234 1284 3265 nistros
1304 3235 1359 3264 sive
1381 3233 1516 3264 Subditos
1541 3233 1651 3262 nostros
1673 3232 1829 3264 Haeredum
1847 3235 1892 3265 vel
1907 3234 2110 3268 Succefforum
2128 3238 2241 3270 nostro-

1182 3283 1246 3303 rum
1257 3296 1266 3311 ,
1283 3272 1478 3303 occasionibus
1500 3271 1594 3301 8ectae
1615 3271 1670 3301 sive
1684 3271 1817 3311 Qerelae
1835 3273 2053 3314 praedictarum,
2064 3277 2126 3308 sive
2142 3287 2241 3309 earum

1181 3311 1289 3350 aliqua,
1309 3310 1492 3341 molestentur
1509 3311 1704 3347 perturbentur
1723 3311 1768 3341 seu
1785 3312 1814 3340 in
1826 3312 1920 3350 aliquo
1937 3323 2107 3354 graventur,
2127 3325 2175 3347 aut
2189 3327 2241 3347 eo-

1182 3358 1246 3380 rum
1261 3350 1357 3388 aliquis
1373 3349 1536 3379 molestetur
1551 3349 1725 3386 perturbetur
1740 3349 1786 3380 seu
1801 3351 1829 3380 in
1847 3351 1942 3389 aliquo
1957 3361 2102 3393 gravetur,
2140 3355 2182 3386 lta
2197 3366 2240 3387 ta·-

1182 3397 1250 3418 men
1265 3389 1346 3426 quod
1368 3387 1442 3418 stent
1458 3389 1490 3418 &
1504 3397 1605 3417 eorum
1620 3387 1736 3425 quilibet
1752 3387 1804 3419 stet
1822 3389 1913 3420 restus
1927 3391 1956 3420 in
1978 3390 2066 3425 Curia
2083 3392 2178 3424 nostra
2189 3416 2198 3431 ,
2218 3393 2238 3423 fi

1181 3427 1242 3469 quis
1264 3426 1354 3456 versus
1373 3436 1422 3470 eos
1440 3427 1485 3455 seu
1507 3435 1609 3456 eorum
1621 3425 1745 3464 aliquem
1758 3426 1839 3466 loqui
1854 3428 1975 3460 voluerit
1987 3429 2183 3470 depraemiffis
2196 3432 2241 3463 vel

1179 3464 1275 3500 aliquo
1289 3463 1516 3494 Praemifforum.

1197 3540 1202 3546 ·
1218 3502 1255 3532 Et
1270 3502 1384 3533 ulterius
1397 3502 1432 3532 de
1445 3502 1566 3533 uberiori
1585 3500 1684 3532 Gratia
1701 3502 1795 3534 nostra
1810 3503 1930 3542 speciali,
1946 3515 1980 3536 ac
1997 3515 2030 3536 ex
2047 3507 2125 3538 certa
2139 3508 2239 3539 Scien-

1181 3539 1220 3584 tia
1240 3541 1273 3571 &
1291 3551 1371 3572 mero
1388 3540 1477 3571 Motu
1493 3540 1611 3579 nostris,
1631 3541 1781 3579 volumus,
1797 3552 1831 3573 ac
1847 3552 1895 3580 per
1911 3544 2080 3583 PraescnteS,
2098 3555 2152 3584 pro
2168 3546 2239 3576 No-

1181 3579 1224 3607 bis
1258 3579 1425 3610 Haeredibus
1457 3580 1489 3610 &
1524 3579 1737 3609 Successoribus
1762 3580 1865 3611 nostris
1877 3604 1887 3618 ,
1913 3584 2097 3613 concedimus
2119 3584 2238 3622 praefatis

1182 3617 1346 3647 Marthama
1364 3617 1494 3655 Thorold,
1513 3617 1638 3648 Nathan
1652 3618 1745 3655 Spike,
1792 3618 1892 3649 ohanni
1906 3619 2035 3660 Phillips,
2061 3620 2237 3652 Elizabethae

1181 3654 1277 3699 Uxori
1300 3658 1374 3694 ejus,
1392 3659 1509 3686 Hearico
1533 3659 1644 3696 Crampe
1666 3658 1698 3686 δε
1722 3658 1748 3686 Ε
1761 3657 1899 3688 izabethae
1923 3659 2067 3696 Thornell,
2084 3659 2116 3689 &
2132 3669 2236 3691 eorum

1181 3693 1315 3736 cuilibet,
1331 3693 1411 3732 quod
1429 3695 1476 3724 hae
1492 3695 1597 3726 Literae
1614 3694 1718 3725 nostrae
1734 3694 1866 3726 Patentes
1881 3707 1914 3727 ac
1928 3699 2025 3728 omnia
2039 3698 2073 3728 &
2089 3697 2193 3735 singula
2207 3701 2236 3730 in

1183 3732 1286 3762 eisdem
1310 3742 1462 3770 contenta,
1480 3734 1523 3764 vel
1546 3733 1795 3764 Irrotulamentum
1809 3734 1990 3774 earumdem,
2007 3737 2035 3765 in
2053 3738 2188 3767 omnibus
2202 3740 2237 3770 δε

2257 1134 2273 1151 “*
2289 1134 2386 1167 xvii.

2256 1171 2324 1204 666.

1181 3779 1231 3807 per
1252 3773 1350 3802 omnia
1374 3780 1439 3810 erga
1461 3773 1492 3801 ὃ(
1511 3780 1613 3802 contra
1634 3772 1702 3802 Nos
1715 3771 1853 3803 Haeredes
1867 3774 1900 3804 &
1918 3772 2095 3804 Succeffores
2108 3776 2238 3816 nostros,
2290 3776 2294 3780 ’

1183 3810 1268 3852 bona:
1288 3809 1380 3840 firmae
1403 3809 1502 3840 validae
1522 3809 1690 3841 sufficientes
1706 3810 1741 3840 &-
1756 3810 1917 3842 effeetuaies
1931 3814 1960 3842 in
1978 3811 2055 3849 Lege
2073 3811 2186 3845 stabunt
2201 3816 2237 3846 δε

1182 3847 1314 3879 existent·
1354 3847 1423 3878 Nec
1445 3859 1504 3878 non
1528 3847 1728 3879 construentur
1743 3850 1777 3879 &
1791 3850 2238 3889 exponentur'interpretabuntur

1185 3886 1218 3916 &
1230 3871 1461 3931 adjudicabuntur
1477 3888 1505 3916 in
1522 3887 1659 3930 omnibus
1672 3886 1767 3918 Curiis
1782 3887 1894 3926 nostris,
1908 3897 1943 3918 ac
1952 3896 2053 3917 coram
2066 3890 2239 3928 quibuscun-

1181 3934 1237 3965 que
1256 3925 1404 3964 Judicibus
1429 3926 1460 3954 δε
1483 3923 1743 3956 Commiffionariis
1761 3927 1795 3957 &
1817 3926 1883 3956 alibi
1895 3926 1923 3954 in
1937 3925 2190 3959 beneficentissimo
2204 3931 2238 3962 &

1180 3963 1378 4002 benignissimo
1396 3963 1493 4001 sensu,
1511 3964 1544 3994 &
1564 3973 1616 4001 pro
1637 3965 1762 3994 maximo
1783 3963 1955 3994 Commodo
1975 3966 2009 3995 &
2024 3965 2142 3997 firmiori
2156 3966 2236 3997 Exo-

1181 4004 1325 4035 neratione
1339 4001 1521 4041 praefatorum
1539 4001 1688 4033 Marcham
1703 4001 1829 4040 Thorold,
1847 4001 1972 4035 Nathan
1985 4002 2080 4044 Spike,
2096 4004 2238 4044 Johannis

2181 4044 2251 4076 Phi.
