2557 4279
717 231 828 271 ET
924 233 1192 276 ACTA

44 316 119 348 Ann.
130 315 171 347 D.
220 313 362 347 Noverint
377 324 476 347 omnes
490 318 524 349 δε
537 316 634 357 singuli
649 316 813 356 quod,post
824 317 987 349 diuturnum
1003 319 1037 350 &
1053 317 1234 349 saeviffimum

68 356 154 394 1605.
188 351 329 397 Bellorum
342 353 537 397 incendium,
555 366 613 393 quo
631 355 801 386 Christianae
814 354 975 387 Provinciae
991 367 1039 394 per
1053 357 1159 387 multos
1174 358 1237 387 An-
1270 360 1330 390 &c.
1346 368 1377 390 ut
1394 368 1467 397 patet
1485 360 1558 391 Man

43 395 124 433 3Jac.
144 405 167 423 i.
188 401 238 422 nos
251 392 349 430 infigni
361 393 464 429 jacitur-{i
479 394 704 433 conflagrarunt,
723 394 813 431 Deus,
830 395 859 424 in
875 396 953 433 cujus
968 395 1060 425 Manu
1074 396 1172 437 omnia
1186 405 1238 432 po·
1263 396 1360 435 sterii,
1379 397 1428 427 sub
1447 397 1505 428 Die
1521 408 1549 436 9.

45 1275 155 1304 ‘XVL

47 1315 111 1345 618⁴

187 431 234 461 fita
254 429 334 473 sunt,
352 439 387 460 ex
406 431 463 462 alto
484 433 645 471 respiciens,
663 434 696 464 &
710 433 751 463 sui
764 432 884 471 Populi,
899 435 945 463 cui
962 442 991 464 ut
1006 433 1111 464 Pacem
1127 433 1238 464 afferret

185 469 219 500 &
234 467 400 506 relinqueret
420 473 565 508 proprium
581 471 753 508 Sanguinem
767 470 913 501 effundere
927 481 987 501 non
1003 472 1160 510 dubitavit,
1178 470 1237 501 Ca-

184 507 318 537 tamitaoes
332 506 480 545 miseratus,
496 507 759 541 Potentiffimorum
774 508 925 539 Christiani
944 509 1059 546 Imperii
1072 509 1237 547 Principum

185 544 277 575 stabili
290 546 684 585 conjunstionessaevientem
696 547 795 585 Ignem
810 555 940 586 potenter
955 548 1089 585 restinxit,
1103 549 1136 578 δε
1147 549 1238 578 Diem

185 583 284 620 Pacis,
304 582 394 626 Diem
417 585 658 624 Tranquillitatis,
676 586 816 622 hucusque
838 586 925 621 magis
940 593 1065 622 optatam
1080 596 1164 623 quam
1178 585 1240 623 spe-

185 630 288 659 ratam,
309 622 524 654 misericorditer
539 625 645 654 attulit·
668 623 803 653 devolutis
816 623 893 651 enim
903 632 966 659 ,per
980 623 1062 660 ipsius
1077 623 1133 654 Dei
1144 623 1240 654 Maxi-

184 661 225 690 mi
240 659 388 698 Gratiam,
405 661 439 692 ad
454 663 613 700 extirpanda
627 646 838 691 Discordiatum
854 659 984 699 Semina,
1004 661 1115 700 Angliae
1131 664 1164 693 ὅ(
1182 661 1239 692 Hi-

185 701 291 731 berniae
313 697 421 737 Regnis
440 701 474 731 ad
487 699 678 767 Serengimum
691 698 828 736 Jacobum
843 701 934 727 Scotiae
949 701 1059 737 Regem,
1077 699 1240 738 sublatisque

185 738 252 768 ideo
268 738 318 767 illis
334 736 549 768 Diffenfionum
595 738 679 774 ausis,
697 746 761 773 quae
776 735 849 765 Bella
863 737 934 766 inter
951 737 1146 768 Aiiteceffores
1159 738 1240 767 Sere-

184 776 365 807 niffimorum
381 775 544 812 Principum
563 774 678 813 Philippi
697 777 756 804 ΙΙΙ.
769 772 965 812 Hispaniarum
978 777 1056 812 Regis
1076 776 1109 806 &
1125 775 1242 805 Alberti

188 827 222 847 ac
237 813 358 854 Isabellae
365 812 454 844 Clarae
467 815 596 850 Eugeniae
610 812 734 852 Austriae
746 812 931 842 Archiducum
943 816 1049 842 Ducum
1060 814 1243 852 Burgundiae,

190 856 225 886 &
247 852 405 892 Sereniffi'mi
417 851 521 890 Jacobi
533 853 613 888 Regis
625 850 738 888 Angliae
753 850 861 880 tamdiu
873 851 1018 888 aluerunt,
1035 852 1242 883 animadverte-

189 900 257 924 runt
271 892 340 922 dieti
354 899 455 921 omnes
469 889 616 928 Principes
640 889 723 926 (Deo
740 888 839 919 Corda
854 888 970 919 illorum
987 889 1179 927 illuminante)
1200 891 1244 920 ni—

189 932 232 963 hil
247 928 400 968 superesse,
418 937 469 958 cur
482 927 652 966 Odiis,quae
669 936 818 965 nunquam
833 928 905 957 inter
917 926 988 964 ipsos
1000 928 1166 965 extiterunt,
1176 938 1239 958 cer-

190 976 295 1007 tarent,
314 967 358 998 vel
373 966 477 1007 Armis,
494 966 510 995 ὲ
523 966 624 1004 quibus
638 965 763 1004 Majores
779 964 905 1003 ipsorum
919 967 1027 1010 semper
1040 965 1242 1004 abstinuerunt,

189 1005 413 1041 contenderent,
431 1004 465 1034 &
488 1005 523 1033 ab
542 1004 734 1042 antiquiffimo
747 1013 781 1034 ac
796 1004 875 1043 supra
889 1002 1057 1033 Hominum
1072 1005 1241 1035 memoriam

190 1043 333 1078 custodito
351 1041 469 1072 Foedere
488 1041 678 1081 discederent,
695 1040 846 1073 arctiffima
867 1051 901 1071 ue
922 1040 1161 1080 Neceffitudinis,
1177 1051 1243 1081 quae

189 1081 328 1123 praediuo
347 1079 510 1119 Sereniffimo
531 1083 597 1118 Regi
614 1079 729 1118 Angliae
752 1089 821 1111 curn
844 1051 1029 1110 Sereniffimis
1041 1079 1191 1120 Austriaca
1204 1080 1244 1115 &-

189 1120 349 1157 Burgundia
369 1118 494 1149 Familiis
512 1119 673 1157 intercedit,
691 1118 813 1149 Vincula
828 1118 1047 1156 disrumperent,
1066 1129 1099 1149 ac
1116 1127 1242 1149 veterem

188 1158 375 1195 Amicitiam,
394 1158 477 1188 novis
491 1157 596 1197 semper
613 1168 646 1188 ac
665 1157 755 1188 indies
770 1157 920 1188 cumulatis
934 1158 1050 1187 Amoris
1064 1167 1098 1188 ac
1113 1157 1244 1188 Benevo-

191 1197 284 1228 lentiae
299 1195 415 1226 Officiis
425 1196 565 1226 excultam
576 1220 585 1235 ‚
603 1196 760 1233 violarent,

227 1235 396 1273 Propterea,
412 1234 509 1265 audito
527 1234 564 1265 de
584 1234 769 1265 Succeffione
782 1233 852 1263 dieti
865 1236 956 1264 Seren.
970 1237 1042 1264 Scot.
1055 1236 1120 1271 Reg.
1133 1233 1167 1263 ad
1181 1233 1243 1264 Re—

210 1284 246 1305 na
268 1273 383 1312 Angliae
403 1274 437 1304 &
452 1272 619 1310 Hiberniae,
636 1272 656 1293 *²
671 1272 828 1310 missisque,
845 1281 877 1303 ex
892 1281 969 1310 parte
983 1272 1152 1303 Serenissimi
1168 1274 1246 1309 Regis

187 1283 404 1351 {Iispaniarum
424 1310 561 1342 Domino
576 1311 691 1350 Joanne
709 1314 797 1341 Taxio
810 1314 912 1339 Comite
931 1309 1015 1340 Villae
1029 1311 1190 1349 Medianae,
1208 1313 1242 1342 &-

190 1361 223 1381 ex
244 1358 323 1390 parte
341 1350 487 1380 dkstorum
507 1349 754 1381 Sereniffimorum
772 1349 975 1387 Archiducum,
992 1348 1128 1379 Domino
1146 1349 1242 1378 Carolo

191 1392 313 1427 Principe
326 1392 399 1418 Com.
414 1388 598 1427 Arenbergii,
616 1390 665 1427 qui
678 1388 714 1419 de
728 1387 823 1427 Regni
837 1387 1021 1418 Successione
1034 1389 1153 1418 nomine
1165 1387 1245 1418 Sere-

188 1427 370 1459 niffimorum
383 1426 550 1465 Principum
563 1427 716 1464 respective
728 1426 927 1466 gratularentur
940 1425 1186 1466 dictOSeremffimo
1192 1429 1246 1455 Re-

185 1471 216 1505 gi
235 1465 366 1504 Angliae,
382 1465 472 1503 eaque
492 1465 646 1504 Legatione
659 1463 862 1495 humanissime
875 1463 1017 1502 suscepta,
1037 1465 1202 1502 Legatisque
1214 1474 1244 1494 a·

189 1503 363 1536 mantiffime
378 1504 494 1543 receptis
504 1527 514 1541 ,
530 1505 664 1535 certiores
681 1503 783 1533 redditi
801 1502 912 1533 fuerunt
926 1503 996 1532 dieti
1012 1501 1168 1541 Sereniffimi
1183 1505 1245 1532 Rex

190 1542 390 1582 Hispaniarum
407 1542 440 1573 &
458 1541 622 1572 Archiducos
639 1545 654 1572 a
678 1542 729 1572 suis
752 1541 864 1578 Legatis
879 1541 914 1571 de
932 1540 1070 1578 propensa
1086 1540 1246 1580 Sereniffimi

187 1585 267 1619 Regis
281 1580 392 1618 Angliae
414 1579 586 1618 Voluntate,
605 1580 711 1610 nedum
733 1579 766 1608 ad
782 1579 953 1609 observanda
972 1580 1085 1618 antiqua
1105 1579 1244 1616 Foedera,

187 1619 234 1651 sed
249 1619 300 1649 alia
317 1618 356 1654 (si
369 1628 442 1655 opus
454 1617 545 1654 foret)
563 1620 684 1649 ardtiora
699 1619 732 1649 &
746 1616 869 1647 firmiora
883 1616 1021 1655 ineunda,
1060 1617 1157 1654 Qiare
1172 1618 1241 1646 nihil

189 1659 228 1689 ab
244 1657 309 1695 ipsis
322 1656 595 1694 praetermittendum
610 1656 667 1686 effe
677 1665 807 1693 putarunt
820 1665 880 1692 quo
892 1654 983 1693 posset
993 1656 1158 1685 communis
1172 1654 1242 1685 Rei-

187 1696 308 1736 publicae
331 1694 500 1724 Christiante
517 1694 718 1733 Tranquillitas
738 1694 919 1731 promoveri,
937 1694 970 1724 &
992 1691 1173 1730 Populorum
1193 1693 1243 1723 sibi

188 1733 410 1766 commissorum
428 1733 556 1764 Utilitati
574 1733 719 1772 prospici,
743 1734 794 1768 &‚
814 1740 845 1761 ut
861 1731 1072 1769 quamprimum
1096 1734 1128 1761 dc
1147 1731 1243 1761 sedulo

188 1774 272 1810 Opus
291 1782 351 1803 tam
364 1772 446 1811 pium
460 1772 664 1809 conficeretur,
681 1769 901 1802 Commissatios
917 1767 978 1799 suos
993 1779 1026 1800 ac
1040 1768 1242 1800 Procuratores

185 1811 327 1851 generales
343 1819 375 1841 ac
388 1810 518 1848 speciales
535 1809 764 1847 constituerunt,
782 1817 852 1838 cum
868 1806 1032 1846 amplissima
1047 1807 1191 1846 facultate,
1209 1808 1243 1838 ad

186 1849 308 1882 ineunda
329 1857 399 1879 cum
417 1848 479 1885 ipso
494 1848 675 1880 Serenisfimo
689 1850 757 1883 Rege
771 1844 882 1883 Angliae
896 1856 929 1877 ac
943 1845 1105 1876 stabilienda
1120 1846 1246 1878 Foedera

185 1886 406 1924 renovandaque
424 1886 529 1923 iamdiu
542 1886 694 1918 intermissa
711 1884 916 1921 Commercia,
934 1884 1096 1922 Pacemque
1110 1885 1143 1915 ὃς
1161 1886 1245 1915 Ami-

187 1928 287 1960 citiam
305 1926 446 1965 perpetuo
463 1924 625 1956 duraturam
642 1925 714 1955 inter
731 1923 805 1961 ipsos
818 1922 966 1960 Principes
983 1923 1227 1962 confirmandam,

224 1966 447 2040 ἓὲἓρῗὲἑῗιὲἒε
469 2001 639 2070 γεὶιῖΙΞὴὶκς,
661 1999 792 2044 Castellae
817 1999 850 2031 &
876 1998 1012 2043 Legionis
1025 1998 1245 2044 ‚Conestabilis,

193 2041 265 2073 Dux
282 2039 418 2071 Civitatis
436 2039 519 2070 Frien
531 2050 572 2078 is,
590 2040 703 2071 Comes
719 2038 808 2076 Hari,
828 2038 973 2068 Dominus
993 2036 1129 2068 Villarum
1149 2038 1245 2069 Villal-

186 2080 273 2118 pandi
291 2081 324 2111 δε
344 2078 481 2109 Pedratiae
500 2078 537 2109 de
555 2078 579 2108 la
597 2078 685 2109 Sierra
701 2099 711 2116 ‚
737 2077 884 2107 Dominus
902 2075 1020 2106 Domus
1039 2076 1191 2107 Velaschiae
1210 2079 1244 2109 ὃς

188 2118 295 2156 septem
312 2116 469 2148 Infantiam
486 2115 524 2147 de
540 2115 624 2156 Lara,
642 2115 839 2147 Cubicularius
855 2113 951 2152 Major
968 2114 1123 2153 Serensstmi
1140 2115 1245 2154 Philip-

180 2159 214 2196 pi
231 2159 290 2186 ΙΙΙ.
308 2154 521 2194 Hispaniarum,
538 2154 598 2188 ὠς.
616 2158 711 2192 Regis,
728 2162 763 2184 ac
783 2153 845 2182 suus
864 2154 894 2182 in
912 2154 1116 2191 pertinentibus
1133 2153 1166 2183 ad
1181 2154 1244 2186 Sta-

190 2203 254 2225 tum
278 2203 314 2224 ac
339 2194 448 2224 Bellum
472 2192 650 2224 Consiliarius
665 2215 674 2231 ,
699 2201 735 2222 ac
761 2190 865 2221 Praeses
889 2190 995 2228 Italiae,
1021 2192 1189 2222 Procurator
1210 2195 1244 2224 &

187 2231 405 2263 Commislarius
422 2231 545 2270 specialis
559 2232 575 2263 a
590 2234 672 2269 Regia
688 2228 830 2259 Catholica
849 2228 998 2269 Majestate
1011 2230 1194 2269 constitutus,
1208 2232 1244 2262 ad

185 2271 320 2309 praedieta
336 2271 369 2302 &
385 2269 558 2308 infrascripta
574 2271 673 2300 omnia
691 2267 852 2298 stabilienda
869 2269 902 2299 &
920 2278 982 2305 pera
1004 2268 1076 2298 enda
1094 2278 1164 2299 cum
1183 2280 1243 2300 am-

186 2308 308 2348 pliffima
325 2308 474 2347 facultate,
501 2316 532 2338 ut
550 2315 626 2347 patet
644 2308 674 2338 in
695 2306 830 2337 mandato
850 2305 955 2345 Regis,
986 2307 1050 2337 adio
1069 2308 1098 2337 in
1117 2307 1244 2338 Vallado-

186 2348 231 2379 lid
245 2348 342 2387 primo
357 2346 496 2377 octobris
516 2346 604 2376 Anno
622 2346 709 2385 1603.
726 2344 820 2375 Manu
834 2345 946 2383 propria
961 2345 1031 2375 diCti
1047 2345 1180 2376 Caiholici
1195 2350 1248 2376 Re-

184 2390 228 2424 gis
244 2386 409 2422 subscripto,
425 2386 459 2416 ὃς
477 2385 526 2416 suo
541 2384 641 2424 sigillo
656 2383 755 2421 Regio
772 2383 899 2422 munito,
912 2384 949 2414 de
966 2384 1056 2415 verbo
1075 2383 1110 2414 ad
1125 2386 1248 2427 verbum

189 2424 305 2456 inferias
324 2423 517 2462 registrando,

226 2463 265 2493 Et
281 2463 450 2499 nobiscum,

225 2501 356 2540 Joannes
380 2501 485 2531 Taxius
508 2501 598 2529 Comes
618 2498 701 2529 Villae
720 2498 859 2528 Medianae
877 2498 892 2528 a
910 2498 1057 2530 Cubiculo
1075 2498 1163 2538 Regis
1177 2523 1187 2537 ,
1214 2501 1248 2532 &

188 2539 347 2570 Cursorum
366 2539 395 2568 in
417 2538 525 2577 Regnis
542 2538 576 2569 δί
594 2537 742 2569 Dominiis
759 2539 836 2574 Regis
852 2537 984 2567 Catholici
1002 2537 1151 2568 Generalis
1170 2539 1248 2569 Prae-

185 2578 279 2610 festus
294 2599 304 2615 ,
330 2578 363 2608 &
387 2578 402 2608 a
421 2579 507 2614 Regia
525 2574 666 2606 Catholica
683 2575 835 2615 Mayestate
851 2576 887 2605 ad
905 2575 1074 2606 Tractatum
1093 2576 1174 2607 Pacis
1192 2586 1247 2606 no-

297 2625 309 2645 s

185 2626 447 2687 migiqquander
463 2653 615 2692 Rovidius,
633 2651 758 2692 Collegii
777 2650 996 2682 Mediolanensis
1010 2651 1244 2691 jurisconsultus,

187 2694 223 2726 &
250 2691 469 2724 Mediolanenfis
493 2691 657 2722 Provinciae
679 2691 799 2722 Senator
818 2691 834 2720 a
859 2689 957 2721 Nobis
976 2690 1093 2720 nomine
1109 2691 1247 2731 Sereniffi'-

188 2742 240 2762 ,ιιι
263 2734 352 2768 Regiae
368 2729 514 2760 Catholicae
530 2729 691 2768 Majeslatis
709 2729 874 2759 nominatus
889 2752 898 2766 ,
923 2730 956 2760 &
975 2729 990 2758 Ξῑ
1009 2728 1108 2759 Nobis
1124 2731 1246 2769 pariter,

190 2770 262 2800 dum
276 2778 455 2807 properantes
473 2769 505 2799 in
518 2768 668 2807 Angfiam,
686 2767 900 2806 superveniente
912 2765 1117 2805 Invaletudine‚
1135 2769 1164 2797 in
1186 2767 1249 2798 Bel-

190 2809 245 2845 gio
264 2807 484 2845 destinaremur,
506 2807 610 2838 virtute
632 2806 783 2837 Facultatis
805 2805 908 2844 Regiae
928 2806 1012 2836 nobis
1033 2806 1194 2845 concesse,
1213 2807 1248 2838 ad

189 2846 276 2885 ipsam
297 2846 404 2876 Pacem
425 2847 548 2883 interea,
565 2854 635 2876 cum
654 2845 756 2876 eadem
778 2844 922 2874 Facultate
942 2845 975 2875 ὃ(
991 2843 1169 2875 Au&0ritatc
1184 2856 1250 2883 quae

190 2885 272 2914 nobis
285 2885 390 2914 tributa
404 2883 509 2921 fuerat,
527 2883 711 2921 tractandam,
729 2883 783 2913 una
797 2891 867 2913 cum
881 2883 959 2913 dicto
972 2885 1074 2912 Comite
1091 2883 1169 2912 Villae
1184 2887 1249 2913 Me-

189 2922 299 2959 dianae,
318 2921 498 2959 substitutus,
515 2929 547 2952 ut
578 2929 634 2952 atet
646 2923 676 2951 in
690 2920 850 2958 Mandato,
865 2920 944 2951 facto
959 2923 1054 2958 Bergis
1070 2923 1165 2951 Sanffl
1183 2924 1249 2952 Wi-

189 2964 265 3028 msti’
285 2961 400 3028 ddecimo
420 2960 523 2999 quinto
575 2961 610 2991 aii
631 2960 721 2998 1604.
735 2958 850 2990 inferius
863 2959 899 2989 de
913 2959 1002 2989 verbo
1016 2959 1050 2990 ad
1062 2961 1188 2991 verbum
1204 2971 1249 2992 re-

247 3008 294 3029 ran
312 3007 333 3028 o
353 3018 358 3023 -

190 3009 553 3067 glOmnes'Comtniffarii
570 3044 604 3066 ex
620 3043 698 3074 parte
715 3034 786 3066 dieti
809 3034 981 3066 Sereniffimi
1002 3038 1080 3073 Regis
1098 3035 1251 3075 Hispania-

195 3085 257 3106 rum
273 3086 283 3104 .-

231 3111 345 3144 Carolus
356 3113 454 3142 Prince
469 3121 483 3141 s

193 3153 246 3189 ris,
264 3152 282 3182 a
297 3149 431 3180 Consiliis
446 3118 475 3180 fi
812 3187 816 3192 Ι
930 3188 934 3192 ¹
950 3189 953 3192 Ι

230 3189 359 3229 Joannes
372 3187 570 3226 Richardotus,
593 3187 688 3226 Eques
710 3186 819 3218 Secreti
840 3186 967 3218 Concilii
989 3187 1108 3227 Praeses,
1127 3190 1160 3221 &
1175 3191 1191 3220 a
1207 3200 1250 3220 re-

195 3237 262 3259 rum
275 3226 370 3258 Status
382 3226 514 3256 Consiliis
523 3250 533 3263 ,

230 3267 388 3296 Ludovt'cus
405 3265 583 3304 Verrqycken,
600 3263 695 3303 Eques
716 3262 873 3295 Primarius
888 3263 1059 3296 Secretatius
1071 3265 1104 3296 &
1123 3265 1252 3298 Audien-

194 3305 286 3336 tiarius
297 3302 543 3335 Sereniffimorum
557 3303 727 3340 Principum
738 3302 925 3333 Arrhidaeum
939 3303 1039 3342 Legati
1053 3304 1087 3334 &
1102 3303 1251 3345 Deputati,

195 3352 228 3374 ut
243 3350 319 3381 patet
338 3341 496 3379 Mandato,
510 3340 590 3371 faCto
605 3339 747 3370 Bruxellis
757 3363 766 3379 ,
781 3340 839 3372 Die
853 3341 1028 3372 duodecimo
1043 3341 1151 3373 Mensis
1166 3344 1251 3383 Apri-

195 3382 227 3412 lis
245 3385 330 3419 1604.
344 3379 461 3411 inferius
475 3388 591 3418 quoque
605 3378 787 3418 registrando:

230 3419 355 3488 {thomas-l
366 3422 455 3448 Comes
479 3418 512 3448 de
525 3415 645 3457 Dorfi’t,
661 3416 733 3448 Baro
749 3418 785 3448 de
800 3417 943 3449 Buchurst
958 3418 1160 3451 Thesaurarius
1178 3419 1246 3451 Ma-

255 3469 267 3488 s
279 3459 326 3489 An
356 3458 391 3487 iae

194 3467 350 3527 gugarolfi
361 3479 452 3526 Coines
466 3492 650 3532 Nottingham
659 3516 669 3532 ,
686 3493 758 3525 Baro
770 3494 901 3525 Howard
914 3495 948 3527 de
962 3495 1145 3536 Effingham,
1161 3497 1250 3536 Capi-

197 3536 259 3568 talis
273 3534 445 3573 justiciarius
458 3533 492 3563 &
502 3531 676 3572 justiciarius
689 3531 823 3563 Itinerans
834 3534 968 3563 omnium
983 3534 1166 3565 Forestarum
1179 3538 1250 3568 citra

194 3573 358 3612 Trentam,
380 3571 434 3602 Ma
454 3581 505 3601 nus
530 3570 699 3602 Admirallus
723 3572 854 3610 Angliae,
877 3573 911 3603 &
936 3572 1088 3603 Praefetfms
1107 3573 1254 3606 Generalis

196 3611 336 3643 Claffium
356 3612 390 3643 &
444 3611 534 3640 arium
551 3609 722 3649 Regnorum
740 3609 851 3648 Angliae
865 3609 989 3641 Franciae
1008 3612 1042 3642 &
1056 3611 1204 3644 Hiberniae
1217 3624 1252 3645 ac

196 3649 351 3681 Insularum
365 3649 400 3680 δε
416 3647 628 3679 Dominiorum
644 3646 818 3685 eorundem,

233 3687 346 3719 Carolus
364 3691 455 3718 comes
472 3689 607 3717 Devoniae
630 3688 706 3715 Baro
727 3686 760 3715 de
784 3686 943 3726 Mountjoy‚
967 3686 1179 3720 Locumtenens
1197 3701 1250 3728 pro

198 3725 380 3758 Sereniffimo
402 3724 487 3764 Rege
508 3724 639 3763 Angliae,
657 3726 719 3756 &c.
740 3726 770 3754 in
785 3723 890 3762 Regno
902 3727 951 3754 suo
964 3725 1130 3764 Hiberniae,
1150 3728 1252 3759 Muni-

197 3765 313 3833 tlionu‘m
324 3762 657 3800 bellicaruml’raefeetus
664 3762 863 3802 ,Gubernator
878 3761 987 3801 Oppidi
998 3764 1096 3796 Insulae
1112 3767 1145 3798 ὃς
1158 3766 1252 3798 Castri

224 3811 278 3833 orti
290 3811 386 3840 mont,

235 3839 402 3872 Praenobilis
416 3840 532 3872 Ordinis
546 3839 670 3871 Garterii
685 3838 809 3871 Milites:

238 3881 370 3908 Hernicus
390 3883 480 3910 comes
494 3877 734 3918 Northamptoniae
749 3881 880 3909 Dominus
893 3879 1024 3909 Howard
1032 3880 1064 3910 de
1080 3882 1252 3922 Marnehill,

200 3913 308 3946 Custos
321 3917 355 3949 δε
368 3917 536 3948 Admirallus
549 3914 689 3956 Qinque
703 3917 844 3948 Portuum
859 3916 1091 3959 Maritimorum,

235 3953 365 3984 Roberm
380 3956 513 3986 Dominus
531 3955 604 3985 Cecil
616 3958 693 3985 Baro
705 3955 737 3985 de
753 3955 890 3995 Efingden
900 3978 910 3993 ,
927 3955 1075 3987 Primarius
1090 3957 1158 3988 dicii
1174 3958 1254 3990 Sere·-

201 3989 306 4035 niffimi
324 3990 414 4032 Regis
424 3992 609 4032 Secretarius,
625 3993 765 4034 Magister
778 3994 875 4025 Curiae
892 3993 1068 4025 Wardorum
1085 3997 1118 4027 &
1136 3997 1255 4029 Libera-

201 4037 311 4061 tionum

232 4051 389 4106 consiliari
404 4069 422 4100 ὲ
438 4068 630 4112 Secretonbus
641 4069 783 4105 Conciliis
801 4070 973 4104 Sereniffimi
988 4069 1077 4112 Regis
1090 4072 1223 4112 Angliae,

498 3114 589 3141 comes
601 3110 784 3149 Arenbergi'i,
801 3110 896 3148 Eques
913 3111 1030 3141 Ordinis
1049 3111 1136 3143 Aurei
1156 3112 1251 3144 Velle-

478 3159 557 3180 erum
575 3148 688 3186 Statfis,
706 3149 878 3179 Admiralius
892 3147 1054 3186 Generalis,

1277 234 1753 284 PUBLICA.
2256 263 2338 305 135

1308 319 1445 359 Deputati
1466 323 1498 353 &
1519 323 1710 367 Commissarii
1732 337 1785 370 pro
1800 328 1879 359 dieto
1893 330 2074 363 Serenisiimo
2089 331 2172 372 Rege
2190 331 2319 372 Angliae,
2336 332 2412 363 Anii.
2430 333 2475 366 D.-

1561 363 1640 398 dato,
1659 364 1734 393 fac-to
1748 375 1775 394 in
1792 366 1896 397 Palatio
1907 369 1961 399 suae
1982 370 2136 414 Majestatis
2156 370 2320 409 Wstrnona-
2361 377 2448 409 1605.

1324 437 1328 441 .
1568 399 1639 443 Maii
1657 400 1725 446 stilo¹
1740 405 1842 447 veteri,
1862 407 1950 436 Anno
1964 407 2086 438 Domini
2105 409 2191 446 1604.
2203 409 2320 440 inferius
2338 409 2430 446 3Jac.
2451 420 2474 439 ι.

1272 435 1464 473 registrand03
1503 436 1653 467 Praemisfis
1669 449 1742 475 prius
1754 442 1878 479 diligenti
1893 454 1983 474 rerum
1998 448 2131 476 omniurn
2144 448 2273 477 examine
2288 457 2323 477 ac

1273 474 1454 516 discussione,
1475 474 1608 519 saffisque
1622 477 1744 513 pluribus
1757 479 1928 524 Sessionuibus
1940 483 1972 512 &
1989 483 2192 524 Conferentiis,
2210 494 2243 516 ac
2256 485 2321 524 post

1273 511 1433 556 diuturnam
1449 511 1713 557 Dnisceptationcm,
1731 518 1763 545 ad
1779 516 1992 556 Omnipotentis
2007 521 2062 552 Dei
2078 523 2219 560 Gloriam,
2238 524 2324 554 totius

1274 549 1427 579 Christiani
1450 550 1538 580 Orbis
1560 551 1754 590 Beneficium,
1782 559 1796 571 ⁴⁵
1817 554 2060 597 Subditorumque
2080 561 2226 591 dititorum
2244 561 2325 592 Sere-
2344 582 2455 613 *XV-I.

1274 587 1638 631 niffiinorumPrincipum
1657 589 1818 621 Utilitatem
1834 594 1866 624 ὃ(
1883 595 2030 634 Quietem,
2046 598 2097 629 fuit
2112 609 2160 636 per
2168 598 2237 630 Nos
2253 609 2325 631 con-

1273 626 1383 657 clusum
1400 626 1554 658 stabilitum
1567 629 1600 659 ὃς
1615 629 1822 660 concordatum
1837 640 1919 668 prout
1933 633 2013 664 infra.
2340 623 2407 657 ⁶¹9·

1311 701 1336 732 P
1348 711 1371 732 R
1382 711 1394 732 1
1404 710 1458 732 Mo
1467 725 1477 741 ,
1497 702 1675 735 Conclusum
1692 703 1844 735 stabilitum
1855 706 1888 736 &
1907 707 2089 740 accordatum
2106 709 2158 741 fuit
2171 712 2204 743 &
2219 713 2260 744 est
2294 723 2327 747 ut

1274 741 1312 771 ab
1333 741 1422 771 hodie
1441 742 1551 773 inantea
1571 743 1601 773 sit
1624 743 1702 773 bona
1716 744 1819 774 sincera
1835 754 1900 774 vera
1916 744 1994 775 firma
2012 757 2044 776 ac
2058 749 2176 786 perfecta
2193 739 2327 785 Amigitia

1275 780 1309 811 &
1331 778 1566 819 Confoederatio,
1591 790 1624 812 ac
1642 781 1699 812 Pax
1720 784 1858 821 perpetuo
1879 782 2023 821 duratura,
2049 795 2112 822 qiiae
2132 788 2327 822 inviolabiliter

1275 817 1435 847 observetur
1458 819 1532 848 inter
1554 819 1746 859 Sereniffi'mum
1768 823 1863 857 Regem
1879 819 2075 859 Hispaniarum
2097 825 2129 854 ὃς
2151 828 2326 867 Seremffimos

1273 855 1443 885 Archiduces
1465 856 1588 896 Aristriae
1599 860 1687 887 Duces
1700 858 1881 895 Burgundiae,
1901 861 1962 890 &c-
1979 861 2011 890 δε
2025 862 2214 900 Sereniffimum
2228 869 2324 904 Regem

1274 893 1404 931 Angliae,
1421 894 1653 932 &meorumque
1667 895 1802 927 Haeredes
1815 898 1848 928 ὃς
1867 896 2045 927 Succeffores
2064 900 2260 940 quoscunque,
2277 915 2328 934 eo-

1276 941 1398 976 rumque
1417 931 1537 970 Regna,
1554 932 1679 976 'Patrias,
1705 933 1862 971 Dominia‚
1879 935 1997 973 Terras,
2024 935 2166 975 Populos,
2184 938 2328 972 Homines

1277 969 1400 1008 Ligeos,
1418 978 1452 1012 ac
1471 969 1604 1013 Subditos
1617 972 1801 1010 quoscunque
1817 974 1961 1010 praesentes
1975 975 2007 1006 &
2021 973 2146 1013 futuros,
2165 978 2326 1014 cujuscum-

1277 1017 1334 1045 que
1355 1007 1540 1038 Conditionis
1560 1008 1714 1047 Dignitatis
1734 1011 1768 1041 &
1788 1010 1901 1041 Gradus
1915 1010 2050 1050 existant,
2069 1021 2128 1043 tarn
2145 1023 2194 1050 per
2207 1015 2329 1048 Terram

1277 1046 1362 1113 quarn
1385 1054 1434 1090 per
1452 1044 1536 1088 Mare
1552 1047 1586 1077 &
1603 1049 1697 1086 Aquas
1710 1048 1821 1088 dulces,
1842 1050 1879 1080 ita
1896 1058 1928 1080 ut
1941 1050 2068 1088 praedisti
2082 1051 2191 1082 Vassalli
2205 1063 2238 1084 ac
2252 1054 2327 1085 Sub-

1299 1092 1328 1114 iti
1342 1084 1394 1114 sibi
1408 1093 1536 1114 mvrcem
1548 1084 1642 1116 favere
1656 1089 1689 1118 &
1703 1088 1807 1117 mutuis
1818 1087 1947 1127 prosequi
1963 1087 2089 1128 Officiis,
2107 1099 2140 1120 ac
2154 1090 2275 1122 honest&
2287 1093 2330 1123 af-

1277 1121 1403 1166 feffione
1416 1122 1542 1166 invicem
1557 1122 1583 1166 se
1595 1124 1711 1155 tradiare
1723 1125 1862 1164 habeant,
1881 1126 2023 1164 cessetque
2039 1127 2223 1165 imposterum
2235 1132 2329 1160 omnis

1278 1160 1426 1204 I-lostilitas
1445 1168 1478 1190 ac
1499 1159 1665 1200 Inimicitia,
1684 1163 1897 1194 Offensionibus
1918 1166 2057 1195 omnibus
2070 1166 2178 1204 Injuriis
2190 1177 2223 1198 ac
2238 1167 2330 1198 Dam-

1278 1207 1338 1242 nis,
1354 1208 1418 1236 quae
1438 1198 1556 1242 dura-nte
1578 1199 1722 1231 Bellorum
1746 1202 1884 1232 Incendio
1900 1202 1993 1233 Partes
2008 1206 2218 1242 quoquomodo
2231 1216 2328 1243 perce-

1278 1237 1397 1275 pissent,
1414 1235 1524 1267 sublatis
1544 1247 1577 1267 ac
1588 1239 1727 1269 oblivioni
1744 1240 1865 1278 traditis,
1883 1241 1918 1271 ita
1932 1249 1963 1271 ut
1979 1242 2165 1279 imposterum
2181 1244 2250 1274 nihil
2263 1245 2330 1276 alter

1277 1275 1313 1304 ab
1335 1274 1422 1318 altero
1438 1297 1448 1312 ,
1469 1276 1619 1307 occasione
1642 1286 1889 1316 quorumcumque
1913 1279 2099 1310 Damnorum
2126 1281 2331 1313 offensionum

1278 1312 1456 1357 Captionum
1473 1321 1520 1343 aut
1533 1313 1693 1352 Spoliorum
1703 1338 1712 1353 ,
1732 1319 1903 1353 praetendere
1919 1318 2019 1356 possit,
2035 1319 2080 1349 sed
2092 1322 2224 1350 omniurn
2239 1321 2330 1351 aboli-

1278 1358 1319 1382 tio
1332 1354 1363 1381 sit
1376 1352 1410 1382 δε
1424 1350 1565 1382 censeatur
1582 1352 1652 1384 faeta
1666 1355 1702 1383 ab
1718 1354 1805 1385 hodie
1818 1356 1846 1385 in
1861 1364 1955 1393 antea,
1973 1356 2120 1395 omnisque
2137 1358 2224 1388 Attio
2237 1361 2330 1390 extin-

1278 1391 1323 1420 &a
1341 1390 1477 1420 habeatur
1495 1390 1591 1427 (salvo
1605 1392 1639 1421 &
1655 1400 1838 1431 praeterquam
1855 1393 1978 1431 respesiu
1994 1394 2172 1426 Cautionum
2188 1396 2329 1428 saetarum

1278 1428 1293 1458 a
1314 1427 1371 1458 Die
1390 1428 1525 1458 vicesimo
1548 1439 1646 1466 quarto
1670 1431 1773 1467 Aprilis
1798 1432 1885 1471 1603.
1905 1433 1975 1462 citra
1991 1442 2076 1470 quam
2093 1433 2128 1464 de
2145 1435 2196 1465 illis
2211 1437 2329 1466 debebit

1279 1465 1358 1496 reddi
1380 1467 1467 1509 ratio)
1489 1466 1721 1506 abstinebuntque
1741 1469 1771 1499 in
1787 1469 1911 1503 futurum
1928 1471 1965 1500 ab
1977 1472 2059 1500 omni
2074 1470 2171 1509 Praeda
2185 1472 2333 1511 Captione

1281 1504 1450 1548 Offeniione
1468 1515 1502 1535 ac
1518 1505 1618 1542 Spolio
1630 1507 1659 1536 in
1671 1507 1892 1545 quibuscumque
1908 1507 2015 1546 Regnis
2029 1508 2174 1540 Dominiis
2197 1512 2281 1543 Locis
2295 1522 2330 1544 ac

1282 1542 1451 1573 Ditionibus
1472 1543 1629 1575 ulterutrius
1642 1545 1733 1575 ubivis
1745 1545 1818 1582 sitis,
1836 1554 1894 1576 tarn
1910 1547 1938 1576 in
1952 1547 2042 1576 Terra
2058 1548 2139 1585 quam
2156 1550 2184 1578 in
2205 1549 2279 1580 Mari
2294 1551 2329 1580 &

1282 1580 1373 1625 Aquis
1392 1581 1542 1625 dulcibus,
1556 1592 1610 1611 nec
1634 1592 1682 1622 per
1704 1583 1768 1613 suos
1792 1582 1927 1614 Vaisallos
1946 1584 2054 1615 incolas
2072 1585 2116 1615 vel
2131 1585 2263 1618 Subditos
2279 1588 2332 1618 ali-

1280 1619 1347 1657 quid
1365 1629 1399 1649 ex
1416 1620 1557 1657 praedietis
1574 1619 1635 1651 fieri
1652 1621 1845 1660 consentient,
1862 1631 2037 1661 omnemque
2053 1622 2184 1654 Praedam
2199 1625 2331 1662 Spolium

1277 1666 1312 1700 ac
1336 1655 1511 1696 Captionem
1534 1667 1567 1688 ac
1588 1658 1737 1690 Damnum
1752 1660 1830 1698 quod
1845 1660 1911 1691 inde
1926 1662 1971 1694 fiat
1985 1661 2031 1692 vel
2042 1661 2153 1692 dabitur
2168 1663 2274 1694 restitui
2288 1665 2331 1696 fa-

1281 1704 1367 1725 cient.

1317 1732 1444 1770 ITEM,
1464 1733 1557 1772 Quod
1579 1734 1669 1765 nullus
1691 1735 1834 1766 dictorum
1851 1733 2018 1775 Principum
2037 1736 2210 1777 suorumque
2232 1737 2336 1772 Haeres

1283 1771 1351 1801 dum
1368 1781 1402 1802 ac
1418 1772 1617 1803 Succefforum
1641 1783 1894 1811 quorumcunque,
1913 1783 1961 1810 per
1983 1775 2025 1813 se,
2052 1786 2141 1813 neque
2165 1787 2214 1814 per
2234 1788 2335 1816 quem-

1283 1811 1326 1841 vis
1345 1810 1448 1847 aliurn,
1474 1818 1571 1841 contra
1593 1811 1694 1849 alium,
1721 1814 1754 1843 &
1779 1812 1824 1841 sua
1845 1811 1949 1847 Regna
1973 1812 2077 1844 Patrias
2097 1814 2235 1846 Dominis
2257 1827 2336 1856 quae-

1284 1858 1408 1887 cumque
1425 1871 1434 1886 ,
1458 1850 1611 1887 quicquam
1630 1858 1692 1886 aget
1711 1851 1794 1880 faciet
1816 1850 1946 1880 tratstabit
1966 1851 2011 1881 vel
2037 1854 2182 1884 attentabit
2204 1864 2336 1892 quocun-

1284 1897 1341 1926 que
1363 1889 1392 1917 in
1413 1886 1498 1925 loco,
1518 1888 1573 1918 sive
1587 1889 1615 1917 in
1628 1888 1734 1926 Terra,
1753 1889 1808 1918 sive
1823 1889 1853 1917 in
1872 1888 1946 1918 Mari
1962 1888 2095 1920 Portibus
2110 1892 2153 1921 vel
2169 1893 2260 1929 Aquis
2273 1893 2336 1923 dul-

1285 1926 1382 1964 cibus,
1399 1933 1567 1964 quacunque
1589 1926 1740 1956 occasione
1758 1927 1804 1956 vel
1827 1926 1923 1964 causfi,
1941 1931 1996 1957 nec
2011 1928 2093 1958 alicui
2112 1929 2188 1960 Bello
2206 1930 2335 1961 Consilio

1285 1964 1478 1995 Attentationi
1497 1964 1542 1995 vel
1564 1964 1729 2002 Tradiatui,
1747 1964 1796 2002 qui
1812 1963 1887 1994 fieret
1905 1965 1948 1995 vel
1962 1964 2020 1995 fieri
2035 1966 2141 2006 posset,
2158 1969 2187 1998 in
2206 1969 2337 2008 praejudi-

1284 2002 1365 2033 cium
1379 2003 1459 2033 unius
1471 2011 1570 2033 contra
1583 2003 1671 2034 alium
1687 2004 1843 2033 consentiet
1857 2002 1901 2033 vel
1917 2003 2078 2035 adhaerebit.

1320 2040 1335 2071 I
1344 2049 1395 2071 τε
1407 2049 1453 2079 Μ,
1470 2041 1565 2079 Quod
1588 2051 1686 2071 neutra
1704 2040 1831 2072 Partium
1847 2042 2001 2080 praestabit,
2016 2053 2070 2074 nec
2084 2043 2204 2081 praestari
2220 2054 2269 2082 per
2283 2046 2335 2076 ali-

1283 2088 1355 2118 quos
1368 2079 1430 2110 suos
1449 2078 1585 2110 Vaisallos
1606 2080 1739 2111 Subditos
1755 2079 1897 2110 Incolasve
1915 2081 2087 2120 consentiet,
2111 2082 2258 2114 Auxilium
2281 2084 2335 2114 Fa-

1283 2128 1384 2149 vorem
1401 2117 1445 2148 vel
1464 2117 1624 2148 Consilium
1645 2118 1753 2149 directe
1768 2127 1821 2149 nec
1837 2127 1885 2156 per
1906 2119 2096 2159 indii‘ectum,
2114 2128 2174 2151 tam
2193 2131 2242 2160 per
2260 2121 2339 2152 Ter-

1285 2166 1345 2187 ram
1368 2157 1455 2194 quam
1475 2166 1525 2193 per
1542 2155 1628 2187 Mare
1644 2157 1677 2188 &
1704 2156 1801 2195 Aquas
1820 2156 1914 2187 dulces
1928 2180 1937 2195 ,
1969 2167 2023 2188 nec
2045 2158 2260 2190 subministrabit
2280 2170 2337 2191 nec

1284 2194 1486 2226 subministrari
1508 2195 1680 2234 consentiet,
1698 2204 1747 2233 per
1767 2195 1858 2225 dictos
1882 2194 2014 2226 Vasiallos
2030 2195 2172 2228 Incolasve
2186 2199 2220 2229 &
2234 2198 2338 2229 Subdi-

1284 2242 1328 2265 tos
1343 2233 1514 2271 Regnorum
1528 2233 1660 2270 suorum,
1680 2232 1807 2272 Milites,
1823 2232 2047 2272 Commeatum,
2065 2235 2222 2274 pecunias,
2234 2236 2340 2268 Instru-

1286 2279 1382 2303 menta
1405 2271 1520 2309 bellica,
1541 2271 1736 2310 Munitiones,
1751 2272 1795 2303 vel
1810 2273 1964 2309 aliquodvis
1976 2273 2048 2303 aliud
2064 2273 2208 2304 Auxilium
2223 2275 2258 2304 ad
2276 2275 2340 2306 Bel-

1285 2310 1346 2341 lum
1368 2309 1600 2348 confovendum,
1620 2309 1758 2340 Hostibus
1780 2310 1907 2340 Inimicis
1924 2320 1956 2341 ac
1970 2310 2134 2342 Rebellibus
2149 2313 2258 2343 alterius
2271 2314 2340 2344 Par-

1286 2350 1338 2386 tis,
1356 2348 1561 2386 cujuscumque
1581 2349 1688 2386 generis
1700 2348 1771 2386 sint,
1789 2358 1848 2378 tam
1862 2349 2055 2380 invadentibus
2072 2349 2170 2387 Regna
2188 2351 2289 2382 Patrias
2305 2362 2341 2384 ac

1289 2387 1432 2418 Dominia
1450 2387 1578 2423 alterius,
1597 2387 1680 2424 quam
1705 2387 1730 2417 se
1746 2386 1967 2418 subtrahentibus
1983 2388 2018 2418 ab
2035 2386 2207 2419 Obedientia
2223 2390 2256 2420 δε
2274 2390 2341 2421 Do-

1290 2426 1379 2457 minio
1404 2426 1527 2464 alterius;
1554 2425 1828 2463 Renunciabuntque
1851 2433 2000 2463 praeterea,
2018 2435 2102 2463 prout
2122 2426 2239 2459 Tenore
2260 2427 2341 2458 Prae-

1288 2464 1411 2495 sentium
1434 2464 1503 2494 dieti
1527 2463 1671 2500 Principes
1691 2473 1724 2493 ac
1745 2463 1863 2501 quilibet
1885 2473 1984 2494 corum
2001 2465 2175 2496 recunciavit
2189 2467 2221 2496 ὃ(
2235 2476 2341 2496 renun-

1291 2503 1362 2538 ciat,
1388 2502 1559 2539 cuicumque
1583 2501 1667 2538 Ligae
1685 2500 1934 2531 Confoederationi
1955 2501 2158 2539 Capitulationi
2181 2513 2213 2534 ac
2236 2504 2341 2535 Intelli-

1288 2541 1392 2580 gcntiae
1406 2541 1435 2569 in
1450 2539 1647 2578 praejudicium
1662 2540 1743 2569 unius
1758 2540 1803 2570 vel
1816 2539 1922 2569 alterius
1933 2540 2153 2577 quomodolibet
2167 2541 2260 2579 fiete,
2278 2553 2342 2580 quae

1289 2577 1414 2616 praesenti
1429 2577 1495 2607 Paci
1509 2587 1542 2607 ac
1556 2576 1748 2615 Concordiae,
1765 2577 1953 2615 omnibusque
1968 2578 2000 2608 &
2014 2577 2125 2618 singulis
2139 2580 2166 2609 in
2180 2589 2212 2610 ea
2225 2590 2345 2612 conten-

1289 2618 1483 2654 tis,repugnet
1506 2615 1550 2646 vel
1564 2624 1720 2653 repugnare
1735 2615 1937 2654 poffit,easque
1953 2625 2053 2647 omnes
2066 2617 2099 2648 &
2116 2617 2242 2657 singulas,
2270 2620 2344 2651 uoad

1289 2654 1426 2685 effedtum
1440 2653 1624 2691 praedictum,
1642 2654 1787 2685 caffabunt
1801 2654 1835 2685 δι’
1847 2654 2041 2693 annullabunt,
2058 2656 2212 2695 nulliusque
2225 2668 2239 2687 e
2265 2657 2346 2690 castus

1289 2703 1323 2724 ac
1337 2694 1481 2724 momenti
1495 2692 1685 2724 declarabunt.

1324 2731 1369 2762 IT
1382 2740 1399 2761 ε
1412 2739 1437 2760 M
1447 2753 1456 2768 ‚
1475 2730 1596 2761 Paestum
1611 2741 1644 2760 ac
1666 2738 1862 2768 conventum,
1878 2738 1909 2761 ut
1924 2730 2011 2761 iidem
2026 2730 2196 2762 Sereniffimi
2212 2735 2294 2770 Reges
2308 2736 2344 2767 &

1289 2768 1474 2806 Archiduces,
1490 2768 1625 2799 Subditos
1638 2768 1698 2799 suos
1711 2769 1746 2799 ab
1761 2769 1845 2798 omni
1862 2768 1898 2799 Vi
1913 2770 1946 2800 ὃς
1962 2769 2066 2807 Injuria
2079 2770 2216 2802 abstinere
2231 2783 2342 2811 curent,

1289 2816 1427 2838 revocent
1449 2807 1628 2845 quascunque
1649 2805 1874 2837 Commiffiones
1895 2808 1929 2838 &
1953 2807 2075 2845 Literas,
2092 2817 2150 2839 tam
2170 2808 2343 2847 Represalia-

1289 2856 1353 2877 rum
1370 2847 1414 2877 seu
1429 2845 1465 2876 de
1481 2845 1599 2882 Marca,
1616 2855 1701 2883 quam
1714 2844 1889 2875 Facultatcm
1903 2845 2045 2883 praedandi
2059 2848 2236 2878 continentes
2248 2849 2343 2886 cujus-

1290 2894 1404 2923 cunque
1431 2885 1541 2921 generis
1563 2891 1610 2914 aut
1633 2883 1804 2914 conditionis
1823 2883 1893 2922 sint,
1911 2885 1939 2913 iii
1965 2884 2161 2922 praejudicium
2186 2886 2343 2918 alterutrius

1291 2923 1429 2961 Principis
1443 2923 1488 2952 vel
1506 2922 1712 2960 Subditorum,
1729 2921 1853 2951 Subditis
1866 2921 1918 2952 suis
1935 2921 1992 2951 five
2006 2921 2111 2952 Incolis
2127 2923 2180 2952 sive
2194 2923 2342 2956 Extraneis

1290 2962 1365 2992 datas
1379 2963 1412 2993 δε
1426 2960 1580 2997 concessas,
1598 2960 1692 2999 easque
1708 2959 1795 2989 nullas
1808 2959 1904 2990 Cassiis
1918 2961 1951 2991 ὅς·
1966 2959 2055 2990 Irritas
2067 2961 2217 2998 declarent,
2236 2969 2267 2992 ut
2280 2963 2343 2994 hoc

1292 3001 1374 3031 Pacis
1397 2998 1535 3029 Tradtatu
1557 2999 1643 3028 nullae
1664 2997 1758 3028 Cassae
1776 3006 1810 3027 ac
1824 2996 1912 3028 Irritae
1925 2998 2114 3036 declarantur,
2132 3000 2165 3029 &
2180 3001 2343 3039 quicunque

1288 3037 1516 3068 contravenerint
1535 3037 1701 3074 puniantur,
1719 3037 1769 3072 δε,
1792 3044 1894 3073 praeter
1914 3036 2051 3067 inflictam
2075 3037 2252 3068 criminalem
2272 3038 2343 3069 Poe-

1289 3076 1502 3144 narln,Subditis
1517 3074 1585 3105 laefis
1599 3076 1632 3107 ὅ(
1647 3074 1674 3105 id
1691 3075 1890 3113 requirentibus
1906 3075 1978 3105 illata
1986 3075 2102 3106 Damna
2115 3076 2240 3106 resarcire
2256 3086 2342 3108 corn-

1309 3116 1332 3145 el
1343 3123 1400 3144 ant.

1287 3125 1306 3154 P
1327 3153 1372 3183 ΙΤ
1384 3161 1401 3182 E
1414 3160 1460 3190 M,
1479 3151 1570 3189 Qod
1585 3152 1681 3182 attinet
1698 3150 1732 3182 ad
1747 3149 1832 3181 Villas
1845 3150 1995 3190 Fliffingh,
2025 3149 2129 3189 Brit-Ie,
2147 3153 2343 3191 Rammekens3

1290 3193 1325 3224 &
1339 3192 1388 3222 alia
1402 3191 1543 3221 Fortalitia
1559 3192 1593 3223 &
1613 3190 1694 3220 Loca
1710 3190 1745 3219 ab
1758 3189 1801 3219 his
1816 3190 2023 3227 Dependentia,
2042 3191 2070 3219 in
2085 3191 2185 3227 quibus
2199 3190 2343 3222 praesidia-

1292 3231 1325 3260 rii
1338 3229 1445 3260 Milites
1458 3228 1527 3258 dieti
1537 3227 1706 3259 Sereniss'imi
1716 3230 1792 3265 Regis
1806 3227 1918 3265 Angliae
1932 3237 2009 3258 nunc
2025 3227 2158 3258 existunt·
2177 3231 2247 3259 curn
2262 3229 2341 3260 idem

1291 3267 1469 3308 Serenifflmus
1490 3270 1633 3305 Rex-,per
1654 3266 1742 3297 Pacta
1763 3268 1836 3296 inter
1855 3269 1983 3303 Reginam
2005 3251 2219 3303 Elizabetdam,
2234 3266 2342 3298 foelicis

1293 3307 1442 3338 memoriae
1461 3306 1517 3342 (cui
1541 3306 1569 3335 in
1595 3305 1703 3343 Regnis
1723 3305 1767 3335 sua
1790 3303 1922 3342 Maiestas
1935 3303 2073 3340 successit)
2094 3306 2126 3335 &
2143 3305 2257 3334 Ordines
2270 3307 2341 3335 Pro-

1291 3349 1444 3376 vinciarum
1463 3343 1549 3381 Belgis*
1569 3346 1716 3374 Unitarum
1741 3343 1890 3381 conclusa,
1908 3343 1984 3372 αῐξὶὲ
2003 3341 2116 3381 astringi
2129 3342 2155 3372 se
2170 3342 2281 3380 asserat,
2301 3345 2342 3375 ne

1290 3385 1347 3415 aliis
1363 3384 1447 3422 quam
1462 3382 1513 3412 illis
1528 3383 1578 3420 qui
1592 3382 1679 3412 dietas
1695 3381 1778 3412 Villas
1792 3382 2050 3419 oppignoraverunt
2064 3390 2107 3411 eas
2123 3380 2342 3420 restituai,adeo

1291 3431 1323 3453 ut
1344 3430 1447 3453 contra
1467 3420 1576 3451 easdem
1596 3420 1810 3450 TransaCtiones
1826 3419 1916 3456 (salvs
1932 3419 1998 3449 Fide
2009 3441 2017 3456 ,
2034 3420 2121 3457 quam
2135 3419 2262 3457 religiose
2275 3429 2343 3459 erga

1291 3471 1394 3492 omues
1405 3459 1609 3490 observandam
1624 3458 1667 3489 sua
1682 3458 1814 3498 Maiestas
1829 3457 1964 3494 decrevit)
1984 3456 2133 3487 liberum*
2142 3457 2191 3486 sibi
2209 3467 2269 3488 non
2284 3458 2341 3490 eise
2358 3473 2377 3492 ο
2387 3475 2469 3510 XVE

1291 3500 1364 3530 dicat
1377 3499 1454 3529 dicta
1470 3498 1551 3527 Loca
1564 3497 1708 3527 restituere
1721 3495 1888 3536 Sereniſjimis
1901 3494 2106 3531 Archiducibus,
2121 3495 2149 3524 in
2166 3495 2264 3526 Verbo
2280 3496 2340 3529 Re-
2360 3515 2413 3541 620

1292 3539 1343 3576 gio
1367 3537 1506 3575 promittit
1525 3535 1551 3565 se
1575 3544 1643 3566 cum
1665 3534 1746 3564 dietis
1766 3534 1913 3564 Ordinibus
1925 3534 1960 3563 de
1977 3543 2058 3562 novo
2071 3533 2239 3564 Tractatum
2257 3536 2342 3566 initu-
2417 3534 2425 3541 “

1293 3586 1376 3615 rum,
1395 3576 1424 3605 in
1446 3584 1504 3613 quo
1526 3573 1571 3603 sua
1591 3573 1724 3612 Majestas
1743 3581 1852 3609 tempus
1868 3579 2034 3608 competens
2047 3571 2086 3600 eis
2103 3571 2264 3612 assignabit,
2282 3584 2344 3612 quo

1291 3624 1359 3645 cum
1380 3611 1562 3644 serenissimis
1583 3610 1747 3649 Principibus
1767 3610 1905 3640 Fratribus
1923 3608 2004 3648 ipsius
2026 3609 2190 3640 chariffimis
2205 3610 2343 3643 Pacifica-

1292 3655 1403 3684 tionum
1426 3650 1615 3680 Conditiones
1639 3650 1780 3686 accipiant
1797 3647 1877 3683 iustas
1889 3648 1921 3677 &
1939 3656 2050 3683 aequa83
2068 3646 2211 3687 alioquin,
2224 3650 2243 3679 si
2256 3651 2287 3680 id
2302 3651 2345 3682 fa.

1291 3702 1355 3722 cere
1370 3689 1562 3724 recusaverint,
1581 3686 1776 3717 Sereniffimus
1794 3688 1854 3715 Rex
1868 3683 1980 3722 Angliae
1994 3685 2060 3716 inde
2072 3687 2088 3715 a
2103 3688 2242 3723 prioribus
2257 3688 2341 3719 Con-

1293 3728 1472 3760 ventionibus
1486 3727 1631 3763 liberatus,
1649 3724 1727 3762 quod
1738 3723 1845 3762 justum
1859 3724 1892 3754 ὃ(
1907 3723 2075 3754 honorabile
2088 3725 2289 3757 existimaverit
2304 3728 2342 3759 de

1293 3767 1373 3798 Villis
1394 3767 1508 3802 statuet,
1528 3762 1754 3802 cognoscentque
1770 3762 1838 3792 dieii
1853 3760 2025 3791 serenissimi
2039 3761 2147 3794 Fratres
2160 3763 2201 3794 sui
2215 3763 2342 3797 charissi-

1293 3808 1332 3838 mi
1349 3806 1374 3836 se
1389 3803 1502 3834 Officio
1518 3802 1613 3832 Amici
1631 3801 1768 3839 Principis
1783 3809 1843 3830 non
1856 3799 2027 3830 defuturum.

1327 3844 1339 3875 1
1351 3852 1373 3873 'r
1384 3853 1401 3874 E
1411 3851 1455 3880 Μ,
1474 3839 1566 3878 Qiod
1580 3839 1656 3869 idem
1671 3837 1865 3870 serenissimus
1880 3841 1939 3867 Rex
1953 3836 2066 3875 Angliae
2083 3839 2243 3879 mandabit,
2257 3849 2345 3879 prout

1293 3883 1318 3914 se
1338 3883 1408 3913 serio
1431 3880 1627 3910 mandaturum
1641 3878 1797 3916 promittit,
1813 3886 1852 3906 ,ut
1863 3875 2028 3913 Hollandis,
2046 3877 2158 3915 aliisque
2172 3878 2346 3911 Sereniffimi

1291 3924 1368 3959 Regis
1382 3918 1577 3958 Hispaniarum
1591 3917 1623 3946 δε
1638 3914 1822 3944 Archiducum
1837 3913 1990 3951 Hostibus,
2008 3915 2070 3945 suus
2082 3915 2267 3947 Praesidiarius
2280 3917 2343 3948 Mi-

1291 3960 1330 3990 les
1353 3968 1386 3989 ex
1408 3964 1584 3995 quacumque
1599 3954 1676 3983 causa
1693 3956 1725 3983 ὃς
1741 3960 1877 3991 praetextu
1892 3961 1951 3981 non
1965 3953 2079 3991 serviat,
2097 3953 2242 3992 Suppetias
2257 3955 2343 3992 ferat,

1292 3998 1502 4027 Commeatum
1516 3991 1642 4030 praestet,
1651 3991 1993 4027 Bombardas,Pulverem
2003 3991 2240 4023 Tormentarium
2266 3992 2343 4023 Glo-

1292 4037 1364 4074 bos,
1381 4034 1425 4064 Sal
1441 4033 1546 4062 nitrum
1556 4053 1566 4069 ,
1584 4031 1670 4060 aliave
1685 4030 1840 4060 Armorum
1854 4038 1955 4067 genera
1968 4029 2118 4068 concedat,
2133 4039 2181 4061 aut
2194 4016 2348 4072 quafeeun-v

1293 4084 1348 4114 que
1369 4071 1513 4104 Auxilium
1528 4069 1667 4108 praebeat,
1683 4077 1732 4100 aut
1747 4067 1852 4107 aliquid
1866 4066 1967 4099 hostile
1981 4076 2080 4100 contra
2095 4069 2188 4100 dictos
2203 4066 2345 4100 Sereniffi-

2283 4113 2349 4135 mos
