2557 4279
655 166 759 207 ET
846 167 1115 209 ACTA

1 266 45 290 nn!
57 252 101 284 D.
152 251 187 283 In
204 251 284 290 cujus
299 251 352 282 Rei
368 252 467 282 Fidem
485 251 635 283 Praesentes
652 253 752 284 manas
767 253 870 284 nostrae
885 252 1086 291 subscriptione
1107 260 1173 283 cor-

0 296 79 326 1621.
115 292 309 322 roboravimus
319 314 328 329 ,
347 291 379 321 &
394 291 490 330 Sigillo
505 291 603 323 nostro
619 292 714 330 Regio
729 295 831 323 muniri
842 293 981 331 juffimus.

0 333 69 372 ›Jac.
76 341 100 359 1.

145 368 258 398 Adrum
269 368 417 406 Segebergae
434 377 460 407 3.
478 367 594 408 Martii,
610 370 700 400 Anno
717 371 802 402 1621.
819 370 982 409 Signatum,

543 445 637 477 Cnit
652 455 877 483 isa-ianus,

541 489 607 514 Cum
622 485 712 522 Stgillo
727 483 893 524 Regiofiaepei·
905 483 1030 523 impreffin.

148 561 289 601 Jacobus,
307 560 367 590 Dei
382 560 498 599 Gratia,
518 564 631 598 Magnae
645 563 805 591 Britannice
824 563 949 590 Franciae
968 557 1006 593 &⁶
1030 559 1171 589 Hiberniae

111 604 189 637 Rex,
211 600 288 630 Fidei
307 599 468 637 Defensor,
487 601 624 630 omnibus
643 608 768 638 quorum
787 600 822 630 ad
847 599 979 629 notitiam
1001 597 1051 627 ista
1072 607 1173 635 perve-

110 641 205 675 nient,
222 639 356 669 Salutem.

150 678 252 716 Qium
267 677 461 707 Sereniffimus
481 675 615 714 Princeps
629 675 795 714 christianus
816 675 946 713 ,Quartus
964 675 1170 711 Daniae,Nor-

110 719 220 753 wegiae,
240 715 404 745 Gotthorum
422 714 655 755 Vandalorumque
674 714 777 751 REX,
804 714 893 744 Dux
912 712 1020 752 Sleffnici
1038 711 1173 750 Holsatiae

111 758 270 784 Stormariae
289 753 326 788 &
346 751 540 792 Dnhmarfiae,
558 752 674 784 COMES
692 756 721 782 in
739 752 895 789 oldenburg
910 750 948 785 (9·
970 750 1175 789 Delmenhorst,

3 792 346 832 XVH0Coiiiiinguineus
366 791 468 820 Affinis
488 791 581 821 Frater
599 792 632 822 ὃς
652 791 670 811 ²¹²
691 791 850 828 Compater
867 789 961 820 noster
981 788 1174 825 charissimus,

5 851 30 869 0,
114 841 168 869 pro
187 830 279 870 Regia
298 830 342 859 sua
361 829 512 859 Prudentia
532 831 564 859 ὃς
583 830 684 860 eximia
703 829 884 868 Populorum
901 827 1103 865 Subjed'torum
1122 836 1174 856 cu-

114 881 143 900 ra
162 869 360 900 renovandum
376 867 575 897 existimaverit
593 868 699 899 Fcedus
714 867 780 897 illud
796 867 890 905 quod,
906 867 977 897 inter
993 865 1088 896 Divos
1105 864 1175 894 Ma-

105 910 182 947 jotes
201 907 312 937 nostros
330 914 487 941 eorumque
507 904 642 936 Subditos
661 906 792 942 utrinque
809 903 1088 941 interceffit,mutuis
1106 903 1175 932 hac-

108 957 192 978 tenus
219 953 403 983 propagatum
435 942 548 974 Officiis
575 945 609 974 ad
628 945 808 981 optimorum
829 942 947 982 Regum
965 942 1119 973 Honorem
1135 944 1169 972 &

112 985 277 1016 Praesidium
292 1005 302 1020 ,
327 982 509 1012 Subditarum
535 991 605 1013 vero
624 982 768 1013 Gentium
788 981 971 1012 Securitatem
990 983 1023 1013 δε
1043 982 1175 1011 innume-

79 1026 81 1028 ’
111 1034 140 1054 ra
164 1023 343 1058 commoda,
368 1021 402 1050 ad
425 1030 546 1058 eamque
572 1020 650 1050 Rem
676 1020 808 1051 consulto
833 1020 868 1051 ad
887 1019 955 1050 Nos
974 1019 1076 1050 miserit
1093 1019 1174 1057 plena

111 1071 181 1092 cum
201 1060 343 1090 Potestate
362 1059 386 1087 V
401 1069 464 1089 rum
481 1058 612 1089 nobilem
638 1069 670 1090 ac
695 1058 864 1098 generosum
890 1057 1032 1096 Equestris
1058 1058 1175 1088 Ordinis

111 1100 210 1138 Regni
230 1098 335 1129 Daniae
353 1098 518 1129 Senatorem
538 1098 686 1128 Andream
704 1097 849 1127 Saincklar
865 1100 1015 1127 Dominum
1040 1100 1068 1127 in
1093 1099 1174 1126 Sain-

111 1136 282 1175 clairlholm,
316 1137 370 1174 ipse
398 1138 491 1167 Atitor
516 1137 549 1168 ὃς
577 1136 759 1174 ApptobatOt
781 1136 888 1165 futurus
912 1145 1011 1166 eorum
1039 1137 1174 1165 omnium

112 1186 179 1214 quse
199 1177 245 1207 hic
266 1175 319 1206 Vir
337 1176 439 1205 nobilis
456 1175 527 1212 apud
548 1175 616 1204 Nos
635 1176 663 1204 iti
685 1175 786 1214 Anglia
801 1175 924 1204 facturus
942 1175 1000 1211 est,
1020 1183 1051 1204 ut
1070 1176 1098 1204 in
1117 1174 1174 1204 suae

113 1215 276 1246 Serenitatis
286 1214 397 1245 Litteris
413 1213 495 1245 Datis
511 1213 661 1251 Segehergae
679 1214 783 1244 Tertio
805 1213 903 1244 Martii
926 1214 1011 1244 1621.
1031 1213 1109 1243 latius
1125 1215 1174 1244 ha-

114 1254 196 1284 betur

152 1277 219 1322 No⁷s
246 1293 285 1322 rei
310 1301 456 1329 nunquam
481 1291 540 1321 satis
567 1290 682 1321 laudatae
697 1314 706 1329 ,
731 1299 761 1321 iit
785 1301 848 1329 quze
875 1291 991 1329 publice
1014 1290 1118 1321 interfit
1137 1291 1173 1322 ad

114 1329 267 1361 Christiani
287 1330 375 1360 Orbis
394 1329 497 1360 Pacem
516 1329 756 1368 Orthodoxaeque
771 1329 928 1368 Religionis
945 1331 1174 1367 Ornamentum,

112 1370 247 1407 privatim
269 1371 341 1398 vero
368 1369 402 1398 ad
430 1367 561 1398 nostrum
588 1368 729 1406 utriusque
754 1368 787 1399 δε
806 1368 991 1399 Subditorum
1007 1368 1175 1399 nostrorum

113 1417 247 1438 mutuum
268 1407 364 1438 Decus
384 1408 416 1437 ὃς
437 1406 656 1437 Munimentum
675 1417 735 1436 non
753 1407 875 1438 defuturi
892 1429 901 1445 ‚
925 1407 1104 1438 decrevimus
1125 1408 1176 1438 Se-

113 1448 223 1476 renitati
243 1446 324 1484 ipsius
343 1447 372 1475 iri
394 1446 485 1475 media
503 1455 656 1475 occurrere
676 1446 740 1483 via,
756 1455 908 1484 paremque
925 1446 969 1476 vel
988 1445 1019 1478 (si
1039 1444 1097 1475 fieri
1113 1445 1178 1483 pos-

114 1485 158 1521 sit)
181 1485 319 1523 majorem
337 1486 424 1514 animi
442 1484 614 1514 alacritatem
631 1485 660 1513 in
680 1483 733 1514 Pio
751 1486 784 1514 &
803 1484 940 1514 Glorioso
967 1483 1104 1522 Negotio
1128 1493 1177 1514 ex-

112 1524 213 1554 hibere
227 1546 235 1561 ,
261 1523 449 1560 testatumque
475 1522 599 1553 Posteris
621 1522 714 1552 facere
740 1522 810 1552 nihil
830 1522 929 1552 Nobis
948 1531 1074 1559 unquam
1093 1522 1177 1552 fuiise

112 1563 255 1599 antiquius
275 1562 364 1598 quam
383 1570 494 1598 ceptam
513 1561 612 1591 sanetis
632 1561 749 1592 Artibus
768 1561 934 1591 Amicitiam
952 1560 1049 1590 iisdem
1078 1569 1176 1597 perpe-

112 1608 190 1630 tuare
208 1599 330 1637 Studiis,
346 1600 379 1630 &
395 1599 574 1630 Incrementa
589 1600 670 1629 abiis
689 1600 788 1629 mereri
806 1599 919 1629 Amoris
935 1599 1102 1636 quibuscum
1114 1598 1177 1636 jam

112 1639 185 1669 olim
201 1637 394 1668 honestissima
404 1638 495 1674 jundti
511 1638 604 1667 sumus
619 1637 838 1675 necessitudine,
859 1645 889 1667 ut
905 1638 997 1675 itaque
1009 1637 1179 1675 optatissima

114 1678 177 1708 haec
191 1676 349 1707 renovandi
365 1676 494 1706 Fcederis
512 1675 663 1706 Tractatio
679 1676 737 1707 line
758 1676 941 1706 cunctatione
962 1677 1093 1715 incipiat,
1111 1675 1181 1706 faeli-

113 1717 199 1753 cique
213 1716 275 1753 post
291 1715 527 1753 disceptationem
543 1723 698 1746 coronetur
714 1714 860 1751 succuffu,
874 1713 1064 1745 substituimus
1080 1713 1181 1744 Nobis

114 1756 146 1785 in
160 1753 367 1822 hociicxiegotio
384 1753 510 1784 Vicarios
526 1753 703 1792 praedilectos
727 1752 963 1791 consanguineos
983 1755 1016 1785 &
1039 1752 1180 1784 Consilia-

114 1803 170 1823 rios
183 1802 222 1822 no
251 1803 294 1823 ros

150 1816 322 1861 Ludovicur’n
336 1834 440 1860 Ducem
456 1834 587 1861 Lenoxiae
603 1829 726 1867 Hospitii
740 1829 828 1859 nostri
844 1829 1049 1866 Senescallum‚

147 1873 291 1907 Georgium
306 1869 496 1900 Marchionem
510 1868 729 1907 Buckt'nghamiae
746 1868 890 1907 Magnum
913 1868 1101 1899 Adniitallum
1126 1878 1180 1899 no-

114 1907 203 1939 strum
225 1909 354 1947 Angliae,

151 1947 290 1985 Jacobum
302 1946 490 1977 Marchionem
503 1947 701 1983 Hamiltoniae,

152 1985 315 2015 Gulielmum
329 1990 457 2015 Comitem
475 1986 633 2015 Pembrociae
648 1984 845 2015 Camerarium
860 1983 983 2021 Hospitii
1000 1983 1106 2023 nostri,

152 2024 285 2053 Thomam
298 2028 427 2054 Comitem
442 2024 606 2054 Arundeliae
615 2047 623 2060 ,

152 2062 290 2100 Jacohum
305 2067 486 2093 Vjcecomitem
502 2063 670 2101 Doncastriae
679 2085 687 2100 ,

155 2103 302 2130 Henricum
318 2105 495 2133 Vicecomitem
508 2101 690 2131 Falcolandiae
697 2110 708 2137 ‚⁶

156 2139 288 2169 Necnon
302 2141 481 2178 praedileclos
497 2139 680 2170 Consiliarios
700 2137 828 2176 nostros,

152 2177 284 2208 Thomam
297 2179 440 2208 Edmunds
455 2178 583 2208 Militem
600 2177 816 2208 Tliesautarium
834 2175 958 2213 Hospitii
973 2175 1078 2215 nostri,

155 2218 299 2253 Georgium
321 2218 438 2248 Calvert
459 2217 585 2248 Militem
607 2225 698 2248 unum
724 2217 741 2245 ὲ
764 2215 925 2246 Secretariis
951 2215 1052 2245 nostris
1078 2215 1183 2253 prima-

116 2265 180 2291 riis,

154 2293 295 2323 Fulconem
307 2293 432 2323 Greville
448 2292 574 2324 Militem
590 2292 731 2323 Scaccarii
746 2291 833 2321 nostri
849 2290 1059 2322 Cancellarium
1069 2315 1078 2329 ,

117 2369 148 2401 C
156 2331 270 2400 Juliiem
283 2332 415 2372 Caesarem
430 2332 559 2362 Militem
574 2331 735 2362 Custodem
752 2331 946 2361 Archivorum
964 2329 1062 2361 Cutiae
1078 2329 1183 2360 nostrae

148 2372 224 2400 anccl
238 2372 302 2401 atiae

119 2446 137 2477 d
166 2394 325 2440 LeonellurZ
346 2407 495 2449 Cranfeild
520 2406 648 2440 Militem
670 2407 767 2438 Curiae
792 2406 894 2438 nostrae
916 2406 1063 2445 Pupillaris
1083 2405 1183 2437 Praefi-

139 2456 187 2478 em

159 2471 276 2525 Q'iibus
299 2487 425 2518 nostram
446 2487 474 2516 in
495 2485 555 2516 toti
574 2485 762 2516 Tractatione
776 2484 936 2523 delegamus
952 2484 1160 2514 Authoritatem
1173 2505 1183 2520 ,

120 2531 153 2554 ut
170 2525 274 2563 Capita
291 2525 391 2555 vetusti
406 2525 533 2554 Fcederis
554 2524 717 2562 inspiciant,
736 2522 928 2559 confirment,
947 2530 1074 2559 mutent,
1094 2523 1183 2558 expli-

120 2571 204 2602 cent,
221 2566 254 2596 &
272 2573 362 2594 novas
376 2564 395 2594 si
410 2563 549 2593 videbitur
566 2563 707 2601 prioribus
728 2561 859 2600 adjiciant
877 2560 1084 2598 Conditiones,
1100 2561 1183 2592 diser-

120 2601 154 2631 tis
168 2603 260 2633 verbis
272 2603 431 2639 exprimant
444 2601 626 2632 conscribant
638 2600 805 2639 consignent
816 2611 823 2631 :

157 2640 195 2672 Et
210 2641 347 2679 quicquid
361 2640 435 2670 inter
447 2649 512 2676 εοε,
530 2647 578 2670 ant
593 2640 739 2678 plerosque
760 2647 806 2669 aut
827 2638 882 2668 Sex
905 2647 1023 2674 eorum,
1043 2637 1184 2667 Conven-

121 2685 184 2709 tum
199 2679 233 2711 δε
245 2679 468 2710 concordatum
484 2688 517 2708 ex
533 2679 585 2709 hac
602 2688 681 2716 parte
695 2678 780 2708 fuerit
797 2687 866 2707 cum
884 2677 1093 2714 praenominato
1117 2679 1183 2706 An-

123 2718 188 2747 a'rea
203 2718 367 2756 Saincklar,
384 2727 436 2748 nos
450 2727 560 2754 ratum,
579 2717 717 2756 firmum,
735 2715 994 2755 Chirogtaphoque
1017 2715 1133 2753 nostro,
1151 2716 1184 2746 ὅ(

127 2842 176 2873 De
196 2841 320 2888 speciali
354 2841 511 2872 Vsssrrranto
542 2837 684 2884 Johanni
715 2839 867 2871 {Villiams
900 2840 992 2870 Sacrae
1026 2835 1185 2884 Theologiae

149 2890 303 2936 Profeffori
316 2894 352 2929 ὠ·
364 2892 493 2923 Domino
513 2887 632 2931 Ctaestodi
648 2891 764 2934 Adagni
782 2886 880 2933 sigilli
900 2887 1014 2933 Angliae
1032 2888 1160 2932 conccstb.

6 3033 54 3055 ,ni-i.
69 3022 250 3095 D.JAiiis5
268 3021 308 3060 by
323 3019 373 3051 the
387 3020 488 3064 §tace
505 3020 542 3050 of
552 3019 622 3050 God
633 3043 642 3058 ,
668 3021 729 3051 &c
754 3019 804 3050 To
822 3019 870 3050 the
887 3018 1028 3058 Treafhrer
1048 3021 1110 3049 and
1124 3022 1184 3049 Ba-

6 3063 85 3094 1621.
173 3071 234 3090 rom
253 3060 289 3089 of
302 3069 356 3090 our
375 3058 545 3096 hxchequer
559 3082 568 3095 ,
595 3058 649 3088 and
668 3067 699 3088 to
719 3058 768 3088 the
786 3059 911 3087 Auditor
929 3059 988 3088 and
1001 3059 1137 3088 Auditors
1153 3059 1190 3088 of

8 3103 38 3130 da
49 3109 110 3139 pars
127 3100 176 3131 the
202 3100 366 3136 Accompts
387 3098 424 3128 of
444 3098 495 3128 the
519 3096 614 3126 clerke
641 3108 671 3127 or
696 3098 797 3135 Keeper
821 3095 857 3136 of
869 3107 917 3126 our
935 3099 1068 3136 Hanaper
1084 3100 1111 3127 in
1132 3107 1184 3127 our

0 3148 68 3172 aren.
82 3145 110 3169 Ae
128 3137 299 3175 Cbauncery
312 3160 322 3175 ,
343 3138 399 3166 and
421 3136 457 3166 of
474 3145 523 3166 our
547 3134 609 3165 chre
649 3135 749 3164 Butler
775 3135 809 3172 of
824 3135 977 3173 England,
1003 3135 1056 3165 and
1084 3136 1121 3166 of
1135 3146 1183 3164 our

8 3189 32 3208 ri.
54 3189 84 3215 ¹9
126 3179 229 3214 Keeper
251 3177 287 3216 of
304 3186 352 3205 our
375 3177 463 3204 Great
490 3175 598 3204 Gardro
616 3186 629 3203 e
645 3196 654 3211 ,
679 3175 732 3203 and
758 3183 790 3204 to
807 3174 856 3205 the
875 3173 970 3203 clerke
989 3185 1018 3203 or
1035 3176 1138 3214 Kecper
1155 3173 1192 3213 of

9 3217 49 3245 'ac-
70 3228 91 3246 i.
127 3226 175 3245 our
186 3215 256 3255 fizid
272 3219 404 3253 Hanaper
454 3221 486 3243 to
502 3223 557 3243 our
574 3214 628 3244 said
649 3210 741 3251 Cheffe
766 3212 866 3242 Butler
891 3213 927 3243 of
949 3212 1076 3251 England
1090 3237 1100 3252 ,
1126 3214 1181 3244 and

27 3264 68 3291 ¹7-
125 3263 157 3285 to
178 3256 227 3287 the
244 3255 346 3294 Keeper
363 3236 427 3282 anal
437 3251 532 3282 clerke
547 3250 583 3291 ⁰f
592 3261 640 3281 our
648 3250 719 3294 spice!
735 3251 875 3281 Gardrobe
890 3275 898 3287 ,
923 3251 978 3281 and
997 3260 1028 3281 to
1046 3261 1130 3292 every
1148 3253 1186 3283 of

121 3293 204 3325 them
221 3294 282 3325 that
300 3301 371 3323 now
390 3292 428 3321 be
444 3292 499 3322 and
517 3292 562 3321 for
582 3290 631 3321 the
648 3299 719 3321 time
736 3289 872 3321 hereafter
890 3290 958 3320 ihall
977 3291 1031 3328 be,
1050 3289 1184 3322 Greetin-

144 3342 168 3362 e.
684 3359 687 3363 ,

124 3342 143 3372 g
160 3371 274 3403 Where
291 3370 386 3408 Wee,
407 3367 444 3399 of
458 3377 511 3398 our
531 3366 626 3398 Grace
643 3366 769 3404 especiau
785 3368 906 3397 certaine
926 3366 1108 3407 Knowledge
1126 3369 1182 3399 and

124 3419 202 3441 meet
228 3410 352 3441 Motion
366 3431 376 3446 ,
402 3407 448 3437 for
473 3407 522 3437 the
544 3413 621 3444 great
644 3405 736 3436 Trust
753 3406 807 3435 and
826 3405 1008 3436 Confidence
1027 3407 1086 3437 that
1103 3407 1147 3437 Vis
1149 3417 1182 3438 ee

123 3449 198 3481 have
222 3450 250 3479 in
278 3449 327 3480 the
352 3445 492 3477 Wisdom
517 3444 572 3474 and
600 3444 748 3477 Dexteritv
773 3444 809 3474 of
822 3455 874 3474 our
894 3444 986 3484 Right
1003 3445 1108 3483 Trusty
1126 3446 1182 3476 and

124 3487 331 3519 Wcllbeloved
357 3484 537 3516 Councellor
551 3505 560 3521 ,
586 3482 666 3521 John
691 3481 832 3512 Williams
857 3482 973 3514 Doctor
992 3483 1029 3513 of
1044 3483 1181 3524 Divinity

123 3527 179 3557 and
198 3526 302 3557 Deane
320 3525 356 3556 of
370 3522 590 3558 Westminster,
615 3521 670 3551 and
689 3520 737 3551 for
756 3522 860 3551 certain
879 3521 961 3551 other
978 3522 1086 3560 speciali
1105 3521 1183 3553 Cau-

122 3565 162 3595 fes
180 3575 211 3595 us
232 3566 331 3596 movin
369 3563 441 3594 have
460 3562 547 3598 given
565 3560 619 3590 and
636 3559 772 3599 graunted
790 3568 862 3590 unto
879 3560 929 3590 the
947 3560 1002 3590 said
1017 3560 1097 3598 John
1116 3560 1186 3591 Wil-

122 3603 200 3633 liam:
217 3604 270 3635 the
288 3604 320 3633 Ο
355 3611 388 3632 ce
407 3600 444 3631 of
459 3599 574 3637 Keeper
592 3598 628 3629 of
643 3608 697 3627 our
713 3597 801 3628 Great
821 3597 882 3627 Seal
900 3598 936 3628 of
951 3598 1079 3637 England
1095 3622 1104 3636 ,
1128 3600 1184 3630 and

124 3644 210 3680 given
230 3643 384 3680 Authon'ty
402 3647 475 3670 unto
493 3638 543 3669 the
562 3638 614 3668 said
633 3636 715 3675 John
733 3635 874 3666 Williams
894 3645 926 3666 to
952 3637 1032 3667 heare
1055 3639 1185 3668 examine

125 3680 181 3709 and
199 3681 356 3713 determine
373 3678 493 3714 Causes,
521 3676 640 3707 Matters
657 3675 711 3705 and
729 3674 805 3705 Suits
824 3684 851 3704 as
869 3674 936 3704 shall
951 3675 1065 3714 happen
1082 3685 1114 3706 to
1133 3678 1186 3715 be,

126 3728 155 3748 as
170 3720 234 3749 well
252 3721 281 3749 in
300 3729 352 3750 our
370 3717 542 3755 Chauncery
558 3724 585 3744 as
608 3715 636 3744 in
663 3723 717 3744 our
744 3713 945 3744 Starchamber
958 3738 967 3751 ,
993 3714 1051 3745 like
1080 3724 1108 3744 as
1137 3716 1185 3745 the

127 3756 320 3787 Chauncellor
348 3757 386 3788 of
408 3755 538 3794 England
563 3762 598 3783 or
624 3752 738 3791 Keeper
764 3750 800 3781 of
821 3752 869 3781 the
886 3760 963 3791 great
981 3752 1041 3783 Seal
1060 3754 1096 3783 of
1107 3753 1187 3793 Eng-

125 3794 195 3825 land
212 3796 247 3825 of
260 3795 308 3826 Us
326 3805 359 3825 or
379 3794 444 3825 Out
465 3794 650 3830 Progeiiitors
676 3792 721 3822 for
747 3791 796 3821 the
821 3791 893 3820 time
918 3791 1001 3829 being
1026 3791 1187 3822 hetetofore

126 3833 197 3865 hath
220 3832 285 3863 used
308 3832 384 3863 done
408 3832 462 3863 and
487 3831 620 3871 prac'hsed
637 3855 646 3869 ,
672 3829 742 3861 with
761 3829 797 3859 all
813 3827 869 3859 and
886 3828 1004 3868 finguler
1022 3839 1140 3861 manner
1155 3830 1192 3860 of

128 3873 216 3909 Pecs,
233 3871 357 3909 Dyetts,
376 3871 490 3909 Robes,
508 3870 649 3907 Liveries‚
668 3868 764 3899 Waxe
776 3867 830 3911 and
847 3866 960 3906 Wyne,
981 3867 1119 3911 Rewards
1133 3869 1188 3898 and

129 3911 214 3941 other
233 3908 354 3946 Profits,
373 3908 550 3940 Allowances
567 3908 620 3939 and
640 3906 852 3939 Commodities
870 3913 900 3935 to
917 3916 949 3936 or
960 3907 1032 3937 with
1047 3907 1097 3937 the
1112 3908 1187 3937 same

130 3950 238 3979 Room
264 3957 297 3977 or
323 3945 422 3985 Qffice
441 3947 476 3976 of
490 3946 683 3978 Chauncellor
699 3956 732 3976 or
752 3943 867 3982 Keeper
884 3944 921 3974 of
934 3944 983 3975 the
1001 3944 1090 3976 Great
1108 3945 1187 3976 Seale

129 3988 166 4018 of
182 3985 313 4023 Englarid
329 3986 358 4014 in
376 3994 429 4023 any
446 3985 511 4015 wife
529 3995 565 4016 or
582 3987 619 4024 by
638 3994 690 4022 any
710 3993 825 4014 manner
844 3992 944 4012 meane
967 3982 1021 4013 due
1044 3993 1187 4023 appertay-

130 4027 199 4065 nitig
226 4024 292 4055 used
313 4033 347 4053 or
374 4024 546 4061 belonginge
559 4046 569 4061 ,
593 4025 620 4053 in
646 4024 701 4055 like
723 4021 777 4051 and
795 4022 824 4051 iri
843 4031 870 4051 as
887 4020 980 4058 ample
1000 4031 1116 4052 manner
1131 4023 1187 4052 and

129 4065 222 4096 forme
242 4072 270 4094 as
295 4070 347 4101 any
366 4061 448 4092 Lord
465 4059 657 4092 Chauncellor
676 4061 712 4092 of
728 4059 858 4100 England
875 4070 908 4091 or
927 4059 1008 4092 Lord
1027 4059 1139 4099 Keeper
1155 4061 1193 4129 fif

1143 4107 1153 4129 t
1177 4109 1192 4129 e

1203 151 1656 213 PUBLICA.
2201 195 2284 235 205

1218 250 1334 291 Magno
1347 253 1448 289 Sigillo
1464 254 1576 294 Angliae
1589 256 1676 301 veluti
1689 259 1705 287 a
1717 257 1816 304 Nobis
1828 259 1891 304 ipsis
1912 261 2078 298 profestum
2100 262 2155 294 fide
2181 263 2272 304 Regia
2284 262 2359 294 Ann.
2373 263 2417 296 D:

1215 291 1407 328 agnoscemus.
1446 292 1536 329 Quod
1552 301 1584 324 ut
1597 295 1747 325 clarissime
1764 299 1896 328 omnibus
1910 300 2012 338 liqueat
2023 301 2126 340 magna
2139 302 2239 333 Animi
2257 305 2273 335 a
2303 303 2391 332 1621.

1217 328 1253 358 N
1256 329 1320 358 obis
1334 330 1442 360 sactum
1461 332 1705 379 promptitudine,
1715 335 1819 365 Literas
1833 337 1914 379 liasce
1929 338 2032 369 eodem
2050 339 2149 372 nostro
2164 340 2272 373 Chiro·
2285 349 2317 376 ¹9
2324 342 2419 379 Jam-

1216 367 1329 404 grapho
1345 369 1378 399 ὅ(
1394 368 1508 407 Magno
1522 369 1634 408 Angliae
1650 372 1747 409 Sigillo
1760 382 1912 406 munimus.

1252 443 1459 488 'Datumuapud
1472 444 1748 490 Palatium'nqstrrtm
1760 449 2007 491 ,Wstmonasteria
2031 455 2169 494 vigesimo
2193 468 2275 489 nono

1216 481 1276 512 Die
1292 482 1406 527 Martii,
1425 484 1513 513 Anno
1529 483 1822 529 Dominimillelimo
1841 488 2039 531 sexcentesimo
2059 495 2198 532 vigesimo
2216 498 2274 534 pri-

1215 529 1284 558 mo,
1303 521 1400 561 Regni
1412 531 1480 552 vero
1496 521 1584 552 nostri
1600 522 1718 561 Magnae
1732 523 1879 556 Britanniae
1890 549 1899 564 ,
1915 527 1975 559 &c.
1994 529 2122 563 Decimo
2136 543 2227 564 nono.

1375 597 1526 636 Signatum
1543 599 1561 638 J
1571 609 1591 630 A
1601 609 1672 631 con
1681 608 1704 629 u
1715 611 1727 631 s
1746 600 1786 631 R.

1610 678 1652 706 Et
1658 675 1810 716 sigillatum
1825 680 1928 715 Magno
1939 680 2032 717 Sigillo
2045 683 2168 720 Angliae.

1256 749 1294 780 Et
1319 750 1355 780 ita
1382 759 1467 788 prout
1484 752 1561 790 supra
1578 752 1630 784 fuit
1647 763 1698 790 per
1716 753 1789 784 Nos
1808 754 2050 792 supranominatos
2068 760 2100 789 δε
2120 761 2276 801 infrascrip-

1217 795 1263 832 193
1289 788 1451 826 Deputatos
1474 790 1676 822 Procuratores
1701 792 1734 822 &
1762 792 1980 824 Commissarios
1999 795 2170 829 Tranatum
2187 801 2277 831 Stabi-

1217 826 1300 870 litum
1320 828 1353 858 &
1373 827 1551 872 Concluffim
1569 831 1672 860 virtute
1691 830 1830 862 dierarurn
1846 832 2007 863 nostrarum
2021 833 2279 877 Commfflionum,

1219 865 1253 896 &
1270 874 1300 908 in
1319 875 1450 910 omnium
1469 869 1503 898 ὃς
1519 868 1696 904 singulorum
1713 868 1798 899 fidem
1819 871 1946 902 manibus
1965 871 2067 902 nostris
2085 877 2203 911 propriis
2224 877 2278 906 firi-

1219 902 1276 940 guli
1300 905 1508 942 subscripsimus
1534 907 1656 936 Londini
1668 929 1677 943 ,
1711 907 1768 937 Die
1797 909 1934 939 vicesimo
1960 919 2041 941 nono
2072 911 2175 949 Aprilis
2207 914 2277 944 Stilo

1220 942 1333 980 veteri,
1358 942 1446 974 Anno
1470 944 1594 975 Domini
1623 945 1780 976 Millesimo
1806 946 2018 979 Sexcentefimo
2049 948 2192 982 Vicesimo
2218 951 2279 983 Pri-

1222 988 1284 1009 mo.

1879 1067 2012 1102 Signatae,

1596 1137 1728 1167 Andreas
1745 1138 1860 1168 Sinclar.

1697 1175 1848 1207 Lnuox

1698 1214 2063 1249 G.Buc1<1NG1-1AM.

1695 1251 1949 1286 HAMrLToN.

1699 1289 1944 1323 PEMBRocH.

1696 1327 1738 1357 T.
1759 1330 2248 1371 ARUNDELL,&SURE11.

1702 1366 1979 1400 DoNcAsTER.

1702 1404 1746 1434 H.
1767 1406 2012 1439 FALKLAND.

1696 1442 2000 1476 Triumviros&

1696 1480 2045 1515 GEo.CALvER·1·.

1698 1518 1842 1552 Ρυωςε
1870 1521 2080 1556 GREVILL.

1696 1557 1788 1596 JuL.
1814 1560 1978 1592 CAEsAR.

1699 1595 1869 1629 LEONEL
1897 1598 2173 1632 CRANFEILDL

1248 1665 1397 1711 „Incmco
1415 1677 1468 1698 nos
1485 1678 1516 1700 ea
1534 1678 1598 1708 quae
1617 1670 1770 1715 Delegatus
1788 1674 1885 1705 noster
1896 1700 1906 1713 ,
1933 1677 1962 1707 vi
1982 1677 2074 1708 relatae
2094 1677 2283 1711 Commiffio·

1225 1715 1267 1735 nis
1286 1706 1341 1736 suae
1358 1730 1366 1744 ,
1392 1716 1460 1750 cum
1479 1708 1507 1738 su
1530 1712 1709 1753 ranominatis
1728 1711 1884 1744 Serenitatis
1901 1715 1983 1752 ipsius
2001 1715 2209 1748 Commiffariis
2230 1729 2283 1749 no·

1225 1743 1290 1788 stro·
1303 1745 1439 1775 Nomine
1456 1750 1515 1776 trac
1529 1756 1587 1778 aVit
1607 1750 1639 1779 ὃς
1658 1751 1798 1781 concluiit
1817 1751 1973 1783 Probantes
1991 1755 2024 1784 &
2046 1755 2120 1785 Rata
2138 1757 2284 1796 habentes,

1225 1783 1497 1828 Articulos‘omnes
1525 1786 1720 1825 suprascriptos
1744 1790 1772 1817 in
1798 1791 1811 1807 ³*
1838 1792 1974 1822 omnibus
1998 1793 2123 1829 ipsorum
2142 1798 2285 1827 contentis

1224 1822 1258 1852 &
1278 1822 1401 1866 cla-usulis
1418 1833 1502 1867 prout
1522 1824 1560 1855 illi
1578 1826 1738 1863 suprapositi
1757 1828 1817 1858 sunt
1835 1829 1870 1858 de
1890 1831 1980 1860 verbo
1997 1832 2031 1861 ad
2047 1834 2184 1871 verbum,
2204 1837 2284 1874 vigo-

1224 1870 1255 1890 re
1278 1861 1359 1899 hujus
1382 1861 1558 1906 Diplomatis
1584 1863 1671 1894 nostri
1698 1864 1782 1904 Regii
1799 1891 1808 1904 ,
1833 1869 1941 1898 meliori
1960 1869 2055 1900 forma
2073 1872 2106 1902 &
2126 1872 2216 1902 modo
2235 1883 2285 1912 ap-

1223 1901 1377 1944 probamus
1392 1899 1559 1932 tatificamus
1577 1902 1610 1932 ὃς
1629 1903 1847 1943 confirmamus,
1867 1906 2100 1947 Spondemusque
2117 1919 2150 1940 ac
2164 1914 2286 1947 promit-

1223 1946 1309 1969 timus
1327 1949 1358 1969 in
1376 1940 1465 1969 verbo
1484 1949 1517 1969 ac
1535 1939 1590 1971 fide
1610 1940 1700 1980 Regia
1719 1953 1776 1973 tam
1796 1954 1847 1982 pro
1867 1947 1948 1975 nobis
1968 1947 2055 1984 quam
2075 1958 2127 1985 pro
2153 1949 2283 1981 Haeredi-

1224 1977 1276 2006 bus
1295 1977 1328 2008 &
1348 1977 1562 2009 successoribus
1578 1980 1680 2010 nostris
1700 1981 1827 2018 Regibus
1848 1982 1951 2014 Daniae
1970 1985 2146 2024 Norvegiae‚
2165 1989 2227 2019 &c.
2253 1990 2283 2019 in

1223 2024 1409 2060 perpetuum,
1432 2027 1485 2046 nos
1502 2027 1551 2047 eos
1568 2018 1662 2049 sanate
1679 2029 1760 2058 atque
1780 2022 1975 2053 inviolabiliter
1993 2024 2186 2056 observaturos
2200 2050 2209 2064 ,
2234 2038 2284 2058 ne-

1225 2064 1281 2091 que
1299 2054 1349 2084 illis
1368 2055 1475 2086 duceie
1494 2056 1538 2086 vel
1557 2057 1697 2088 indireffe
1716 2068 1950 2091 contraventuros
1966 2085 1975 2098 ,
2000 2073 2092 2100 neque
2112 2072 2141 2093 ut
2167 2069 2183 2095 a
2208 2065 2285 2096 Sub-

1224 2094 1298 2161 ditilss
1306 2101 1353 2124 aut
1370 2092 1477 2124 Incolis
1494 2093 1670 2132 Regnorum
1689 2098 1852 2129 nostrorum
1870 2099 1929 2131 hoc
1946 2101 2001 2131 ulla
2017 2103 2125 2133 ratione
2150 2102 2198 2134 fiat
2221 2114 2284 2142 per-

1226 2141 1265 2161 rrii
1293 2142 1366 2161 uros.

1262 2170 1413 2201 OMNIA
1441 2180 1552 2202 BONA
1576 2181 1685 2204 FIDE.

2304 1782 2321 1800 *¹
2337 1784 2435 1813 XVII.

2307 1832 2370 1860 311·

1242 2287 1247 2291 .
1270 2246 1302 2277 111
1328 2256 1452 2291 quorum
1482 2251 1615 2293 omnium
1644 2251 1732 2288 majus
1753 2251 1962 2284 firmamentum
1980 2255 2014 2285 δε
2034 2255 2189 2292 pleniorem
2204 2262 2287 2288 auto-

1226 2294 1335 2330 ritatem
1360 2292 1477 2323 praeiens
1500 2287 1638 2332 Qiploma
1662 2288 1764 2329 Regiae
1782 2290 1888 2322 nostrae
1905 2301 2003 2323 marius
2019 2294 2220 2332 subscriptione
2238 2306 2286 2326 ro-

1227 2326 1407 2363 boravimus,
1426 2326 1459 2356 &
1477 2325 1605 2365 Sigillum
1622 2327 1753 2358 nostrum
1773 2329 1866 2367 Majus
1884 2331 1976 2361 eidem
1994 2333 2115 2371 appendi
2130 2333 2268 2372 Juffimus,

1261 2401 1374 2445 ‚Afstum
1399 2403 1429 2445 iri
1451 2406 1526 2433 Arce
1551 2402 1645 2442 nostri
1661 2405 1875 2447 steinburgenfi‚
1895 2407 1941 2436 die
1955 2416 2001 2437 xx.
2013 2408 2100 2447 Julii,
2118 2410 2205 2441 Anno
2219 2410 2286 2447 Do-¹

1227 2449 1298 2470 mini
1312 2440 1470 2471 Millelimo
1488 2442 1701 2474 Sexcenteiinio
1720 2443 1865 2476 Vicesimo
1880 2445 1988 2476 Primo.

1386 2517 1705 2551 CHRISTIANUS.

1384 2594 1438 2624 Sub
1456 2593 1549 2631 Sigillo
1565 2599 1673 2634 Majori
1687 2599 1765 2634 Regis
1778 2600 1897 2637 Daniae,
1917 2599 1948 2628 de
1962 2599 2025 2629 cerA
2040 2601 2123 2630 rubea
2138 2604 2167 2631 in
2182 2602 2286 2642 Pyxide

1436 2636 1580 2678 Argentea
1592 2638 1739 2664 Deaurata
1755 2635 1855 2674 incluso
1865 2661 1874 2674 ,
1889 2637 2026 2676 pendente
2046 2640 2064 2668 ἂ
2066 2639 2129 2679 filis
2140 2642 2233 2669 Sericis
2253 2641 2286 2669 de

1438 2681 1526 2701 varus
1541 2672 1667 2703 coloribus
1681 2677 1850 2705 intertextis.

1231 2835 1343 2867 Brevet
1368 2831 1408 2867 de
1435 2833 1461 2867 la
1486 2833 1612 2880 Charge
1638 2832 1676 2867 de
1703 2834 1792 2868 Lord
1822 2835 1931 2870 Garde
1960 2836 2005 2871 du
2040 2838 2152 2872 Grand
2189 2840 2285 2874 Sceau

1273 2881 1508 2963 ld’Apglererre,
1527 2893 1609 2929 pour
1621 2884 1697 2929 Jean
1715 2882 1874 2919 Williams
1885 2912 1896 2928 ‚
1916 2883 2092 2920 Professeur
2109 2898 2147 2919 en
2163 2886 2283 2933 The'off

1286 2943 1369 2978 ogie.

1222 3017 1386 3089 JAQJizs,
1398 3025 1453 3056 par
1469 3016 1497 3046 la
1508 3027 1588 3054 grace
1602 3017 1634 3048 de
1648 3021 1738 3055 Dieu,
1753 3019 1814 3049 &c
1833 3021 1884 3049 Au
1904 3019 2052 3052 Tresorier
2073 3021 2106 3052 &
2128 3021 2234 3053 Barons
2252 3024 2285 3052 de

1275 3064 1354 3086 notre
1369 3055 1528 3096 Echiquier,
1546 3055 1582 3091 ὠ·
1598 3056 1616 3085 ἰι
1639 3056 1798 3087 l'Auditeur
1819 3067 1858 3088 ou
1881 3067 1932 3088 aux
1955 3059 2105 3090 Auditeurs
2123 3062 2168 3090 des
2189 3065 2284 3101 Comp-

1227 3101 1268 3124 tes
1284 3096 1318 3124 du
1334 3094 1420 3124 Clerc
1435 3105 1474 3124 ou
1490 3093 1587 3125 Garde
1603 3095 1639 3124 de
1653 3105 1733 3126 notre
1746 3095 1846 3126 Panier
1859 3096 1929 3127 dans
1942 3095 1971 3126 la
1989 3097 2175 3136 Chancelerie,
2192 3097 2229 3133 &
2250 3102 2283 3129 de

1227 3141 1310 3163 notre
1333 3133 1454 3171 premier
1474 3132 1644 3163 Sommelier
1664 3133 1862 3173 d'Angleterre
1876 3157 1884 3173 ,
1910 3134 1947 3170 <sy
1967 3135 2003 3165 du
2025 3136 2119 3166 Garde
2141 3138 2177 3166 de
2202 3148 2283 3169 notre

1226 3172 1331 3208 grande
1347 3172 1532 3209 Garderobe,
1551 3170 1589 3206 &
1603 3183 1640 3201 au
1656 3172 1742 3203 Clerc
1760 3183 1801 3203 ou
1815 3173 1912 3204 Garde
1928 3174 1964 3203 de
1979 3184 2058 3204 notre
2074 3175 2114 3204 dit
2127 3175 2243 3212 Pinier,
2262 3176 2281 3205 ιὶ

1225 3218 1302 3240 notre
1317 3210 1359 3240 dit
1374 3211 1495 3248 premier
1509 3210 1677 3240 Sommelier
1692 3211 1905 3248 d'Angleterre,
1924 3212 1956 3241 ὅ(
1972 3223 2006 3242 au
2025 3212 2122 3242 Garde
2142 3223 2180 3242 ou
2195 3213 2281 3244 Cletc

1226 3248 1261 3279 de
1275 3259 1358 3279 notre
1374 3250 1432 3280 dite
1445 3248 1630 3286 Garderobe,
1649 3248 1686 3283 ὠ·
1702 3249 1720 3278 ἂ
1737 3257 1797 3278 tous
1812 3249 1849 3285 ὠ·
1863 3250 1965 3279 chacun
1980 3251 2012 3280 de
2029 3261 2093 3280 ceux
2105 3255 2152 3289 qui
2174 3251 2198 3280 le
2213 3250 2282 3290 shut

1224 3286 1242 3317 ἂ
1254 3288 1363 3327 pre'st’izt
1379 3285 1416 3322 ὠ·
1435 3290 1480 3329 qui
1497 3287 1520 3316 le
1526 3287 1623 3326 fi’ront
1637 3287 1707 3317 dans
1720 3287 1747 3317 la
1755 3287 1844 3327 fhite,
1864 3288 1953 3318 Salat.

1260 3366 1404 3395 D'autant
1417 3376 1465 3406 que
1481 3375 1556 3402 nous,
1569 3364 1600 3393 de
1612 3371 1687 3396 notre
1699 3376 1778 3401 grace
1784 3363 1915 3404 speciale,
1930 3365 2106 3403 connoiffionce
2116 3365 2281 3401 certaine&

1223 3404 1256 3432 de
1274 3412 1352 3434 notre
1362 3414 1414 3444 pur
1430 3411 1611 3439 mouvement,
1627 3415 1666 3433 vu
1681 3402 1708 3432 la
1720 3404 1824 3440 grande
1837 3402 1971 3440 conflante
1986 3415 2034 3443 que
2052 3415 2116 3434 nous
2138 3416 2226 3434 avons
2247 3417 2281 3436 en

1222 3442 1251 3471 la
1262 3443 1394 3480 prudence
1408 3442 1445 3478 ό·
1458 3440 1603 3471 shabilete'
1613 3442 1643 3470 de
1659 3450 1737 3470 notre
1751 3442 1806 3471 [νὼ
1812 3440 1896 3480 fidele
1913 3439 1950 3475 ὦ·
1967 3442 2116 3471 bien-aime(
2125 3443 2281 3482 Cwfidler,

1220 3482 1290 3519 Jeati
1307 3481 1349 3511 W
1353 3482 1450 3512 illiams
1465 3481 1585 3509 Doaeur
1600 3490 1633 3508 en
1648 3482 1675 3507 T
1672 3479 1785 3516 he'ologie
1802 3488 1840 3513 (9·
1856 3482 1949 3518 Doyen
1969 3480 2001 3508 de
2026 3481 2220 3521 westminster,
2240 3482 2279 3518 &-

1217 3528 1287 3558 pour
1303 3520 1423 3549 d'autres
1439 3518 1524 3557 causes
1530 3517 1687 3555 fingulieres
1700 3521 1745 3558 qui
1759 3528 1824 3547 nous
1837 3524 1884 3546 ont
1893 3519 1974 3554 porte
1984 3517 2002 3547 ὰ
2020 3518 2076 3547 cela
2088 3544 2096 3555 ,
2112 3531 2200 3550 avons
2213 3521 2282 3552 don-

1225 3560 1263 3588 κέ
1285 3556 1322 3592 &-
1341 3558 1451 3588 accorde‘
1468 3568 1502 3585 au
1526 3557 1567 3584 dit
1589 3556 1660 3593 Jean
1677 3556 1817 3586 Williams
1837 3554 1864 3583 la
1885 3554 1992 3592 Charge
2013 3556 2046 3584 de
2065 3558 2159 3587 Garde
2178 3559 2211 3588 de
2233 3571 2283 3590 na-

1226 3605 1269 3627 tre
1286 3597 1480 3627 Grand-Sceau
1501 3593 1716 3632 d'Angleterre‚
1734 3591 1771 3627 ὠ·
1794 3603 1858 3623 nour
1879 3603 1968 3623 avons
1991 3595 2082 3624 donne‘
2099 3600 2225 3627 autorite‘
2244 3611 2280 3628 au

1223 3637 1267 3665 dit
1277 3635 1348 3673 Jean
1363 3635 1504 3665 williams
1518 3632 1690 3670 d'entendre‚
1710 3633 1878 3662 d‘exarm'ner
1892 3628 1930 3664 ὦ·
1954 3632 1986 3661 de
2009 3633 2112 3665 dfcider
2131 3635 2168 3665 les
2182 3648 2232 3667 cau
2246 3648 2283 3675 es,

1227 3678 1352 3705 matieres
1374 3670 1411 3707 ό·
1426 3671 1518 3710 proces
1538 3674 1582 3709 qui
1597 3669 1813 3709 firrviendront,
1833 3676 1899 3698 tant
1918 3670 1987 3699 dans
2011 3680 2088 3701 notre
2111 3636 2282 3705 chancelgie

1226 3724 1276 3753 que
1291 3713 1358 3741 dans
1376 3718 1455 3741 notre
1469 3709 1601 3739 Chambre
1612 3709 1738 3745 -e‘toile'e,
1757 3708 1828 3748 tiinfi
1847 3719 1897 3748 que
1918 3707 1942 3737 le
1965 3707 2122 3741 chamelier
2140 3713 2280 3751 d'Angle-

1228 3760 1320 3788 terre,
1336 3761 1367 3779 ou
1381 3750 1403 3778 le
1426 3748 1519 3778 Garde
1538 3747 1574 3776 du
1595 3747 1697 3777 Grand
1716 3751 1797 3777 Sceau
1819 3745 2031 3786 d'Angleterre,
2052 3749 2083 3778 de
2108 3762 2172 3780 nour
2196 3763 2227 3781 ou
2247 3752 2280 3782 de

1229 3801 1276 3820 nos
1297 3787 1435 3818 Ancbtres
1451 3786 1573 3826 pendant
1594 3784 1649 3815 leur
1671 3793 1750 3820 tems,
1770 3791 1820 3814 ont
1832 3783 1895 3822 fait
1918 3784 1955 3818 ὠ·
1971 3789 2105 3829 pratique‘
2116 3790 2281 3829 ci—devant,

1228 3839 1297 3857 avec
1312 3827 1347 3856 les
1363 3826 1518 3855 e‘molumens
1535 3824 1565 3853 de
1579 3831 1666 3853 toutes
1683 3823 1718 3853 les
1728 3823 1833 3862 firrter,
1850 3822 1878 3852 la
1893 3828 2060 3863 nourriture,
2079 3825 2115 3856 les
2138 3828 2229 3867 rober,
2248 3829 2288 3859 li-

1228 3868 1307 3897 συνίω-
1316 3889 1325 3902 ,
1342 3865 1371 3894 la
1388 3868 1440 3894 cire
1454 3864 1491 3898 ὠ·
1505 3862 1529 3892 le
1544 3865 1612 3900 vin,
1629 3863 1762 3900 re‘compen
1776 3873 1802 3891 es
1816 3860 1854 3895 ὠ·
1862 3861 1958 3900 profits
1975 3860 2012 3896 ὠ·
2025 3873 2184 3903 avantages
2202 3875 2283 3897 atta-

1229 3906 1290 3936 che‘s
1304 3904 1321 3934 d
1336 3904 1365 3933 la
1383 3902 1464 3931 mbme
1480 3901 1583 3937 charge
1599 3911 1631 3929 ou
1646 3898 1729 3937 Office
1761 3912 1773 3928 e
1787 3899 1944 3929 chancelier
1964 3911 1995 3930 ou
2014 3903 2106 3932 Garde
2129 3905 2164 3933 du
2185 3907 2287 3936 Grand

1229 3947 1311 3975 Sceau
1326 3940 1539 3980 d’Angleterre,
1558 3950 1592 3968 en
1608 3947 1681 3968 toute
1688 3937 1775 3980 fafon
1789 3936 1826 3972 &0
1842 3938 1873 3967 de
1887 3938 1950 3967 telle
1971 3944 2088 3970 maniere
2111 3954 2160 3982 que
2181 3944 2235 3973 cela
2251 3944 2284 3983 [ἓ

1228 3983 1285 4013 doit
1307 3982 1344 4017 ὠ,
1366 3983 1541 4020 appartient,
1558 3974 1595 4011 (9·
1617 3977 1682 4017 auffi
1702 3989 1747 4005 am
1765 3975 1861 4005 lement
1878 3977 2010 4015 qu’aucun
2030 3980 2110 4009 Lord
2128 3981 2284 4012 Chancelier

1229 4020 1441 4057 d’Angleterre,
1460 4029 1491 4047 ou
1517 4015 1596 4045 Lord
1615 4015 1708 4045 Garde
1750 4027 1766 4043 u
1786 4017 1887 4045 Grand
1898 4019 1979 4045 Sceau
2001 4016 2202 4053 d’Angleterre
2217 4020 2282 4049 l’ait

1230 4069 1278 4098 eu,
1296 4071 1329 4090 en
1344 4061 1387 4089 ait
1396 4058 1455 4095 jaus*
1467 4066 1501 4086 ou
1516 4058 1555 4085 ait
1570 4064 1650 4094 refu,
1663 4053 1770 4121 βίἒάιι
1785 4060 1854 4083 tems
1867 4053 1900 4083 de
1903 4053 1971 4093 seue
1984 4062 2064 4086 notre
2077 4056 2152 4087 chere
2164 4061 2248 4124 Soeufi
2253 4057 2283 4086 la

1744 4101 1760 4122 c
1783 4100 1797 4131 3
2250 4097 2289 4125 ei-
