2530 4279
529 225 928 271 INDEX

286 317 316 357 ξ’
415 316 443 351 2³*
572 314 600 361 ..Ξ

286 375 314 401 0
415 367 442 406 Ρ
571 364 601 409 ἰὴ

567 416 615 464 im

260 434 331 461 ¹⁶¹⁶
363 438 457 477 i4Jac.
468 447 492 466 i.

556 596 588 615 ει
604 586 606 588 ’

555 747 589 767 22

508 1079 590 1106 -26

537 1202 547 1220 i
567 1193 626 1220 Οᾶ.

210 1646 214 1651 ,
272 1667 342 1703 ³⁶¹7
368 1665 498 1707 i5Jae.i.
522 1671 558 1701 30
576 1666 651 1692 Mar-

519 1739 530 1751 ‘
533 1749 553 1778 5
567 1742 634 1778 Apr.

534 3247 568 3275 30
578 3237 645 3276 Jun.

535 3397 567 3425 ²3
578 3390 648 3425 Aug.

539 3500 570 3528 18
579 3505 647 3539 Sept.

538 3899 571 3928 23
587 3891 649 3919 ΟΕ.

556 4040 650 4072 8Νον.

530 3076 532 3078 ’
547 3093 566 3121 5
583 3085 665 3113 Maii.

537 3322 547 3340 ι
557 3322 566 3339 1
577 3311 664 3350 Julii.

1319 317 1366 397 {³

675 464 755 491 mino
780 464 921 492 Ellesmere
938 467 1105 495 Cancellaiio
1122 468 1227 506 Angliae
1242 478 1309 496 con-
1321 480 1365 520 ἔχε

674 509 799 530 cernente
824 504 971 531 Comitem
994 505 1164 533 Somcrsetiae
1189 510 1215 535 ὃς
1231 509 1366 560 ῦΧο-ῑῇξ

676 550 745 568 rem.
1059 548 1135 571 Part.
1155 548 1189 572 Il.
1209 551 1233 581 p.
1257 555 1311 579 209
1323 551 1341 559 ‘³

715 580 758 607 De
781 580 987 608 Commiffione
1010 581 1114 618 speciali
1135 583 1232 610 directa
1251 585 1310 610 Do·
1323 562 1367 642 g}

676 618 758 645 minis
782 618 814 645 de
838 619 948 646 Privato
972 619 1102 647 Concilio
1127 603 1344 649 concernenteQ

677 655 871 721 Rrfflditionem
899 656 1033 685 Villarum
1060 658 1092 685 de
1127 657 1252 697 Vlissiing
1283 643 1367 722 &gg

676 695 695 722 Β
712 695 717 699 ’
740 716 745 722 .
1256 708 1308 725 210
1323 713 1329 721 ν

710 733 879 761 Commiss‘io
906 733 1028 771 specialis
1056 735 1158 762 directa
1177 737 1306 763 Domino
1321 724 1342 761 ὃ

675 771 842 799 vicecomiti
870 771 943 799 Lissc
969 782 1136 800 concernens
1159 772 1250 801 villam
1278 765 1343 804 defi

675 809 808 847 Vlishing.
1257 823 1306 840 211
1323 834 1330 841 .

714 849 758 876 De
784 848 988 877 Commissione
1011 848 1115 887 speciali
1130 850 1231 878 directa
1248 853 1307 878 110-
1321 845 1367 884 ξὲιῇ

674 887 746 914 ratio
769 889 840 914 Veer
857 885 942 914 Militi
957 898 1007 924 pro
1024 887 1224 916 Deliberatione
1242 888 1310 916 vill-ae
1321 885 1342 923 Ξ

674 925 707 952 de
722 923 793 953 Brill.
1254 936 1308 956 212
1321 926 1343 963 ἑῇ

714 965 801 1001 Super
817 965 1000 992 Matrimonio
1011 966 1079 993 inter
1089 965 1220 993 Carolum
1231 966 1307 993 Prin—

674 1001 764 1038 cipem
793 1004 820 1031 &
856 1002 1038 1031 Christianam
1075 1004 1170 1032 Filiam
1196 1004 1308 1032 Henrici
1321 1007 1366 1047 gg

675 1041 772 1077 Qarti
793 1042 878 1079 Regis
899 1042 1027 1070 Franciae.
1254 1052 1306 1079 2¹3
1344 1048 1366 1087 ξ

713 1081 756 1107 De
771 1080 976 1107 commissione
994 1080 1099 1117 speciali
1120 1082 1220 1109 directa
1238 1080 1310 1108 Wal-
1345 1088 1368 1125 Ξ

674 1125 732 1145 tero
743 1117 856 1155 Rawley
867 1117 1142 1147 Militi'concernente
1159 1119 1312 1157 Voiagium

676 1157 873 1185 Guianianum.

714 1196 756 1222 De
773 1195 956 1223 Conceffione
973 1197 1005 1224 ad
1024 1196 1111 1224 vitam
1129 1206 1178 1234 pro
1198 1195 1310 1223 Alberto
1322 1209 1343 1247 ᾖ

675 1235 805 1262 Morton.
1254 1237 1307 1261 216
1321 1250 1343 1287 a

714 1273 756 1299 De
771 1273 916 1300 creatione
932 1272 1097 1301 illustrissimi
1114 1273 1246 1310 Principis
1256 1277 1309 1300 Ca·
1359 1278 1366 1289 ’

675 1310 721 1338 roli'
746 1311 773 1338 in
807 1312 962 1350 Principem
988 1310 1089 1340 Walliae
1112 1314 1139 1340 ὃς
1165 1312 1309 1339 Comitem

676 1349 795 1377 Cestriae.
1245 1350 1311 1378 ibid.

724 1465 864 1501 ΤΟΜΙ
899 1468 986 1501 VII.
1034 1467 1153 1501 PARS
1183 1467 1252 1499 111.

864 1574 919 1600 An.
939 1580 982 1608 ¹5·
1021 1573 1079 1610 Jac.
1104 1584 1127 1601 i.

1311 1403 1370 1731 ffizfflfflffl

712 1659 766 1686 Pro
789 1657 930 1686 francisco
956 1659 1047 1687 Bacon
1071 1658 1161 1687 Milite
1184 1660 1312 1689 Domino

676 1697 798 1725 Custode
816 1697 910 1734 Magni
926 1696 1013 1734 Sigilli
1030 1696 1147 1735 Angliae.
1297 1708 1309 1736 3

714 1736 767 1762 Pro
783 1734 996 1772 Archiepiscopo
1018 1736 1202 1764 Cantuarienfi
1222 1738 1312 1765 Com-
1325 1734 1347 1773 g

1325 1682 1333 1691 ο

678 1773 780 1801 mistio.
1295 1785 1315 1812 4

713 1813 757 1840 De
781 1812 986 1840 commissione
1005 1812 1108 1850 speciali
1134 1821 1334 1853 concernente'

678 1851 816 1879 Officium
834 1848 1029 1879 Heraldorum.
1298 1862 1315 1888 5
1327 1854 1372 1894 gg

714 1890 757 1917 De
789 1889 972 1917 Conceffione
993 1890 1026 1917 ad
1047 1889 1143 1918 Vitam
1166 1889 1373 1933 Willielmogg

679 1930 762 1966 Segar
776 1926 838 1956 alias
854 1929 951 1955 Garter
968 1927 1063 1956 Militi.
1297 1931 1314 1957 6

717 1968 760 1994 De
785 1965 970 1994 Concessione
994 1967 1026 1994 ad
1047 1966 1143 1994 Vitam
1166 1965 1336 2004 Willielmo:

680 2004 822 2033 Cambden
842 2003 1031 2034 Clarencieux.
1246 2007 1314 2034 ibid.
1327 2017 1348 2055 q

715 2045 758 2071 De
780 2043 963 2071 Conceffione
985 2045 1017 2072 ad
1037 2043 1132 2071 Vitam
1150 2043 1269 2072 Ricardo
1286 2047 1314 2073 S.
1326 2047 1334 2055 ‘

680 2084 790 2120 George
804 2080 868 2110 ali'as
887 2083 998 2119 Norrey
1016 2081 1108 2110 Militi.
1248 2083 1314 2112 ibid.

718 2121 761 2148 De
783 2120 967 2150 Conceffione
982 2121 1014 2149 ad
1032 2121 1126 2149 Vitam
1144 2119 1263 2151 samueli
1286 2124 1313 2151 S.
1326 2127 1334 2136 ‘

680 2160 790 2197 George
808 2157 871 2186 aliais
889 2159 1062 2188 Richmond.
1249 2160 1315 2189 ibid.
1326 2137 1371 2218 ἕξ

718 2199 761 2225 De
793 2197 976 2226 Conceffioue
1012 2199 1046 2226 ad
1073 2199 1167 2227 Vitam
1195 2198 1315 2227 samueli
1327 2208 1334 2217 ‘

682 2235 848 2274 Thompson
867 2235 931 2264 alias
951 2236 1088 2265 Windsor.
1249 2238 1314 2265 ibid.
1327 2249 1334 2256 ·

719 2275 761 2302 De
794 2274 976 2302 Concessione
1002 2276 1034 2303 ad
1062 2275 1158 2303 Vitam
1185 2260 1348 2305 Robertoss

683 2311 812 2341 Treswell
831 2311 895 2341 alias
914 2313 1061 2342 Somerset.
1299 2325 1313 2351 7
1327 2300 1349 2339 ἓ
1363 2326 1372 2335 ·

719 2352 762 2378 De
796 2351 978 2380 Concessione
1009 2353 1041 2381 ad
1068 2352 1164 2381 Vitam
1193 2353 1315 2381 Thomae

684 2388 793 2427 Knight
810 2387 876 2417 alias
895 2390 1017 2420 Chester.
1252 2392 1318 2420 ibid.

720 2429 762 2455 De
787 2426 1020 2462 Proclamatione,
1049 2429 1194 2457 mandante
1214 2431 1314 2457 Reces-
1328 2421 1350 2462 ἓ

681 2466 744 2494 sum
771 2467 936 2503 magnatum
963 2469 991 2496 ὅτ.
1017 2466 1135 2495 aliorum
1156 2467 1170 2495 a
1197 2464 1349 2500 Civitatefl

683 2504 802 2533 London
818 2505 928 2532 durante
944 2506 1029 2542 Regis
1040 2506 1193 2543 Progreffu.
1248 2507 1313 2536 ibid.
1328 2503 1349 2540 ᾖ

723 2545 775 2570 Pro
791 2543 918 2579 Johanne
932 2544 1028 2581 Digby
1045 2544 1246 2572 Commiffario
1257 2566 1264 2577 ‚
1274 2545 1316 2573 su·
1329 2542 1349 2581 Ξ

681 2590 728 2618 per
751 2581 934 2609 Matrimonio
960 2582 1030 2609 inter
1053 2583 1212 2611 Dominum
1231 2584 1316 2610 Caro-

681 2619 739 2647 lum
757 2619 911 2657 Principem
930 2622 958 2649 &
974 2621 1129 2648 Dominam
1146 2621 1261 2650 Mariam
1272 2623 1317 2649 In-

682 2657 788 2685 fantem
808 2658 956 2697 Hispaniae.
1302 2660 1318 2690 8
1330 2663 1351 2700 {ij
1366 2689 1375 2699 ,

720 2697 762 2724 De
782 2696 904 2725 Licentia
918 2696 1023 2734 speciali
1039 2707 1088 2735 pro
1106 2699 1196 2734 Fyties
1214 2699 1312 2726 Morti·
1330 2701 1376 2741 3ss

679 2734 729 2763 son
753 2734 895 2763 Gen-:roso
919 2737 952 2764 ad
976 2737 1199 2773 Imprimendum
1218 2733 1375 2781 Irin-gg

682 2782 816 2802 nauium.
1257 2776 1375 2821 ibidffi

718 2812 761 2839 De
778 2811 961 2840 concessione
978 2812 1011 2840 ad
1024 2813 1119 2841 Vitam
1139 2823 1189 2851 pro
1206 2814 1317 2842 Samso-

682 2859 717 2877 ne
733 2850 858 2878 Leonard
872 2850 936 2879 alias
956 2850 1140 2880 Blewmantle.
1301 2863 1317 2888 9
1330 2864 1352 2902 a

724 2888 847 2917 Licentia
882 2889 1002 2927 specialis
1036 2891 1047 2925 (
1064 2891 1189 2918 concess‘a
1226 2892 1319 2919 Mariae
1332 2904 1353 2942 q

685 2925 868 2963 Midlemore)
885 2929 919 2957 ad
944 2928 1137 2966 inquirendum
1163 2929 1195 2956 de
1218 2931 1354 2984 Tium-‘g

682 2973 757 2993 suar.
785 2967 892 2995 Tnovii
918 2966 990 2995 infra
1017 2966 1119 2996 diversa
1147 2968 1378 3023 Monasteria.ffl

1256 3006 1322 3035 ibid.

723 3042 767 3069 De
785 3042 895 3071 Officio
909 3042 1002 3081 Virgae
1018 3042 1104 3079 Bajuli
1118 3044 1258 3072 conceffo.
1289 3054 1317 3072 ii
1333 3055 1341 3062 ⁷

725 3080 769 3107 De
787 3081 909 3109 Licentia
920 3080 1026 3118 speciali
1044 3082 1242 3119 proNicholao
1255 3082 1323 3110 Hill-

689 3118 753 3155 yard
776 3118 856 3156 super
870 3119 979 3147 Pistum
997 3121 1092 3157 Regis.
1258 3121 1322 3149 ibid.
1335 3136 1342 3144 r

728 3156 770 3184 De
800 3157 923 3185 Licentia
944 3157 1084 3195 eligendi,
1110 3169 1161 3196 pro
1184 3159 1323 3197 Episcopo
1334 3144 1380 3185 ἓξ

691 3193 886 3224 Dunolmensi.
1292 3208 1322 3236 ¹3
1335 3184 1381 3263 ἓξ

726 3234 769 3260 De
784 3233 969 3271 Significavit,
989 3245 1039 3271 pro
1057 3236 1175 3264 Ricardo
1188 3236 1269 3264 Neile
1287 3238 1323 3264 E-
1334 3227 1357 3266 g

690 3270 804 3309 piscopo
821 3272 1012 3301 Dunolmenfi.
1256 3275 1323 3304 ibid.

726 3310 769 3337 De
789 3311 922 3340 Francisci
945 3313 1036 3340 Bacon
1059 3313 1169 3341 Batonis
1192 3312 1322 3341 Verulam

692 3347 849 3378 Creatione.
1260 3351 1325 3381 ibid.
1334 3345 1380 3385 ἓξ

729 3386 772 3413 De
786 3388 990 3418 Commiffione
1005 3387 1110 3426 speciali
1123 3389 1224 3418 directa
1242 3389 1322 3417 Tho·
1335 3416 1343 3425 ,

694 3433 746 3452 mae
762 3425 889 3454 Domino
906 3429 1037 3465 Knyvet,
1054 3427 1133 3465 super
1151 3430 1264 3456 Moneta
1280 3428 1322 3456 in·
1334 3456 1341 3462 ,

692 3461 732 3489 fra
750 3463 865 3492 Turrim
880 3466 1011 3494 cudenda.
1257 3466 1324 3495 ibid.

728 3501 771 3527 De
795 3502 977 3531 Conceffione
997 3505 1030 3532 ad
1054 3504 1149 3532 Vitam
1177 3504 1323 3543 Radulpho

694 3538 803 3566 Brooke
817 3539 880 3568 alials
896 3542 994 3570 Yorke
1009 3541 1136 3571 Heraldo.
1291 3554 1324 3580 ¹4

730 3578 772 3604 De
793 3578 996 3608 Commiffione
1014 3580 1120 3618 speciali
1138 3582 1239 3609 directa
1255 3582 1322 3609 Wil-

691 3613 786 3643 lielmo
803 3615 888 3652 Jones
913 3618 997 3646 Militi
1020 3619 1135 3656 Capitali
1160 3620 1324 3655 Justiciario

691 3653 724 3681 de
749 3655 838 3682 Banco
867 3657 952 3695 Regis
983 3657 1011 3684 in
1029 3658 1162 3686 Hibernia
1187 3661 1215 3687 &
1241 3657 1298 3686 aliis
1315 3680 1323 3692 ,
1370 3656 1379 3666 ’

691 3699 871 3720 concernente
890 3695 1003 3723 Curiam
1023 3697 1200 3724 Wardorum.
1260 3697 1357 3747 ibidxg

731 3732 783 3758 Pro
817 3730 962 3760 willielmo
992 3734 1098 3762 Penson
1123 3735 1151 3762 iri
1177 3734 1342 3764 Heraldum‘

690 3770 900 3807 (nuncupatum
916 3772 1075 3808 Lancaster)
1093 3774 1195 3801 erectO.
1293 3775 1324 3802 18

733 3809 776 3835 De
798 3808 980 3837 Conceffione
1003 3811 1035 3838 ad
1050 3811 1145 3839 Vitam
1160 3821 1211 3848 pro
1227 3813 1324 3841 eodem
1335 3818 1342 3827 ‘

696 3845 843 3874 Willielmo
860 3845 978 3876 Penson.
1228 3849 1231 3851 ’
1260 3850 1325 3880 ibid.

734 3885 777 3912 De
794 3885 979 3913 Restitutione
992 3886 1200 3926 Temporalium
1220 3898 1272 3925 pro
1289 3891 1343 3916 E-·

694 3922 808 3961 piscopo
826 3922 1000 3952 Dunolmen.
1295 3937 1325 3963 19
1335 3939 1343 3946 .

733 3962 879 3989 Ordinatio
899 3964 956 4000 qui
972 3963 1176 3993 constituuntur
1194 3974 1249 3993 LEz
1267 3967 1326 3993 Ri-

696 4009 828 4028 Ponrzns
850 4010 887 4028 niz
909 4003 1000 4029 LEGE.
1261 4004 1353 4032 ibid*

735 4039 778 4065 De
814 4039 934 4067 Licentia
961 4038 1082 4077 eligendi
1109 4051 1160 4079 pro
1189 4029 1358 4080 Episcopo&

700 4076 902 4105 Herefordenfi.
1294 4091 1329 4108 20

739 4116 937 4145 instructiones
965 4126 1015 4153 pro
1036 4116 1184 4148 Willielmo
1205 4111 1360 4148 Domino&

1333 3537 1341 3546 f

1333 3385 1385 4193 ffimfflfflffimfflffiffi
1335 3265 1380 3345 ἢ

1403 321 1431 357 Ρ

1407 376 1433 401 0

713 426 755 453 De
778 426 983 455 commissione
1007 427 1112 466 speciali
1129 430 1229 458 direeta
1246 399 1342 477 ’ΒΟ-Ξ
1378 407 1445 469 16.17
1471 431 1567 465 15‘Jac.
1580 441 1602 458 i.

1255 1167 1308 1193 214
1322 1156 1449 1208 ἓὲιὸιὸ

1039 229 2219 289 CHRONOLOGICUS.

1526 321 1554 356 Ρ»

1525 375 1552 400 7ο

1683 324 1713 430 ‘ojuaw

1623 866 1657 883 20
1667 861 1728 884 Dec.

1639 1167 1656 1193 9
1671 1158 1738 1196 Jan.

1650 1903 1663 1931 3
1685 1892 1742 1921 Feb.

1641 2750 1668 2768 ii
1692 2745 1765 2769 Mar.

1485 3315 1577 3353 16Jac.
1590 3325 1599 3343 i
1606 3339 1613 3345 .

1653 3516 1669 3541 9
1684 3509 1749 3543 Apr.

1656 3822 1669 3848 7
1688 3813 1767 3841 Maii.

2391 268 2415 294 x
2420 267 2434 293 i

1785 434 1929 475 Coniptnii
1952 438 2108 468 Praefidente
2127 447 2152 472 <k
2172 445 2228 474 aliis
2242 447 2275 474 de
2290 447 2415 476 Consilio

1785 482 1811 498 in
1829 474 1957 502 Marchiis
1979 477 2089 506 walliae.
2173 488 2248 512 Part.
2266 489 2315 514 III.
2333 493 2358 522 p.
2380 496 2414 513 20

1822 513 1863 539 De
1881 514 2085 542 Commissione
2099 517 2201 553 speciali
2216 524 2355 555 arraiandi,
2372 526 2412 552 di-

1773 549 1854 577 recta
1870 552 1996 579 Domino
2016 556 2161 591 Compzon
2178 560 2327 590 Praesidenti
2338 562 2409 590 Wal-

1782 586 1834 615 llae.
2374 611 2410 629 22

1820 627 1870 653 Pro
1904 629 2044 658 Francisco
2073 631 2210 670 Episcopo
2236 638 2414 669 nereforden,

1781 663 1814 690 de
1836 665 2017 702 Significavit.
2378 688 2411 716 ²3

1816 703 1858 730 De
1895 705 2018 734 Licentia
2050 706 2166 745 eligendi
2202 719 2251 746 pro
2279 713 2413 754 Episcopo

1783 741 1961 770 Landavenli.
2376 764 2411 791 24

1817 781 1868 806 Pro
1908 782 2033 819 Georgio
2080 784 2241 822 Montaigue
2280 788 2413 828 Episcopo

1782 818 1909 846 Lincoln.
1924 821 1956 847 de
1973 821 2154 858 Significavit.
2354 828 2415 858 ibid,

1817 857 1968 885 Restitutio
2014 860 2224 896 Tcmporalium
2276 864 2415 893 Francisco

1780 895 1940 923 Goodwine
1959 897 2096 935 Episcopo
2116 899 2295 929 Hercforden.
2352 903 2415 931 ibid.

1819 935 1871 960 Pro
1904 935 2041 973 Episcopo
2065 937 2246 966 Hercfordcn.
2273 940 2306 967 de
2331 941 2419 969 inteu-

1781 971 1879 1000 dendo.
2351 979 2417 1007 ibid.

1815 1010 1931 1040 Articuli
1956 1012 2074 1040 ordinati
2099 1023 2148 1051 pro
2179 1013 2288 1042 meliori
2310 1017 2419 1044 Guber-

1781 1049 1890 1077 natione
1916 1051 2069 1079 Mediarum
2087 1054 2271 1089 Sati-apiarum
2291 1055 2418 1083 Comita-

1780 1094 1860 1115 tuum
1886 1090 2097 1118 Northumbriae
2122 1091 2265 1119 Cumbriae
2283 1095 2310 1121 ὅ(
2327 1094 2419 1121 West-

1779 1125 1942 1156 merlandiae.
2354 1131 2420 1160 ibid.

1817 1165 1968 1193 Restitutio
1988 1166 2199 1204 Temporalium
2218 1178 2269 1205 pro
2288 1170 2416 1206 Georgio

1780 1203 1945 1239 Montaigue
1965 1205 2102 1242 Episcopo
2121 1206 2247 1234 Lincolii·
2384 1218 2419 1245 37

1818 1242 1967 1269 Restitutio
1985 1243 2196 1281 Temporalium
2213 1255 2263 1283 pro
2280 1246 2420 1275 Nicholao

1782 1277 1877 1306 Felton
1895 1280 2031 1318 Episcopo
2047 1282 2161 1311 ssristoll.
2386 1285 2421 1322 38

1782 1355 1798 1382 d
1817 1318 1869 1344 Pro
1895 1319 2033 1358 Episcopo
2060 1321 2209 1349 Bristollcn.
2228 1323 2260 1350 de
2275 1323 2421 1351 intenden-

1800 1365 1829 1382 ο.
2354 1362 2421 1390 ibid.

1820 1394 1863 1421 De
1888 1396 2093 1425 Commissione
2117 1397 2268 1426 Willielmo
2291 1401 2421 1429 Domino

1784 1433 1901 1460 Haward
1927 1437 1954 1463 ὃς
1977 1434 2032 1461 aliis
2047 1437 2079 1462 ad
2097 1436 2292 1473 inquirendum
2309 1439 2341 1466 de
2355 1440 2419 1476 qui-

1783 1470 1892 1498 busdam
1912 1472 2154 1505 Malefactoribus‚
2178 1477 2232 1503 ἃς.
2355 1478 2424 1507 ibid.

1822 1510 1864 1536 De
1901 1512 2044 1538 Warranto
2070 1511 2175 1548 speciali
2206 1515 2303 1541 Franc.
2330 1516 2421 1544 Bacon

1788 1546 1868 1574 Militi
1888 1550 2017 1576 Domino
2036 1550 2201 1577 cancellario
2222 1551 2338 1588 Angliae.
2386 1563 2421 1590 39

1823 1587 1866 1613 De
1885 1587 2091 1615 Commiffione
2108 1588 2214 1625 speciali
2229 1590 2351 1618 Thomae
2367 1593 2422 1620 Da-

1783 1622 1805 1650 le
1820 1624 1902 1652 Militi
1921 1629 1947 1654 ὃς
1968 1625 2115 1653 Williclmo
2135 1627 2244 1656 Parker.
2386 1641 2422 1666 40

1829 1664 1872 1690 De
1900 1664 2105 1692 Commiffione
2131 1665 2233 1693 diredta
2258 1667 2421 1704 quibusdam

1787 1702 1988 1730 Commiisariis
2018 1710 2074 1730 tani
2100 1703 2127 1730 iri
2157 1703 2254 1741 Anglia
2279 1704 2365 1742 quim
2394 1707 2422 1734 in

1787 1740 1894 1772 Scotia,
1919 1751 1968 1777 pro
1997 1741 2219 1779 Appreliensione
2247 1747 2422 1781 quorundam

1790 1777 2010 1807 malefactorum.
2385 1795 2421 1819 42

1824 1817 1866 1844 De
1884 1818 2044 1854 quibusdam
2062 1819 2293 1848 Instructionibus
2307 1831 2357 1858 pro
2367 1823 2424 1850 Cu-

1786 1855 1822 1881 ria
1841 1857 2005 1884 Wardorum
2023 1858 2050 1884 ὅ(
2070 1858 2301 1887 Liberaturarum.
2388 1871 2427 1897 44

1825 1894 1868 1921 De
1894 1895 2100 1922 Commiffione
2124 1896 2228 1932 speciali
2253 1908 2303 1935 pro
2330 1897 2423 1927 Alder-

1789 1933 1895 1960 mannis
1914 1932 1992 1961 Villae
2006 1934 2038 1961 de
2058 1934 2197 1971 Denbigh.
2384 1947 2423 1973 45

1826 1972 1868 1999 De
1884 1972 2088 2000 Commiffione
2107 1973 2204 2001 dheeca
2227 1974 2347 2002 Thomae
2363 1977 2422 2003 Co-

1788 2009 1852 2037 miti
1878 2009 2016 2038 Suffolciae
2037 2013 2064 2038 ὃς
2090 2009 2146 2038 aliis
2174 2022 2223 2048 pro
2252 2014 2423 2042 Executione

1788 2048 1885 2076 Officii
1908 2049 2029 2076 Comitis
2047 2049 2201 2078 Marcscalli.
2385 2054 2423 2088 46

1826 2087 1868 2113 De
1892 2088 2022 2125 erigendo
2049 2087 2077 2114 in
2101 2087 2250 2117 Heraldum
2270 2091 2422 2124 (vocatum

1789 2124 1921 2160 Chester)
1942 2129 1968 2154 ὃς
1994 2126 2176 2153 concessione
2197 2128 2230 2155 ad
2256 2129 2349 2156 Vitam
2374 2139 2423 2166 pro

1786 2163 1899 2191 Thoma
1919 2164 2036 2202 Knight.
2387 2177 2425 2203 47

1829 2203 1960 2239 Magistro
1983 2202 2073 2230 Curiae
2093 2204 2255 2232 Wardorum
2272 2206 2299 2233 ὅ(
2317 2205 2424 2233 Libera-

1789 2246 1930 2272 turarum,
1952 2242 1984 2269 de
2009 2241 2169 2279 quibusdam
2195 2243 2423 2272 Instruffionibus

1789 2281 1816 2307 ὃς
1835 2279 2038 2307 Dircfflonibus
2056 2290 2106 2316 pro
2122 2281 2213 2308 cadem
2233 2282 2325 2308 Curia.
2356 2282 2422 2311 ibid.

1832 2318 1875 2344 De
1903 2318 2085 2345 concessione
2111 2320 2264 2348 Annuitatis
2283 2329 2333 2356 pro
2351 2320 2421 2348 Phil.

1788 2354 1904 2384 Holland
1917 2355 1979 2383 alias
1998 2355 2148 2385 Portcullis.
2387 2367 2423 2394 50

1827 2395 1878 2420 Pro
1895 2394 2022 2430 johanne
2047 2393 2201 2431 Guillyams
2224 2395 2365 2423 Generoso
2386 2398 2419 2425 de

1788 2432 1917 2468 erigendo
1947 2433 1974 2459 in
2009 2433 2204 2461 Purfivaiidum
2230 2441 2421 2472 nuncupatum

1792 2472 1892 2507 Rouge
1910 2471 2016 2498 Croffe.
2351 2473 2420 2502 ibid.

1828 2510 1871 2535 De
1892 2509 2074 2536 Conceffionc
2089 2509 2121 2536 :id
2139 2510 2236 2537 Vitam
2252 2520 2301 2547 pro
2319 2509 2425 2547 Johan-

1794 2557 1827 2574 ne
1844 2546 1999 2584 Guillyams
2014 2547 2076 2575 alias
2094 2549 2195 2585 Rouge
2210 2549 2316 2576 Csoisc.
2388 2559 2422 2585 51

1832 2586 1883 2612 Pro
1908 2586 2034 2623 Georgio
2056 2585 2182 2614 Carleton
2199 2586 2334 2624 Episcopo
2354 2589 2428 2615 Laii-

1792 2624 1887 2651 daven.
1903 2626 1935 2652 de
1949 2624 2128 2661 Significavit.
2364 2626 2429 2655 ibid.

1829 2663 1927 2700 Conge
1949 2662 2063 2690 d'Essier
2091 2673 2138 2700 pro
2158 2662 2295 2700 Episcopo
2317 2664 2426 2691 Bristol-

1789 2700 1863 2728 lensi.
2361 2702 2426 2731 ibid.

1830 2741 1871 2766 De
1887 2738 2069 2768 Conceffione
2090 2737 2227 2776 Privilegii
2245 2750 2294 2777 pro
2312 2741 2425 2768 Samue-

1790 2776 1814 2804 le
1832 2778 1936 2806 Daniel.
2360 2779 2429 2808 ibid.

1830 2817 1872 2844 De
1887 2816 2068 2845 Concessione
2085 2816 2115 2843 :id
2133 2816 2228 2843 Vitam
2246 2826 2295 2853 pro
2315 2816 2425 2844 Williel-

1791 2865 1840 2882 mo
1860 2856 1952 2882 Smith
1968 2854 2030 2882 aliiis
2050 2856 2151 2891 Rouge
2169 2856 2294 2891 Drugon.
2389 2865 2425 2890 52

1826 2895 1871 2924 De
1898 2892 2079 2921 Conceffione
2107 2892 2243 2929 Privilegii
2269 2902 2318 2928 pro
2347 2895 2426 2922 Aron

1792 2932 1950 2960 Rathburne
1968 2934 1995 2960 δί
2014 2933 2125 2968 Rogero
2143 2933 2253 2967 Burges.
2359 2933 2425 2960 ibid.

1829 2972 1872 2998 De
1888 2970 2010 2998 Licentia
2025 2969 2139 3006 eligendi
2157 2979 2207 3006 pro
2226 2968 2364 3006 Episcopo
2381 2972 2427 2998 Sa-

1789 3017 1882 3074 mser-o
1900 3044 2037 3074 Nicholao
2054 3044 2147 3073 Felton
2165 3045 2300 3084 Episcopo
2310 3018 2426 3075 Bristgli

1792 3086 1823 3113 de
1841 3085 2020 3122 Significavit.
2359 3086 2424 3113 ibid.

1831 3125 1872 3151 De
1887 3123 2069 3151 Conceffione
2081 3123 2337 3160 LiceiitiaeJohanni
2351 3125 2423 3150 Mar-

1791 3162 1856 3189 riot.
2387 3170 2424 3196 55

1973 3239 2028 3266 An.
2051 3239 2093 3265 16.
2131 3238 2190 3275 Jac.
2213 3248 2235 3266 i.

1826 3315 1867 3342 De
1891 3314 2073 3342 Conceffione
2096 3316 2127 3343 ad
2143 3315 2237 3341 Vitam
2255 3324 2304 3352 pro
2325 3315 2418 3342 Marco

1792 3354 1914 3381 Antonio
1928 3354 1960 3380 de
1980 3353 2108 3381 Dominis
2124 3353 2334 3390 Archiepiscopo
2353 3354 2419 3390 Spa-

1788 3391 1889 3419 latensi.
2382 3393 2420 3426 56

1828 3431 1870 3457 Dc
1886 3429 2067 3457 Conceffione
2089 3430 2217 3457 Licentiae
2233 3439 2282 3466 pro
2300 3430 2421 3472 Impres-

1789 3467 1862 3495 fione
1879 3468 2025 3495 Librorum
2048 3467 2182 3496 Willielmi
2197 3467 2291 3495 Fulke.
2356 3468 2421 3497 ibid.

1827 3508 1869 3533 De
1894 3505 2066 3544 Significavit
2081 3516 2130 3543 pro
2149 3505 2285 3543 Episcopo
2309 3508 2421 3534 Sarum.

1824 3582 1867 3609 De
1891 3581 2095 3609 commissione
2118 3580 2220 3619 speciali
2243 3582 2343 3610 direEta
2363 3583 2418 3610 Ed-

1789 3621 1894 3647 mundo
1934 3619 2059 3647 Domino
2102 3619 2230 3648 Shcffcild
2266 3620 2419 3648 Praefidcnti

1788 3657 1906 3686 Concilii
1929 3659 1956 3685 iii
1981 3657 2102 3686 Partibus
2127 3658 2280 3686 Borealibus
2302 3661 2329 3687 &
2353 3657 2419 3722 agis.

2353 3697 2360 3723 i
2383 3697 2418 3725 id.

1825 3736 1867 3762 De
1885 3734 2070 3762 Restitutione
2087 3733 2296 3772 Temporalium
2311 3744 2363 3771 pro
2383 3735 2419 3761 E-

1787 3773 1897 3810 piscopo
1913 3775 2020 3801 Sarum.
2382 3775 2415 3799 61

1825 3810 2003 3838 Proclamatio
2028 3810 2102 3848 quod
2130 3809 2349 3847 Pharmacopolae
2382 3810 2421 3838 se·

1788 3856 1906 3887 quantur
1942 3848 2158 3885 Praescriptiones
2188 3859 2233 3886 per
2261 3847 2421 3886 Collegium

1791 3888 1965 3916 Medicorum
1983 3888 2097 3914 London
2113 3887 2249 3915 collectas.
2356 3887 2420 3915 ibid.

1827 3926 1926 3963 Conge
1939 3925 2055 3954 d‘Essire
2072 3935 2122 3962 pro
2142 3925 2277 3962 Episcopo
2294 3926 2421 3953 Norwic.

2387 3966 2421 3990 62

1829 4004 1872 4030 De
1896 4000 2079 4030 Installatione
2100 4001 2129 4029 in.
2149 4001 2243 4028 Choro
2260 4011 2308 4038 pro
2327 4002 2420 4028 Marco

1796 4041 1917 4069 Antonio
1934 4040 1966 4068 de
1984 4039 2114 4067 Dominis
2131 4039 2343 4076 Archiepiscopo
2360 4041 2423 4080 Spa-

1793 4079 1894 4108 latensi.
2360 4076 2426 4103 ibid.

1836 4119 1879 4146 De
1906 4116 2089 4146 Concessione
2113 4113 2267 4143 Demnatsis
2296 4124 2345 4151 pro
2377 4116 2429 4139 Ar-

2048 4155 2088 4171 *1‘
2109 4162 2130 4183 2
2354 4151 2429 4178 chie-
