2557 4279
0 299 63 329 ann.
71 292 110 323 D.

10 332 89 366 1618.

0 372 117 411 16Jac.i.

0 499 44 521 ἤιε.
57 492 96 517 ῐ6.

0 532 14 566 J
35 541 42 557 i

0 574 112 601 io.n-¹5-

1 2623 16 2641 ⁶
31 2627 127 2654 xvii.

670 170 779 210 ET
862 170 1122 211 ACTA
1206 165 1684 210 PUBLICA,

176 351 222 382 De
255 346 389 380 Licentia
409 343 533 389 speciali
559 354 612 388 pro
640 346 751 375 llsarco
777 345 906 376 Antonio
941 343 977 376 de
1002 345 1139 375 Dominis

449 390 673 437 Archiepiscopo
695 392 865 437 Spalatetgfi.

132 478 260 538 REX
285 477 434 515 omnibus,
451 476 485 507 ad
499 485 587 514 quos,
604 475 664 507 &c.
684 475 817 507 Salutem.

228 516 310 547 Cum
327 515 472 552 Hospitale
492 514 621 544 nostrum
643 515 678 544 de
699 515 724 545 le
747 514 842 552 Savoy
860 514 888 542 in
899 512 931 556 'Ie
945 512 1060 543 Strandt
1078 514 1104 542 in
1119 513 1184 544 Co-

130 559 229 587 mitatu
259 553 453 584 Middlesexiae
483 552 629 583 fundatum
655 555 688 584 ὃς
712 552 839 582 ereetum
865 550 917 580 fuit
944 561 990 587 per
1018 551 1183 582 Dominum

131 597 279 624 Henricum
323 593 438 623 nondam
458 594 552 628 Regem
571 590 685 627 Angliae
702 593 845 628 Septimum
864 611 872 626 ,
899 590 932 620 &
958 589 1055 625 postea
1075 590 1185 620 restitu-

131 642 191 663 tum
218 642 267 669 per
292 604 453 662 §ommam
472 633 597 659 Mariam
617 638 701 667 nuper
718 631 846 665 Reginam
864 625 979 663 Angliae
998 627 1029 656 ὃς
1050 629 1185 664 incorpo-

132 680 224 701 ratum
244 679 292 706 per
312 680 419 699 nomen
440 667 565 706 Magistri
583 663 620 700 ό·
639 665 843 704 Capellanorum
856 672 1042 704 perpetuorum
1055 668 1185 705 Hospita-

131 708 165 738 lis
193 708 224 738 de
250 708 273 737 le
297 711 401 747 Savoye
426 718 461 736 ex
478 705 645 735 Fundatione
664 707 774 734 Domini
792 705 904 733 Henrici
922 706 1031 741 Septimi
1049 705 1185 744 quondam

132 749 210 784 Regis
230 746 341 784 Angliae
361 748 428 775 Avi
441 746 567 773 Dominae
584 745 689 772 Mariae
704 753 740 772 nu
758 751 787 771 er
803 744 912 778 Reginae
923 741 1052 778 Angliae:

170 785 309 822 Cumque
329 785 416 815 etiam
435 779 567 818 Magister
594 781 624 810 ὅ(
652 751 792 818 σαρείίιηι·
805 783 927 848 ΡἨεῑιιὶ
945 780 1012 809 dieti
1034 779 1188 817 Hospitalis

133 823 168 854 de
185 824 210 854 le
228 823 356 862 Savoye,
375 831 424 860 per
442 820 547 856 privata
566 818 674 849 Statuta
692 818 814 856 ejusdem
865 817 1005 855 ospitalis,
1031 819 1188 854 prohiben-

134 871 180 893 tur
206 861 312 892 Terras
334 868 380 891 aut
397 858 579 888 Tenementa
604 856 649 887 sua
673 857 766 886 locare
781 864 829 887 aut
847 855 881 886 ad
899 855 1025 885 Firmam
1042 856 1186 887 dimittere

133 900 204 931 ultra
230 899 416 938 Septennium
430 918 440 933 ‚
465 895 517 924 nifi
542 905 610 925 cum
630 895 761 925 Confilio
781 895 813 925 8(-
834 893 978 923 Consensu
999 893 1186 925 Vifitatorum

136 938 260 976 ejusdem
278 934 453 973 Hospitalis,
479 941 564 971 prout
589 942 701 972 apparet
726 935 756 964 in
781 932 896 963 Statutis
919 931 989 962 dieti
1016 931 1188 972 Hospitalis,

136 977 187 1007 ubi
206 977 269 1006 haec
286 974 371 1005 verba
389 972 587 1010 continentur,

171 1013 303 1052 Magister
321 1011 423 1042 Terras
443 1019 491 1041 aut
503 1011 686 1041 Tenementa
700 1010 806 1040 nemini
825 1009 950 1047 locabit,
965 1017 1011 1040 aut
1026 1009 1059 1039 ad
1078 1008 1189 1039 firmam

134 1052 279 1089 dimittet,
297 1050 331 1080 ad
346 1049 539 1087 quodcunque
554 1049 702 1079 modicum
719 1057 847 1086 tempus,
866 1048 923 1078 fine
935 1048 1054 1078 consilio
1067 1049 1101 1078 &
1116 1057 1191 1078 con-

134 1089 210 1120 sensu
229 1088 449 1127 Capellanorum
469 1094 671 1125 ‘perpetuorum
690 1095 736 1117 ant
758 1087 871 1124 majoris
885 1086 975 1117 Partis
988 1110 997 1125 ³
1023 1096 1078 1116 nec
1094 1086 1128 1129 *sit
1145 1086 1188 1129 ul-

135 1137 176 1159 tra
200 1128 386 1164 Septennium
404 1150 413 1163 ,
440 1136 493 1156 nec
518 1126 553 1156 de
571 1135 702 1162 tempore
722 1126 752 1155 in
770 1134 884 1162 tempus
904 1126 974 1155 sicut
992 1125 1027 1155 de
1047 1125 1188 1154 Triennio

134 1168 164 1196 in
183 1166 357 1196 Triennium
377 1164 422 1194 vel
437 1164 472 1194 de
489 1164 697 1202 Quinquennio
717 1165 746 1193 in
765 1164 1004 1202 Quinquennium
1018 1187 1028 1200 ,
1055 1163 1191 1206 vel-Sep-

135 1205 233 1235 tennio
261 1207 290 1234 in
317 1204 502 1241 Septentiium
520 1227 528 1239 ,
553 1212 599 1232 aut
626 1211 675 1240 per
699 1201 820 1232 modum
846 1202 1053 1232 Renovarionis
1078 1201 1191 1238 alicujus

134 1244 267 1272 Termini
293 1243 362 1272 cum
392 1241 515 1277 expletus
541 1241 646 1278 fuerit3
672 1240 727 1277 Et,
747 1240 764 1270 fi
785 1239 875 1271 visum
894 1240 975 1269 fuerit
997 1239 1140 1275 Magistro
1157 1240 1191 1269 ὃς

137 1280 293 1317 Capellanis
321 1280 460 1317 praedietis
487 1281 615 1316 expedire
642 1279 782 1315 Hospitali
803 1286 831 1308 ut
851 1278 919 1308 ultra
939 1278 1124 1316 Septennium
1143 1278 1193 1307 ali-

138 1320 204 1357 quid
223 1320 255 1348 ad
276 1319 400 1348 Firmam
419 1317 573 1347 dimittatur
589 1340 598 1354 ‚
621 1316 665 1346 fiat
683 1326 752 1346 tunc
771 1316 830 1346 talis
853 1316 976 1346 Locatio
994 1317 1035 1345 vel
1059 1315 1192 1346 Dimiffio

137 1368 187 1395 per
206 1358 315 1387 dic‘tum
337 1355 505 1395 Magistrum
525 1355 569 1386 vel
589 1354 754 1391 Capellanos
778 1364 927 1392 perpetuos
941 1379 950 1392 ,
976 1365 1045 1385 cum
1065 1354 1197 1384 Coniilio

139 1398 171 1427 &
190 1395 334 1425 Consensu
355 1394 536 1425 Viiitatorum
557 1393 704 1430 Hospitalis
726 1393 851 1429 praediffl
867 1415 876 1430 ‚
903 1394 934 1422 ὅ(
960 1393 993 1422 ad
1016 1393 1195 1431 quadraginta

138 1435 338 1472 quinquaginta
362 1433 407 1463 vel
435 1433 571 1471 sexaginta
597 1432 696 1462 Annos
720 1431 765 1461 vel
783 1431 855 1461 infra
871 1452 880 1468 2
905 1430 951 1461 sed
969 1441 1029 1460 non
1049 1432 1117 1462 ultra
1137 1431 1195 1461 ullo

139 1473 245 1503 modo:

175 1510 309 1548 Cumque
328 1508 427 1539 Abbas
444 1507 504 1538 divi
524 1509 600 1537 Petri
619 1506 723 1545 Wstm.
744 1516 795 1544 pto
812 1515 942 1544 tempore
955 1507 1090 1544 existens,
1108 1507 1141 1537 &
1160 1517 1196 1537 eo

137 1549 248 1580 absente
273 1548 317 1577 vel
343 1546 464 1577 Abbati&
484 1554 602 1575 vacante
621 1547 701 1574 Prior
719 1545 837 1581 ejusdem
857 1545 1028 1575 Monal‘tetii
1049 1556 1099 1582 pro
1119 1554 1196 1575 tem—

139 1596 209 1626 pore
227 1586 344 1617 existens
358 1607 367 1622 ‚
394 1586 426 1614 &
451 1583 563 1614 illorum
580 1583 760 1613 Succeffores
786 1584 835 1620 qui
854 1593 906 1619 pro
923 1593 1051 1620 ternpore
1072 1584 1122 1614 sint
1142 1594 1197 1613 no-

140 1625 239 1656 minati
258 1626 290 1657 &
310 1623 506 1655 authoritatem
526 1621 659 1650 habentes
680 1631 728 1658 per
750 1620 955 1651 Fundationem
975 1622 1100 1658 ejusdem
1119 1622 1198 1650 Hos-

140 1663 228 1702 pitalis
244 1685 253 1701 ,
278 1670 308 1693 ut
334 1661 383 1692 siut
409 1659 569 1691 Visitatores
594 1659 717 1698 ejusdem
741 1658 894 1697 Hospitalis
917 1658 1006 1689 nostri
1032 1659 1067 1689 de
1093 1659 1119 1689 le
1146 1659 1197 1690 Sa-

142 1713 182 1733 vo
204 1712 233 1732 e·

179 1712 315 1777 Cu’mque
332 1739 417 1770 etiam
434 1736 546 1769 dio-‘tum
566 1735 775 1768 Monasterium
794 1735 852 1767 divi
870 1736 946 1767 Petri
964 1735 1090 1766 Kerstm.
1109 1745 1198 1773 nuper

138 1778 303 1809 dissolutum
320 1777 404 1808 fuerit
420 1799 430 1814 ,
453 1778 485 1808 &
511 1777 544 1806 ad
566 1775 671 1806 Manus
691 1775 914 1813 Progenitorum
933 1775 1096 1804 nostrorum
1113 1777 1201 1806 deve-

138 1818 211 1848 nerit
222 1841 230 1854 ,
247 1818 279 1848 &
299 1816 365 1846 inde
383 1815 510 1846 Visitatio
529 1814 598 1845 dieti
616 1814 768 1851 Hospitalis
787 1813 874 1844 nostri
890 1813 925 1844 de
940 1813 965 1844 le
980 1813 1089 1852 Savoye
1107 1813 1200 1845 modo

139 1855 175 1887 ad
190 1855 257 1886 Nos
274 1855 399 1892 speeiem

176 1893 275 1924 Sciatis
292 1894 379 1931 igitur
398 1891 478 1930 quod
498 1890 584 1928 Nos,
601 1890 712 1922 ἀὶᾶυιτι
731 1891 880 1930 Hospitale
899 1892 1064 1923 conservare
1080 1892 1150 1923 tueri
1166 1891 1199 1924 &

137 1932 309 1971 amplificare
327 1931 458 1961 volentes
472 1953 481 1968 ,
505 1930 539 1960 ad
564 1930 703 1961 humilem
722 1929 899 1962 Petitionem
918 1931 1014 1962 dileeti
1033 1931 1121 1962 nostri
1142 1931 1201 1962 Re-

139 1969 329 2001 verendiffimi
351 1972 446 1999 Marci
461 1972 584 1999 Antonii
609 1969 641 1998 de
659 1971 784 1999 Dominis
804 1969 1001 2009 Archiepifiopi
1018 1969 1200 2009 Spalatenfis‚

140 2006 276 2048 Magistri
300 2008 369 2039 dieti
394 2007 547 2046 Hospitalis
562 2030 571 2045 ‚
596 2008 714 2038 nomine
739 2009 824 2038 etiam
843 2008 1016 2047 reliquorum
1034 2008 1203 2046 Capellano-

139 2057 205 2078 rum
222 2054 421 2085 perpetuorum
439 2046 510 2077 dieti
529 2045 698 2084 Hospitalis,
716 2046 898 2085 intelligentes
915 2047 1043 2086 expedire
1061 2046 1200 2085 praedicto

140 2085 283 2122 Hospitali
309 2094 340 2117 ut
366 2085 469 2115 Terras
494 2085 528 2115 &
553 2084 734 2115 Tenementa
761 2085 831 2115 ultra
856 2085 1040 2123 Septennium
1060 2086 1202 2117 dimittere

139 2123 262 2162 poffint,
287 2133 322 2154 ex
346 2122 447 2154 Gratia
465 2122 559 2153 nostra
574 2121 703 2160 speciali,
721 2131 795 2153 certa
814 2123 936 2154 Scientia
954 2125 987 2155 &
1008 2133 1089 2154 mero
1108 2124 1200 2156 Motu

141 2162 243 2193 nostris
262 2185 272 2201 ‚
294 2172 346 2200 pro
365 2161 463 2192 Nobis
480 2161 651 2191 Haeredibus
669 2162 701 2192 ὃ(
720 2161 933 2193 Succefforibus
952 2162 1053 2193 nostris
1068 2185 1077 2201 ,
1102 2163 1201 2194 damus

140 2201 176 2232 &
201 2200 385 2232 concedimus
410 2210 460 2239 per
484 2199 637 2230 Praesentes
655 2223 666 2238 ,
692 2200 814 2239 praefatis
840 2200 1084 2231 Reverendiffimo
1103 2204 1200 2232 Marco

139 2241 267 2269 Antonio
285 2239 317 2268 de
335 2242 461 2269 Dominis
479 2237 637 2277 Magistro,
653 2239 685 2269 &
704 2237 864 2275 capellanis
883 2240 1021 2277 perpetuis
1039 2239 1107 2270 dieti
1121 2239 1200 2270 Hos-

138 2277 230 2316 pitalis
242 2278 332 2308 nostri
345 2278 382 2309 de
395 2277 422 2308 le
439 2278 566 2317 Savoye,
582 2278 615 2308 &
631 2276 844 2308 Succefforibus
857 2287 980 2315 eorum,
998 2277 1114 2309 durante
1129 2288 1202 2310 tem-

161 2325 212 2346 ore
231 2326 291 2354 quo
311 2316 442 2354 praefatus
459 2314 717 2346 Reverendiffimus
733 2317 847 2345 Marcus
865 2319 1009 2346 Antonius
1026 2315 1058 2346 de
1076 2319 1203 2348 Dominis

140 2326 280 2393 {dagister
304 2355 373 2385 dicti
389 2353 540 2392 Hospitalis
555 2355 670 2392 extitit,
689 2353 848 2384 Licentiam
867 2354 1076 2385 Authoritatem
1095 2354 1201 2386 Consi-

141 2392 215 2423 lium
238 2394 271 2424 &
295 2392 472 2425 Consensum
488 2416 497 2430 ‚
523 2401 555 2423 ut
574 2393 684 2431 quoties
698 2416 707 2430 ,
730 2392 812 2422 dieto
836 2391 1086 2424 Reverendissimo
1103 2397 1201 2424 Marco

141 2435 271 2462 Antonio
295 2432 365 2463 dieti
388 2430 540 2469 Hospitalis
564 2430 705 2469 Magistro
730 2430 864 2461 existente
879 2453 889 2469 ‚
906 2430 997 2462 visum
1017 2431 1101 2462 fuerit
1117 2441 1202 2471 expe-

141 2470 202 2501 dire
219 2469 357 2508 Hospitali
375 2469 477 2500 nostro
495 2470 530 2501 de
548 2469 574 2499 le
593 2469 720 2508 Savoye,
736 2470 827 2500 dictus
840 2468 1103 2501 Reverendiffimus
1118 2473 1203 2501 Mar-

141 2519 185 2538 cus
203 2512 346 2539 Antonius
364 2507 516 2548 Magister,
535 2508 568 2540 &
588 2508 688 2545 reliqui
706 2507 848 2544 Capellani
867 2517 922 2546 pro
940 2515 1069 2545 tempore
1081 2508 1200 2539 existen-

141 2555 184 2578 tes
210 2548 339 2585 praedieti
355 2571 364 2583 ,
392 2547 448 2578 five
472 2547 562 2577 dietus
588 2548 702 2576 Marcus
727 2549 871 2576 Antonius
898 2545 1034 2585 Magister
1051 2547 1085 2577 &
1102 2546 1200 2586 Major

163 2595 202 2616 ars
222 2585 443 2625 Capellanorum
464 2594 666 2624 perpetuorum
683 2608 692 2624 ‚
710 2584 815 2616 Terras
833 2585 866 2616 &
882 2584 1064 2618 Tenementa
1079 2585 1201 2646 Qusdem

141 2595 297 2662 Hospitalis
322 2625 418 2655 locare
440 2624 497 2655 sive
523 2625 559 2655 ad
584 2623 694 2655 firmam
713 2623 855 2656 dimittere
869 2625 975 2663 poffint
989 2648 999 2664 ,
1016 2634 1065 2665 per
1126 2626 1203 2657 Ter-

143 2664 255 2693 minum
282 2665 315 2694 &
343 2663 501 2693 Terminos
525 2673 574 2701 per
603 2662 710 2694 Statuta
734 2662 830 2703 Regni
854 2664 944 2695 nostri
972 2664 1083 2703 Angliae
1100 2664 1128 2694 in
1146 2663 1202 2696 hac

142 2709 219 2739 parte
245 2702 378 2732 limitatos
396 2726 405 2741 ,
431 2702 524 2733 modo
553 2701 765 2733 Reservationes
779 2725 789 2740 ,
810 2701 974 2740 respeetivae
993 2703 1204 2734 Limittationes

139 2741 174 2770 &
192 2739 386 2770 Condiciones
407 2748 510 2771 omnes
535 2750 599 2778 quae
622 2749 671 2779 per
697 2740 797 2771 eadem
815 2740 921 2772 Statura
940 2740 1038 2780 Regni
1056 2742 1203 2780 requirun-

141 2786 204 2815 tur,
218 2779 247 2808 in
269 2779 403 2809 omnibus
420 2778 471 2809 suis
488 2778 708 2809 Dimiffionibus
725 2780 877 2810 observent
897 2780 930 2811 &
949 2780 1110 2811 custodiant
1126 2803 1137 2819 ,
1160 2790 1203 2813 at-

141 2826 198 2854 que
221 2818 357 2847 omnibus
376 2817 538 2855 hujusmodi
557 2816 776 2848 Dimiffionibus
795 2818 852 2848 five
872 2818 1077 2849 Locationibus
1096 2818 1203 2853 Terra-

142 2864 205 2885 rum
229 2855 287 2886 five
306 2854 562 2890 ,Tenementorum
588 2855 713 2893 ejusdem
740 2855 892 2895 Hospitalis
917 2857 954 2886 de
978 2858 1003 2888 le
1020 2857 1131 2896 Savoye
1146 2860 1202 2889 ini-

161 2892 289 2923 osterum
303 2917 312 2930 ‚
338 2903 388 2931 per
416 2893 565 2930 praedietos
591 2894 872 2925 Reverendiffimum
898 2897 1027 2925 Marcum
1045 2898 1201 2927 Antonium

141 2903 319 2968 {Magistrum
340 2933 373 2963 &
393 2930 561 2970 Capellanos
575 2954 585 2969 ,
609 2932 656 2963 vel
671 2933 786 2970 majoris
801 2933 885 2971 partis
901 2933 1123 2970 Capellanorum
1143 2936 1200 2967 five

141 2969 344 3001 Succeflorum
360 2979 480 3007 eorum,
495 2969 610 3007 fiendis,
630 2970 747 3002 durante
766 2980 897 3008 tempore
917 2982 975 3009 quo
990 2971 1068 3003 idem
1090 2975 1204 3004 Marcus

141 3010 287 3039 Antonius
304 3006 374 3037 dieti
393 3007 545 3044 Hospitalis
566 3007 702 3045 Magister
719 3010 839 3040 extiterit
853 3032 861 3046 ,
887 3008 1047 3041 Consilium
1066 3012 1099 3042 &
1119 3011 1203 3042 Con-

140 3047 249 3078 sensum
268 3044 451 3076 Vifitatorum
477 3055 526 3082 per
554 3045 706 3076 Praesentes
732 3046 866 3077 testamur
883 3047 1072 3087 significamus
1086 3071 1095 3086 ,
1113 3051 1146 3080 δε
1166 3050 1202 3080 ad

141 3094 262 3152 omnegn
283 3092 496 3123 quamcumque
518 3083 593 3121 Juris
616 3085 650 3115 &
677 3084 757 3115 Fasti
780 3084 937 3116 efficaciam
955 3087 1045 3118 valere
1065 3088 1201 3120 volumus

141 3125 175 3155 &
192 3133 226 3153 or
248 3123 366 3153 inatnus.

179 3160 381 3192 Concedentes
414 3159 524 3197 insuper
554 3161 647 3192 eidem
671 3161 920 3193 Reverendiffimo
948 3166 1045 3193 Marco
1070 3166 1201 3195 Antonio

141 3201 175 3232 &
192 3199 350 3238 Capellanis
367 3198 506 3236 praedietis
522 3222 532 3234 ,
558 3199 615 3229 five
632 3200 731 3238 majori
755 3210 853 3230 eorum
872 3202 940 3238 parti
954 3225 964 3238 ,
987 3202 1104 3233 durante
1131 3213 1201 3241 prae-

144 3239 224 3269 dieto
244 3247 392 3276 ternpore,
411 3246 441 3267 ut
460 3237 544 3275 poffit
563 3237 672 3268 Officia
686 3248 801 3277 quoque
817 3239 850 3269 &
869 3239 1027 3271 Ministeria
1038 3240 1109 3272 dieti
1123 3241 1203 3273 Hos-

142 3278 254 3316 pitalis,
282 3277 367 3307 etiam
392 3275 510 3306 durante
534 3275 650 3314 alicujus
675 3276 740 3308 Vita
765 3276 897 3316 affignare
921 3280 969 3309 cui
995 3279 1033 3309 illi
1070 3279 1200 3320 lacuerit,

141 3317 193 3348 sub
217 3314 358 3346 ordinaria
380 3312 520 3344 Mercede
546 3313 702 3344 secundum
727 3316 867 3353 praesentis
893 3318 1029 3353 temporis
1076 3319 1203 3358 alorem,

142 3353 390 3386 Consuetudinem
414 3353 448 3383 &
471 3351 650 3383 Statutumve
667 3352 736 3383 dieu
753 3353 906 3394 Hospitalis
922 3355 1087 3392 assignatum
1103 3369 1113 3395 ·,
1141 3368 1201 3389 non

142 3392 274 3424 obstante
297 3392 393 3429 aliquo
418 3390 530 3421 Statuto
553 3390 609 3421 sive
629 3390 814 3422 ordinatione
830 3392 942 3424 Statutis
961 3394 1018 3426 five
1036 3394 1202 3427 Ordinatio-

143 3433 226 3462 nibus
251 3430 322 3461 dieti
350 3429 502 3467 Hospitalis
529 3428 617 3458 nostri
637 3429 672 3459 de
690 3429 717 3459 le
735 3429 809 3460 Savo
830 3440 846 3461 e
864 3432 892 3460 in
911 3434 1084 3464 contrarium
1102 3435 1203 3474 editis,

145 3470 178 3501 &
197 3480 257 3500 non
277 3468 408 3499 obstante
423 3468 504 3506 quod
522 3467 558 3497 ali
576 3478 613 3511 'ua
630 3467 688 3511 talis
703 3440 839 3499 Dimissi'o
855 3469 977 3501 Locatio
996 3472 1054 3503 five
1072 3471 1203 3504 Conces-

146 3508 187 3539 sio
205 3509 278 3539 faeta
295 3507 380 3538 fuerit
398 3505 455 3536 fine
472 3505 561 3536 Confi
575 3516 604 3536 io
625 3505 753 3537 L1centia
771 3507 828 3537 five
847 3507 993 3539 Consensu
1013 3509 1138 3541 Abbatis
1161 3514 1203 3542 di-

146 3549 181 3576 vi
206 3548 283 3576 Petri
302 3544 409 3584 Wstm.
430 3545 574 3582 qnondam
597 3543 759 3574 V'ifitatores
782 3545 853 3575 dieti
878 3546 1029 3584 Hospitalis
1054 3548 1090 3579 de
1108 3550 1134 3580 le
1153 3551 1203 3582 Sa-

148 3593 223 3623 voye
237 3607 247 3622 ,
270 3592 314 3615 aut
335 3583 457 3614 Abeatia
477 3592 594 3613 vacante
613 3584 714 3612 Prioris
732 3594 775 3621 eju
788 3583 848 3612 dem
867 3585 1029 3626 Monasterii
1046 3588 1108 3617 divi
1126 3590 1205 3619 Petri

152 3623 257 3662 Westm.
285 3628 333 3652 aut
351 3622 441 3660 aliqui
458 3621 509 3651 alia
525 3620 571 3653 Re
589 3619 681 3652 Causa
699 3621 744 3652 vel

150 3661 322 3691 contrarium
340 3670 399 3690 non
418 3660 554 3690 obstante.

187 3696 222 3728 In
231 3699 310 3737 cujus
324 3701 363 3730 rei
374 3698 590 3737 testimonium,
608 3700 669 3731 &c.

802 3621 887 3654 ateria
903 3633 1072 3664 quacunque
1090 3627 1156 3658 inde
1174 3629 1204 3658 in

185 3772 273 3805 Teste
285 3774 368 3815 Rege
380 3775 453 3814 apud
470 3775 745 3816 Westmonaslerium,
764 3774 901 3806 vicesimo
921 3784 1022 3814 quarto
1043 3777 1104 3810 Die
1116 3779 1203 3818 Junii.

646 3855 700 3884 Per
715 3855 808 3883 Breve
822 3851 853 3882 de
868 3853 987 3884 Privato
1002 3853 1101 3892 Sigillo.

173 4092 246 4121 Tam.
262 4091 332 4120 VH.
354 4091 467 4121 P.111.

2250 184 2300 222 67

2194 301 2263 308 *w*
2295 295 2371 325 Arm.
2384 297 2424 328 D.

1274 340 1320 370 De
1339 337 1506 381 Conceffi'one
1522 340 1752 384 Disjicnfhti021is
1773 346 1881 376 Marco
1892 348 2020 379 Aaronio
2039 347 2074 381 dc
2097 351 2231 381 Domina
2314 338 2401 390 {4¹3⁶

1550 388 1770 435 Archiepzfiopo
1790 393 1958 436 quidamst.

2298 377 2405 409 h‘jdtssi

1227 469 1359 527 REX
1384 473 1537 509 omnibus,
1556 471 1589 501 ad
1605 482 1696 510 quos,
1715 474 1775 504 δερ.
1796 475 1929 507 Salutem.

1324 510 1422 541 Sciatis
1435 511 1511 548 quod
1528 509 1613 549 Nos,
1629 512 1757 541 volentes
1770 512 1874 542 dileeto
1891 516 1922 544 Sc
1939 515 2185 550 Reverendill'imo
2195 524 2280 550 Mar-

1225 557 1252 575 co
1272 550 1397 578 Antonio
1415 548 1448 578 de
1465 552 1590 579 Dominis
1607 549 1810 589 Archiepiscopo
1827 550 1994 592 Spalarenfi,
2013 556 2047 584 de
2068 557 2152 587 virtu
2173 560 2206 589 &
2218 561 2279 590 Sta-

1226 593 1258 614 tu
1276 586 1477 617 sufficientibus
1502 587 1652 625 aliqualiter
1670 588 1817 627 providere
1833 610 1842 625 ,
1867 591 1914 625 qui
1936 591 2056 622 Patriam
2073 617 2082 631 ‚
2112 596 2282 629 promotio-

1227 633 1275 653 nes
1291 647 1300 662 ,
1325 624 1505 661 Dignitatem
1526 626 1557 655 &
1580 625 1858 663 Archiepiscopatum
1875 627 1952 657 suum
1973 631 2106 669 reliquit,
2135 643 2162 663 ut
2183 636 2231 666 hic
2249 639 2278 666 in

1226 661 1329 729 Aizglia
1349 665 1498 693 Veritatem
1524 664 1724 701 Evangelicam
1743 664 1918 701 profiteretur
1932 689 1941 702 ,
1964 667 2124 699 dederimus
2150 673 2182 701 ὃς
2207 684 2279 704 con-

1226 709 1260 730 ce
1286 701 1387 731 erimus
1405 704 1578 732 Decanatum
1595 702 1725 733 nostrum
1745 704 1779 733 in'
1794 702 1917 733 Ecclesia
1934 705 2027 735 nostra
2048 706 2200 747 Collegiata
2211 713 2280 743 San..

1228 738 1267 767 <Sti
1285 737 1404 778 Georgii
1422 740 1491 770 infra
1512 739 1645 771 Castrum
1665 741 1793 771 nostrum
1811 741 1846 771 de
1864 742 2019 779 Windsor3

1267 776 1305 807 Et
1324 777 1453 814 ulterius,
1472 779 1524 815 piis
1545 778 1703 809 Laboribus
1722 778 1844 817 ejusdem
1863 782 1956 809 Marci
1974 785 2098 812 Antonii
2115 783 2146 812 de
2163 788 2284 818 Dominis

1229 824 1301 880 ¹quos
1318 815 1367 846 hic
1386 816 1415 845 in
1435 815 1560 846 Ecclesia
1579 816 1734 856 Anglicana
1752 818 1907 855 impendit,
1926 820 1957 850 &
1976 820 2144 858 praesertim,
2164 826 2225 860 quia
2239 828 2282 855 in-

1241 861 1318 890 ignes
1335 853 1471 891 quosdam
1491 855 1595 885 Libros
1623 865 1676 892 pto
1694 856 1868 886 Defenlione
1887 859 2017 887 Veritatis
2036 859 2210 896 Evangelicae
2227 864 2285 893 edi-

2292 499 2349 523 ΡΠ.
2373 497 2415 524 ι6.

2293 534 2407 571 J.x.p.

2300 582 2414 603 10]3,i7.

1230 890 1270 921 dit
1289 891 1323 920 &
1343 891 1466 923 editurus
1485 891 1527 922 est
1541 915 1551 929 ,
1575 893 1702 931 benigne
1721 895 1793 925 moti
1809 917 1818 932 ,
1843 895 1876 925 &
1896 904 1931 925 ex
1949 895 2058 933 speciali
2077 896 2174 928 Gratia
2193 901 2284 931 nostra

1230 929 1265 958 &
1284 928 1412 968 Favore,
1428 938 1511 968 atque
1528 939 1561 960 ex
1581 940 1657 961 certa
1676 931 1797 963 Scientia
1817 934 1850 964 &
1871 943 1951 963 mero
1972 934 2061 965 Motu
2081 935 2204 973 nostris,
2229 938 2284 968 dis-

1231 966 1405 1002 pensavimus
1425 969 1476 1006 &,
1491 977 1590 999 tenore
1611 968 1792 1002 Praesentium
1811 994 1820 1009 ‚
1846 971 2032 1008 dispensamus
2056 983 2126 1004 cum
2145 975 2283 1011 praedie‘to

1233 1003 1483 1036 Reverendiffimo
1511 1009 1608 1036 Marco
1626 1011 1751 1038 Antonio
1770 1009 1801 1038 de
1817 1012 1942 1039 Dominis
1957 1033 1966 1048 ,
1990 1020 2073 1049 atque
2098 1012 2228 1043 dedimus
2252 1015 2287 1045 ὃ(

1232 1044 1422 1087 concessimus
1441 1044 1620 1083 dispensative
1632 1069 1641 1083 ,
1655 1056 1687 1075 ac
1707 1057 1754 1083 per
1771 1047 1922 1078 Praesentes
1942 1049 2111 1087 dispensand’
2136 1050 2235 1081 damus
2253 1055 2286 1085 ἃς

1235 1081 1445 1124 concedimus,
1469 1092 1522 1126 pro
1549 1082 1648 1113 Nobis
1672 1083 1841 1116 Haeredibus
1868 1086 1901 1116 ὃς
1927 1088 2141 1119 Succesloribus
2162 1089 2289 1130 nostris,

1235 1118 1382 1155 specialem
1403 1120 1559 1150 Licentiam
1581 1123 1613 1152 δε
1631 1122 1801 1153 Facultatem
1817 1124 1908 1155 eidem
1927 1125 2175 1157 Reverendissimo
2194 1132 2293 1159 Marco

1236 1160 1364 1199 Antonio
1390 1158 1421 1187 de
1440 1161 1565 1188 Dominis
1583 1183 1591 1196 ‚
1615 1161 1696 1197 quod
1715 1162 1769 1197 ipse
1797 1165 1909 1192 Jlsarcus
1927 1167 2068 1194 Antonius
2093 1166 2125 1194 de
2144 1170 2289 1205 Dominis,

1236 1196 1301 1225 licet
1322 1196 1438 1229 Exterus
1460 1197 1492 1228 sit
1507 1220 1516 1233 ‚
1540 1197 1702 1228 Decanatus
1720 1199 1856 1230 Eccleliae
1876 1201 1979 1232 nostrze
1999 1202 2163 1243 Collegiatae
2185 1206 2240 1236 five
2260 1207 2293 1235 li-

1237 1233 1313 1263 berae
1338 1234 1464 1273 Capellae
1489 1235 1595 1266 nostrae
1623 1235 1722 1275 Regiae
1747 1238 1843 1268 Saneti
1860 1239 1981 1278 Georgii
1998 1242 2067 1271 infra
2087 1242 2221 1273 Castrum
2241 1254 2296 1273 no-

1236 1271 1325 1315 strum
1343 1273 1380 1302 de
1396 1274 1558 1316 NVindsor,
1575 1284 1660 1312 quem
1682 1285 1769 1313 nuper
1778 1280 1918 1307 Antonius
1933 1282 2037 1318 Maxey
2055 1281 2146 1311 Sacrae
2161 1281 2297 1312 Theolo-

1236 1318 1291 1347 giae
1310 1310 1456 1342 Profellor
1472 1312 1570 1343 habuit
1590 1313 1623 1342 ad
1643 1316 1796 1344 terminum
1815 1318 1847 1346 &
1868 1326 1918 1354 pro
1939 1320 2061 1347 termino
2083 1319 2156 1349 Vitae
2175 1320 2229 1350 suae
2242 1331 2292 1351 na·

1238 1348 1349 1390 tuialis,
1365 1352 1381 1380 ὲ
1399 1350 1445 1380 die
1463 1350 1566 1380 nostrae
1585 1349 1784 1382 Conceffionis
1800 1375 1809 1390 ,
1832 1356 1958 1391 accipere
1984 1356 2086 1387 habere
2107 1359 2139 1388 ὃς
2158 1360 2275 1388 retinere
2287 1384 2296 1397 ,

1239 1386 1364 1424 illiusque
1383 1387 1502 1418 Fruitus
1520 1388 1661 1419 Redditus
1678 1390 1834 1421 Proventus
1851 1395 1882 1422 ὃς
1903 1393 2123 1432 Emolumenta,
2142 1405 2173 1426 ac
2193 1406 2295 1427 carrera

1236 1424 1303 1462 Jura
1328 1427 1369 1468 &D
1387 1426 1519 1457 Proficua
1543 1429 1640 1458 omnia
1664 1429 1697 1458 δε
1725 1429 1827 1468 singula
1852 1432 2078 1469 qualitercunque
2105 1437 2296 1470 provenientia

1240 1464 1273 1492 &
1292 1467 1484 1503 contingentia
1502 1489 1511 1501 ,
1537 1475 1651 1496 necnon
1675 1469 1771 1497 omnia
1797 1468 1830 1498 &
1856 1470 1957 1506 lingula
1975 1470 2118 1507 Stipendia
2137 1471 2297 1504 Dividentia

1241 1501 1402 1546 quotidiana
1424 1503 1566 1534 distributa
1583 1526 1592 1541 ,
1617 1505 1649 1534 &
1675 1506 1737 1535 alias
1759 1507 1938 1544 quascunque
1965 1507 2195 1540 Commoditates
2217 1512 2299 1542 dieto

1241 1539 1400 1582 Decanatui
1424 1542 1460 1570 de
1484 1541 1598 1572 Statutis
1622 1542 1857 1574 Ordinationibus
1882 1547 1914 1575 &
1934 1545 2194 1578 Consuetudinibus
2211 1549 2299 1580 dieite

1240 1577 1375 1620 Eccleliae
1400 1579 1505 1621 nostrae
1528 1580 1719 1619 collegiatae,
1744 1584 1790 1612 vel
1816 1583 1870 1612 alio
1896 1594 2067 1623 quocunque
2091 1586 2180 1617 modo
2207 1597 2298 1624 nuper

1241 1619 1408 1652 pertinentia
1425 1617 1458 1647 ὃς
1474 1619 1624 1655 ipestantia
1640 1641 1650 1657 ,
1672 1620 1702 1648 in
1721 1627 1781 1649 tam
1798 1621 1896 1659 amplis
1914 1623 2004 1653 modo
2022 1625 2056 1655 &
2074 1625 2165 1655 forma
2182 1633 2212 1655 ut
2232 1630 2301 1655 An·

1241 1657 1331 1693 tonius
1352 1658 1457 1694 Max-ey
1475 1665 1562 1694 nuper
1583 1660 1730 1693 Decimus,
1749 1659 1796 1689 vel
1813 1659 1878 1689 alius
1896 1660 2038 1698 quisquam
2056 1665 2184 1693 Decanus
2202 1663 2299 1694 habuit

1243 1694 1276 1721 &
1299 1701 1423 1730 percepit
1439 1715 1448 1730 ‚
1473 1694 1576 1724 habere
1595 1696 1626 1725 δὲ
1647 1698 1788 1732 percipere
1804 1720 1813 1735 ,
1831 1707 1916 1735 atque
1936 1699 1965 1727 in
1983 1699 2045 1729 suos
2065 1700 2139 1731 Usus
2157 1703 2190 1733 &
2213 1702 2301 1733 Utili-

1243 1738 1350 1774 tatem,
1363 1733 1448 1761 etiam
1467 1733 1590 1769 quandiu
1611 1735 1838 1772 quandocunque
1857 1736 1890 1766 δε
1907 1738 2130 1775 quotiescunque
2148 1741 2185 1770 ab
2201 1741 2301 1771 eadem

1245 1768 1368 1812 Ecclelia
1392 1779 1469 1813 eumq
1483 1770 1576 1801 abess'e
1594 1773 1748 1807 contigerit
1767 1774 1800 1803 ὃς
1819 1776 1914 1804 absens
1933 1774 2016 1805 fuerit
2034 1800 2044 1814 ‚
2067 1777 2140 1807 adeo
2168 1779 2250 1816 plene
2267 1780 2301 1810 &

1244 1809 1352 1849 integre
1369 1830 1378 1846 ,
1403 1809 1437 1838 ὅτ
1461 1818 1492 1838 1n
1518 1817 1577 1839 tam
1595 1810 1694 1848 amplis
1713 1812 1803 1841 modo
1822 1813 1854 1843 ὃς
1875 1814 1967 1843 forma
1985 1824 2018 1844 ac
2037 1814 2056 1844 fi
2075 1816 2105 1845 in
2125 1817 2224 1847 eadem
2245 1818 2303 1849 Ec-

1242 1845 1323 1876 clelia
1346 1846 1442 1877 nostra
1466 1847 1645 1884 personaliter
1674 1848 1803 1880 resideret
1827 1851 1860 1881 ὃς
1887 1860 2025 1890 perpetuo
2053 1862 2180 1885 maneret
2207 1856 2241 1886 ὃς
2266 1858 2297 1887 in

1244 1883 1350 1917 Choro
1370 1884 1488 1917 Divinis
1513 1886 1638 1924 quotidie
1664 1886 1807 1919 intereflet
1823 1911 1833 1927 ,
1858 1898 2024 1921 convertere
2041 1892 2075 1922 &
2093 1893 2230 1931 applicare
2249 1894 2303 1925 du-

1244 1932 1322 1956 rante
1342 1923 1411 1956 Vita
1423 1949 1435 1965 ,
1459 1932 1489 1954 ut
1505 1924 1653 1962 praefertur
1670 1947 1680 1963 ‚
1705 1925 1751 1956 sua
1771 1927 1886 1958 naturali
1901 1952 1910 1966 ,
1929 1928 1948 1948 ²*
1970 1929 2056 1959 libere
2075 1932 2108 1962 ὃς
2125 1931 2201 1962 licite
2216 1933 2302 1970 poffit
2318 1937 2338 1958 *
2356 1939 2454 1969 XVII.

1245 1965 1279 1996 &
1299 1964 1411 2004 valeat,
1435 1962 1537 2002 absque
1561 1962 1772 2003 impedimento
1795 1965 1896 1996 nostro
1921 1967 1969 1997 vel
1988 1967 2143 2000 Haeredum
2164 1978 2211 2001 aut
2228 1971 2301 2004 Suc·
2320 1985 2370 2016 97.
2449 1974 2453 1975 ⁷

1244 2003 1388 2035 cefforum
1405 2002 1571 2035 nostrorum
1590 2005 1750 2036 aliorumve
1765 2013 2020 2046 quorumcunque,
2040 2016 2076 2037 eo
2095 2017 2154 2038 non
2173 2009 2305 2043 obstante

1245 2042 1326 2080 quod
1342 2043 1419 2073 idem
1434 2044 1548 2072 Marcus
1555 2046 1698 2074 Antonius
1712 2043 1744 2073 de
1758 2046 1885 2075 Dominis
1897 2043 2027 2075 Ditionis
2041 2044 2159 2078 Venetae
2177 2047 2227 2087 fit;
2244 2059 2305 2082 non

1245 2080 1423 2112 obstantibus
1449 2081 1663 2120 quibuscunque
1691 2082 1806 2114 Statutis
1835 2083 1966 2114 Ae‘cubus
1995 2084 2232 2117 Ordinationibus
2258 2088 2306 2121 seu

1246 2119 1462 2151 Provifionibus
1482 2128 1530 2151 aut
1556 2119 1815 2153 Consuetudinibus
1835 2121 2069 2153 Ordinationibus
2090 2125 2124 2156 &
2138 2124 2306 2164 Interpreta-

1246 2159 1391 2196 tionibus,
1406 2166 1464 2189 tam
1478 2158 1563 2189 dietae
1578 2157 1709 2190 Ecclefiae
1722 2160 1826 2191 nostrae
1848 2160 1932 2191 Colle
1953 2163 2014 2193 iatae
2034 2163 2120 2201 quam
2138 2165 2220 2194 etiam
2238 2165 2307 2196 Par-

1245 2196 1369 2228 liamenti
1382 2197 1466 2234 hujus
1481 2197 1576 2235 Regni
1598 2197 1689 2228 nostri
1708 2198 1820 2236 Angliae
1839 2211 1849 2238 ς
1874 2201 1907 2231 &
1923 2170 2090 2231 Canonibus
2104 2201 2307 2235 Ecclefiasticis

1245 2235 1312 2266 inde
1335 2236 1363 2265 in
1386 2236 1562 2266 contrarium
1584 2236 1737 2274 respective
1758 2237 1838 2267 faetis
1863 2238 1944 2268 editis
1959 2239 2093 2270 ordinatis
2107 2240 2152 2270 seu
2168 2243 2305 2280 provifis,

1246 2283 1361 2304 necnon
1371 2273 1543 2313 juramento
1558 2274 1680 2311 ejusdem
1695 2277 1800 2306 Decani
1813 2276 1846 2306 δε
1862 2275 2078 2308 Canonicorum
2101 2279 2223 2318 ejusdem
2243 2280 2304 2312 Ec-

1245 2312 1335 2343 clesiae
1350 2312 1454 2343 nostrae
1462 2311 1631 2351 Collegiatae
1645 2320 1690 2344 aut
1703 2313 1823 2345 aliorum
1836 2324 2074 2354 quorumcunque
2091 2318 2119 2346 in
2132 2320 2309 2349 contrarium

1246 2351 1371 2389 praestito
1384 2375 1394 2390 ,
1419 2358 1470 2386 aut
1490 2351 1582 2389 aliqua
1604 2351 1651 2382 Re
1673 2349 1767 2382 Causa
1788 2352 1835 2383 vel
1857 2351 1981 2384 Materia
1993 2363 2183 2394 quacunque;
2203 2358 2305 2394 quibus

1245 2390 1379 2420 omnibus
1393 2412 1404 2428 ,
1428 2396 1566 2428 quatenus
1588 2388 1733 2421 Praetniffa
1757 2398 1876 2430 tangunt
1890 2412 1901 2428 ,
1927 2390 2109 2424 Auctoritate
2128 2394 2252 2425 Scientia
2272 2395 2307 2426 δε

1246 2437 1328 2459 mero
1344 2427 1434 2458 Motu
1450 2427 1568 2466 nostris,
1584 2437 1619 2458 ex
1631 2428 1804 2471 plenitudine
1820 2428 1968 2460 Potestatis
1981 2430 2099 2469 nostrae,
2117 2439 2214 2463 tenore
2228 2432 2308 2463 Prae-

1245 2467 1381 2503 sentium,
1400 2466 1585 2505 derogamus,
1598 2466 1690 2496 modo
1703 2466 1894 2497 sufficientem
1909 2467 2185 2507 Locumtenentem,
2203 2472 2251 2508 qui
2264 2472 2309 2502 vi-

1245 2513 1291 2535 ces
1314 2504 1396 2542 ipfius
1415 2505 1534 2535 absentis
1555 2505 1640 2535 obeat
1657 2505 1735 2542 juitta
1749 2504 1856 2535 Statura
1871 2505 1996 2543 ejusdem
2011 2506 2147 2538 Ecclefiae
2161 2508 2306 2548 Collegia-

1244 2550 1300 2580 tae,
1317 2542 1486 2580 constituat,
1504 2543 1591 2573 etiam
1603 2543 1637 2573 ad
1652 2542 1784 2573 obeunda
1800 2541 1924 2573 Munera
1939 2543 2102 2583 Registrarii
2121 2546 2238 2578 Ordinis
2251 2557 2309 2578 no-

1245 2580 1303 2611 strii
1318 2579 1444 2611 Garterii
1458 2590 1523 2622 quae
1541 2581 1593 2622 ipse
1609 2590 1658 2619 per
1672 2581 1699 2612 se
1712 2581 1793 2612 obire
1807 2589 1869 2611 non
1882 2580 1975 2620 poffit.

1282 2657 1318 2690 In
1331 2658 1411 2696 quus
1426 2658 1463 2690 rei
1473 2680 1484 2696 ,
1499 2658 1563 2690 &m

1281 2733 1371 2767 Teste
1390 2734 1475 2774 Rege
1492 2734 1568 2774 apud
1586 2735 1845 2776 Wstmonasterium
1859 2758 1869 2774 ,
1885 2735 2022 2768 vicesimo
2041 2738 2144 2776 quinto
2161 2736 2206 2770 die
2219 2737 2308 2778 junii.

1737 2814 1793 2842 Per
1806 2815 1904 2844 Breve
1916 2812 1948 2843 de
1964 2815 2086 2844 Privato
2101 2813 2203 2852 Sigillo.

1407 2940 1456 2972 De
1472 2940 1610 2971 Licentia
1626 2937 1765 2984 Eligendi
1772 2948 1827 2984 pro
1846 2938 1982 2984 Episcopo
2000 2940 2048 2974 W
2046 2942 2139 2972 imon.

1248 3022 1396 3079 REX,
1411 3021 1518 3052 dileetis
1539 3021 1625 3065 nobis
1644 3022 1674 3052 in
1698 3021 1840 3066 Christo,
1858 3024 1970 3067 Decano
1988 3022 2176 3068 &neapintulo
2204 3023 2307 3059 Eccle-
2323 3039 2399 3071 Ann-
2414 3042 2457 3073 D·

1324 3061 1370 3092 fiae
1384 3059 1558 3091 Cathedralis
1574 3059 1676 3091 sanstae
1692 3061 1724 3092 &
1741 3060 1896 3091 indiViduae
1910 3061 2057 3093 Trinitatis
2072 3062 2212 3094 Winton.
2225 3063 2306 3094 Salu-
2344 3079 2430 3111 1613·

2319 3120 2453 3194 3³:433:

2322 3196 2379 3222 n.6

1245 3106 1313 3129 tem.

1282 3136 1326 3167 Ex
1351 3145 1428 3175 parte
1446 3136 1539 3168 vestra
1557 3136 1640 3166 nobis
1656 3136 1698 3167 est
1717 3136 1860 3168 humiliter
1877 3136 2062 3175 supplicatum
2078 3145 2109 3169 ut
2125 3161 2135 3177 ‚
2161 3139 2232 3170 cum
2248 3138 2308 3170 Ec—

1245 3175 1325 3207 clesia
1344 3175 1498 3214 praedieta,
1517 3185 1566 3213 per
1586 3173 1719 3206 Mortem
1737 3176 1892 3206 naturalem
1910 3177 2001 3206 ultimi
2019 3176 2151 3215 Episcopi
2170 3177 2305 3217 ejusdem,

1242 3216 1301 3252 jam
1320 3223 1400 3245 vacet
1411 3237 1421 3253 ,
1447 3214 1481 3245 &
1500 3213 1619 3244 Pastoris
1638 3214 1671 3244 sit
1688 3214 1785 3244 solatio
1801 3214 1931 3245 destituta
1944 3239 1954 3252 ‚
1981 3215 2065 3245 alium
2085 3216 2169 3245 vobis
2187 3216 2305 3255 eligendi

1245 3255 1275 3283 in
1291 3252 1465 3292 Episcopum
1484 3252 1517 3283 &
1536 3251 1688 3282 Pastorem
1705 3253 1863 3284 Licentiam
1880 3252 2005 3283 nostram
2025 3253 2211 3284 fundatoriam
2226 3255 2308 3287 vobis

1245 3290 1405 3323 concedere
1421 3291 1625 3328 dignaremur3

1282 3329 1352 3361 Nos
1367 3354 1376 3368 ,
1402 3329 1538 3360 Precibus
1563 3327 1660 3359 vestris
1683 3329 1712 3358 in
1739 3329 1792 3360 hac
1817 3337 1893 3366 parte
1911 3329 2102 3361 favorabiliter
2119 3330 2305 3371 inclinantes,

1245 3368 1407 3400 Licentiam
1425 3368 1501 3399 illam
1519 3368 1653 3399 duximus
1672 3367 1904 3406 concedendam,

1282 3407 1445 3447 Rogantes,
1461 3416 1494 3438 ac
1512 3407 1544 3437 in
1563 3405 1618 3436 fide
1636 3407 1669 3438 ὃς
1689 3406 1842 3436 dilec'tione
1862 3406 1964 3444 quibus
1979 3406 2061 3437 nobis
2079 3407 2214 3437 tenemini
2229 3417 2303 3447 prae-

1244 3446 1380 3485 cipientes
1395 3469 1405 3485 ‚
1427 3444 1506 3484 quod
1521 3444 1606 3476 talem
1625 3445 1709 3475 vobis
1728 3444 1830 3484 eligatis
1849 3445 1878 3474 in
1894 3444 2068 3482 Episcopum
2084 3446 2116 3475 &
2137 3445 2306 3485 Pastorem,

1244 3484 1387 3554 quistDeo
1404 3484 1525 3516 devotus
1539 3507 1549 3521 ,
1574 3481 1730 3522 Nobisque
1750 3484 1785 3515 δε
1811 3482 1918 3522 Regno
1943 3482 2043 3514 nostro
2070 3483 2142 3513 utilis
2159 3485 2193 3516 &
2211 3483 2299 3516 fidelis

1246 3533 1290 3554 exi
1314 3531 1350 3555 at.

1284 3599 1318 3630 In
1332 3599 1413 3638 cujus
1424 3600 1483 3638 rei,
1497 3598 1561 3630 δίε.

1279 3675 1369 3710 Teste
1387 3675 1471 3716 Rege
1489 3672 1563 3713 apud
1581 3672 1859 3713 W’slmonasterium,
1885 3672 2021 3704 vicesimo
2040 3683 2121 3706 nono
2139 3675 2200 3708 Die
2215 3675 2302 3716 Junii¹

1757 3751 1810 3779 Per
1822 3752 1915 3780 Breve
1927 3748 1960 3780 de
1971 3752 2089 3783 Privato
2097 3751 2198 3791 sigilla,

2261 4099 2305 4126 De
