2557 4279
635 161 746 202 ET
830 161 1087 202 ACTA
1173 161 1204 201 P

9 246 121 286 lnn.D-
146 249 212 288 stri,
231 249 265 281 ὃ(
279 253 447 279 caeterorum
464 246 639 278 Curatorum
655 246 817 277 nostrorum
832 246 1090 285 Subscriptionibus
1105 247 1137 277 ὃς
1155 245 1200 276 Si-

15 288 95 326 1613.

145 289 214 328 gillis
228 288 384 324 roboratas,
406 296 524 323 quarum
538 285 612 315 Data
629 285 669 314 est
700 285 830 329 vigefima¹
850 286 1072 330 quarta-Memfi,-
1097 285 1204 323 Junii‚

9 327 23 355 i
35 327 122 362 ‘fac-¹·
146 328 235 358 Anno
248 325 372 356 Domini
389 324 538 355 millesimo
552 323 754 353 sexcentesimo
768 324 885 353 decimo
901 332 1000 362 tertio,

0 2531 94 2560 'XVI-

0 2579 51 2606 '55-

182 363 354 395 Dederimus
382 363 604 392 concesierimus
629 361 888 392 confirmaverimus
918 365 950 394 &
976 362 1201 399 affignaverimus

146 401 333 434 Sereniffimae
350 400 626 437 PrincipiDominae
646 399 834 438 Elizabethe,
854 400 1026 431 Sereniffimi
1043 403 1076 432 &
1094 402 1202 430 Poten-

146 440 260 476 tiffimi‚
277 439 379 478 Jacobi
392 442 505 473 Jl1ae⁷1ae
524 441 683 468 Britanniae
696 437 1015 473 Franciae&Hiberniae
1028 443 1104 476 Regis
1122 439 1200 468 Fidei

140 478 321 515 Defenst>ris‚
340 479 402 508 &c.
420 478 495 506 Fisiss
511 481 592 506 unicae
611 477 721 514 Conjugi
742 476 857 515 nostrae,
881 478 910 507 in
932 478 1138 514 perfeffitffinem
1163 478 1196 507 ὃς

147 517 394 553 complementum
415 515 587 546 Donationis
603 524 714 553 propter
731 515 854 551 Nuptias
868 516 912 545 seu
934 515 1064 545 Dotalitii
1077 516 1132 553 sui,
1149 525 1196 544 nn-

145 564 235 585 nuum
251 553 393 584 Reditum
407 557 505 584 Decem
523 553 645 587 Millium
658 553 810 582 Librarum
823 553 1032 591 Sterlingarum,
1047 563 1095 584 aut
1107 563 1198 583 annua

140 596 238 623 Decem
252 592 347 622 Millia
362 593 511 622 Librarum
525 592 733 628 Sterlingarum‚
749 593 793 620 seu
810 590 944 621 Valorem
954 592 1105 622 earundem
1124 591 1197 621 Mo-

139 639 212 662 netae
226 630 410 661 Germanicae
425 633 454 662 in
471 631 594 662 Pecunia
608 638 762 667 numerata,
770 637 855 665 prout
870 630 900 658 in
913 629 1019 660 eisdem
1035 630 1137 660 Literis
1144 629 1197 660 Pa-

140 670 264 700 tentibus
281 670 390 707 plenius
403 671 504 707 poterit
517 678 662 706 apparere3

180 707 260 746 Quia
275 715 373 738 tamen
389 709 416 738 in
431 708 523 738 PaOEs
537 708 570 736 &
591 706 728 735 Tmo-atu
754 703 976 744 Matrimoniali,
995 708 1067 736 inter
1087 706 1197 736 Procu-

141 754 244 777 ratores
259 747 293 777 &
307 746 467 786 Deputatos
489 745 670 784 praefatorum
692 742 847 781 Sereniffimi
873 747 948 779 Regis
969 744 1006 779 ὠ,
1027 743 1197 782 ΙΙΙκβτ·;]]ι“7ηὶ

142 784 388 824 Administratoris
401 786 498 815 habito
513 784 540 812 in
564 783 669 812 Palatio
692 782 788 820 Regio
813 782 884 819 apud
909 783 1195 813 WESTMONASTE-

141 831 236 854 RIUM
251 824 349 854 decimo
354 824 468 863 ftptimo
481 825 534 851 Die
548 819 652 860 Menfis
665 819 847 855 Novembris,
866 820 955 851 Anno
972 821 1069 851 Salutis
1084 821 1195 851 millesi-

140 871 194 892 mo
208 862 408 893 sexcentesimo
421 860 613 896 duodecimo,
631 858 667 888 de
686 859 787 896 quibus
806 858 873 889 alias
894 860 923 888 in
945 860 1124 897 praerecitatis
1147 859 1195 888 Li-

142 902 206 931 teris
220 900 386 931 Patentibus
397 899 492 936 saepius
507 897 537 927 fit
561 898 686 934 mentio,
711 897 859 934 utrinque,
883 897 956 927 inter
979 899 1045 934 alia,
1072 906 1196 927 concor·

139 938 240 969 datum
252 940 286 969 δι’.
303 937 474 968 conclusum
500 935 591 967 existit
607 959 615 972 ,
633 934 713 973 quod
734 934 802 965 Nos
824 936 973 974 praedietus
990 935 1102 965 Elecror
1115 958 1124 972 ,
1143 945 1195 972 pro

141 977 343 1008 assecuratione
359 975 512 1005 Solurionis
533 974 673 1004 dierarum
695 983 852 1003 annuarum
877 977 976 1003 Decem
999 973 1121 1003 Millium
1144 976 1196 1003 Li-

142 1015 252 1045 brarum
267 1013 481 1051 Sterlingarum‚
500 1022 559 1042 non
575 1012 668 1043 solum
687 1011 914 1050 consignaremus
935 1012 1145 1043 Commisiariis
1164 1013 1196 1041 &c

141 1053 377 1084 Procuratoribus
392 1052 462 1081 dicti
477 1051 648 1081 Sereniffimi
664 1053 757 1087 Regis,
784 1050 966 1081 Comitatum
989 1051 1194 1081 Praefec'turam

142 1091 417 1129 &Burggraviatutn
435 1090 470 1119 de
486 1089 835 1127 Altzlyqyfflraefeeturam
850 1090 881 1120 &
899 1089 1135 1119 Vicedominium
1162 1088 1198 1118 de

138 1128 289 1167 Neuslatt‚
305 1129 490 1159 Praefecturas
505 1130 537 1158 δε
554 1128 700 1158 Ballivatus
714 1127 749 1157 de
762 1126 954 1163 Germerffieim
969 1128 1001 1158 ὃς
1018 1127 1194 1166 oppenheim,

140 1165 201 1197 una
217 1177 286 1197 cum
308 1167 541 1204 Subpraefecruris
562 1168 595 1198 δε
617 1165 831 1203 quibuscunque
851 1167 908 1196 aliis
932 1166 1126 1203 Pertiiientii53
1145 1175 1195 1196 ve-

138 1207 203 1236 rum
218 1207 302 1236 etiam
318 1215 419 1235 omnes
433 1207 465 1236 &
482 1205 598 1243 singulas
611 1205 674 1235 alias
689 1204 857 1234 Securitates
872 1204 1063 1242 praestaremus
1081 1214 1146 1242 quae
1160 1204 1195 1242 cle

133 1243 205 1282 Jure
221 1245 253 1274 ὃ(
271 1242 484 1274 Consuetudine
499 1254 550 1282 pro
566 1243 684 1273 firmiori
698 1242 871 1273 subiistentiit
886 1242 1103 1274 Praemissorum
1122 1252 1194 1280 prae-

137 1282 200 1313 stari
214 1282 320 1312 debent
333 1291 379 1313 aut
394 1283 496 1319 requiri
510 1281 636 1319 possunt:

174 1321 244 1350 Nos
257 1321 358 1359 igitur,
377 1321 476 1350 nostro
492 1321 520 1350 in
538 1320 591 1350 hac
609 1329 684 1358 parre
699 1317 813 1349 Officio
828 1318 921 1349 deesse
945 1318 1066 1349 minime
1090 1319 1193 1348 volen-

136 1367 195 1397 tes,
213 1359 258 1390 sed
276 1360 369 1396 potius
383 1358 619 1389 Conventionem
631 1358 797 1388 Trac'iatum
808 1358 839 1388 &
849 1357 1107 1388 Conclusufionem
1124 1366 1193 1394 prae-

137 1398 224 1428 dic'tas
237 1397 390 1436 adimplere
405 1398 566 1434 cupientes,
585 1398 618 1427 &
638 1406 669 1427 ut
683 1394 861 1426 Chariffimae
876 1395 970 1435 nostrae
994 1396 1104 1434 Conjugi
1125 1397 1193 1436 tuto

138 1437 170 1466 iit
182 1444 296 1466 cautum
313 1445 382 1466 cuni
399 1435 506 1466 effectu
522 1443 704 1472 exoptantes,
724 1435 759 1464 de
773 1435 898 1469 expressa
915 1435 1058 1464 voluntate
1076 1438 1195 1463 conien-

138 1475 167 1505 su
187 1476 219 1505 ὃς
232 1474 354 1512 ass'ensu,
374 1484 407 1504 ac
431 1474 516 1503 etiam
540 1473 708 1504 authoritate
730 1471 852 1510 ejusdem
877 1472 1042 1512 llhtst'rzffimi
1063 1472 1195 1501 Admini-

136 1512 281 1552 stratoris,
300 1521 416 1542 necnon
439 1511 668 1541 Prazchariffimae
690 1515 797 1544 Matris
820 1510 930 1553 nostra)
957 1521 991 1541 ac
1019 1510 1193 1547 reliquorum

138 1550 301 1580 nostrorum
314 1549 493 1580 Curatorum
509 1549 625 1580 inferius
640 1551 812 1582 nominatim
830 1549 1082 1586 specincandorum
1092 1572 1100 1581 ,
1123 1558 1195 1587 prae—

138 1589 244 1623 (licitam
258 1587 462 1618 Praefe&uram
477 1589 508 1618 ὃ(
524 1587 754 1626 Burggraviatum
768 1592 804 1621 de
820 1587 965 1627 Altzhey,
991 1587 1192 1618 praefecturam

137 1628 171 1657 &
186 1626 420 1656 Vicedominium
435 1625 470 1655 de
483 1625 631 1664 Neustatt,
650 1626 833 1659 Praefeimras
848 1629 880 1657 &
897 1625 1046 1656 Ballivatus
1065 1626 1099 1655 de
1122 1625 1191 1654 'Ger-

136 1663 272 1703 merfheim
288 1666 320 1695 δε
335 1663 513 1703 oppenheim,
535 1666 591 1694 una
605 1674 673 1694 cum
689 1665 925 1704 Subpraefesturis
941 1663 1065 1699 Oppidis
1089 1662 1195 1693 Castris

136 1704 236 1734 Terris
250 1702 397 1733 Dominiis
414 1701 492 1732 Villis
508 1702 601 1732 Curiis
617 1702 734 1734 Praediis
748 1704 941 1744 vectigalibus
953 1702 1088 1732 Teloniis
1103 1701 1191 1731 Acci-

136 1742 169 1772 fis
184 1740 338 1779 Cenfibus,
357 1740 545 1770 Subditorum
562 1740 685 1779 Fundis,
705 1741 862 1781 Impositis,
883 1740 1062 1777 Laudemiis,

135 1779 311 1818 Glandibus,
328 1779 472 1816 Decimius,
492 1779 662 1818 Reditibus,
687 1781 833 1812 ordinariis
846 1782 878 1812 &
906 1779 1126 1810 extraordinariis
1142 1777 1195 1815 Ju-

135 1818 344 1849 risdictionibus
359 1818 430 1847 meri
445 1827 478 1848 ac
496 1818 576 1847 mirtti
600 1817 730 1857 Imperii,
754 1821 788 1851 δε
809 1818 1024 1858 quibuscunque
1045 1817 1104 1847 aliis
1123 1816 1194 1846 Per-

135 1857 258 1889 tinentiis
273 1856 329 1887 five
343 1854 548 1894 Dependeutiis
561 1856 623 1894 suis,
640 1859 779 1889 omnibus
793 1858 975 1897 aliisJuribus
987 1856 1071 1885 nobis
1086 1855 1193 1885 ibidem

135 1896 173 1927 de
182 1896 246 1934 jure
258 1896 291 1926 &
310 1894 517 1926 consuetudine
531 1897 777 1935 competentibus,
795 1897 851 1928 una
872 1904 940 1927 cum
966 1893 1051 1925 Cellis
1075 1892 1194 1924 Vinariis

134 1934 256 1965 Horreis
271 1933 305 1964 &
319 1933 506 1971 Repofitoriis
519 1931 638 1971 nostris,
658 1944 773 1966 necnon
790 1936 866 1967 Vino
883 1957 893 1973 ,
918 1933 1073 1971 Frugibus,
1098 1933 1194 1962 omni-

134 1972 242 2011 busque
253 1973 310 2002 aliis
323 1971 421 2002 Rebus
435 1972 464 2001 in
477 1971 575 2001 iisdem
591 1971 646 2002 fitis
659 1973 692 2003 &
703 1983 754 2012 pro
771 1982 899 2012 tempore
908 1971 1106 2009 existentibus,
1121 1980 1193 2009 prae-

134 2011 196 2042 fato
210 2010 391 2042 Sereniffimo
406 2012 518 2047 Magnae
536 2011 706 2049 Britanniae,
723 2011 784 2047 (φτ.
802 2017 870 2051 Regi
883 2010 991 2050 Jacobo
1005 2009 1081 2040 Patri
1095 2009 1194 2040 nostro

134 2049 312 2080 Chariffimo
320 2073 330 2089 ,
347 2048 517 2079 Haeredibus
530 2048 564 2079 &
576 2048 791 2082 Succefforibus
801 2052 904 2082 nostris
918 2049 1190 2088 oppigheramua&

133 2087 321 2129 Hypothecae
336 2088 499 2126 subjicimus
515 2089 547 2119 &
560 2097 594 2118 ex
615 2089 747 2129 onhnus,
763 2091 793 2121 in
808 2091 891 2122 usum
906 2088 982 2119 Filiae
995 2087 1051 2118 suae
1066 2086 1189 2118 Serenis-

134 2126 213 2157 fimae
235 2129 361 2156 Dominae
380 2125 559 2156 Elizabethae
610 2127 718 2167 onjugis
735 2128 842 2160 nostrae
867 2126 1081 2163 Dilectissimae,
1111 2134 1195 2165 atque

132 2163 183 2203 ipfi
198 2163 339 2195 Dominae
353 2163 529 2195 Elizabethae
543 2166 572 2195 in
596 2165 676 2195 usum
701 2168 782 2198 suum
805 2168 952 2206 proprium
974 2166 1195 2204 oppigneramus

135 2202 342 2241 transserimus,
361 2205 394 2235 &
411 2202 596 2241 Hypothecae
611 2204 773 2241 subjicimus
793 2206 826 2238 δε
848 2206 1017 2244 exponimus
1043 2213 1091 2243 per
1113 2203 1192 2234 'Prte-

134 2242 237 2280 sentes,
252 2243 283 2272 in
299 2250 359 2273 tam
375 2242 473 2282 amplis
489 2241 582 2272 modo
600 2243 634 2273 &
648 2243 758 2282 forma,
774 2245 808 2275 &
821 2245 856 2276 ad
871 2251 983 2275 tantum
998 2243 1031 2273 &
1044 2242 1129 2272 talem
1140 2242 1193 2281 Ju-

134 2279 172 2310 ris
188 2280 221 2311 &
238 2280 314 2310 Faffi
328 2276 484 2318 effe&um,
504 2288 644 2318 quantum
664 2282 697 2313 ὅ(
714 2283 827 2320 qualem
842 2283 936 2321 aliqua
952 2280 1130 2321 Hypotheca
1148 2282 1194 2312 vel

133 2319 344 2357 Oppigneratio
358 2319 465 2357 dejure
480 2319 525 2349 vel
543 2320 745 2352 consuetudine
765 2322 845 2359 hujus
868 2320 1008 2361 Regionis
1027 2319 1129 2350 habuit
1147 2320 1194 2350 vel

135 2357 238 2388 habere
250 2358 335 2388 debet
349 2365 396 2388 aut
410 2357 516 2396 potest,
531 2367 590 2387 non
613 2357 745 2390 obstante
768 2360 849 2397 quod
869 2361 993 2398 aliquam
1016 2359 1195 2389 mentionem

132 2397 246 2434 exigant
260 2396 297 2427 de
309 2395 355 2426 sua
371 2404 466 2427 natura
481 2404 528 2428 aut
542 2395 624 2431 huius
642 2396 716 2428 Loci
732 2396 950 2429 Consuetudine
971 2397 1059 2435 magis
1083 2397 1100 2426 s
1114 2396 1192 2427 ecifi·

134 2444 201 2465 cam
217 2435 250 2465 &
264 2434 433 2474 expressam,
458 2433 662 2474 Praemiffaque
684 2438 783 2468 omnia
806 2438 839 2468 ὅτ.
864 2437 970 2476 singula
986 2459 995 2474 ,
1020 2444 1073 2473 pro
1131 2435 1195 2466 obis

133 2469 306 2504 Haeredibus
326 2475 359 2505 &
378 2473 594 2504 successoribus
611 2473 712 2504 nostris
727 2499 736 2511 ,
766 2473 925 2506 firmissime
953 2474 1128 2512 obligamus,
1160 2475 1194 2505 ὃς

133 2511 331 2543 constituimus
341 2511 399 2543 effe
415 2511 571 2550 expressam
586 2511 606 2531 '¹‘
626 2512 835 2552 Hypothecam
851 2513 921 2544 dieti
936 2511 1108 2544 Sereniffimi
1124 2515 1192 2542 Ma—

132 2561 194 2587 gnae
209 2549 461 2587 Britanniae,·&c.
480 2553 556 2587 Regis
571 2551 600 2580 in
614 2551 696 2581 usum
719 2553 798 2582 iuum
822 2552 899 2583 Filiae
925 2552 980 2582 suae
999 2555 1125 2590 conjugis
1148 2561 1195 2580 no-

125 2589 193 2634 strfe
209 2587 406 2627 Chariffimce,
424 2591 457 2621 ὃ(
470 2589 593 2628 ejusdem
605 2589 703 2628 nostrae
715 2591 843 2629 Conjugis
860 2591 890 2621 id
915 2590 997 2621 usum
1022 2589 1103 2620 suum
1126 2598 1194 2629 pro—

155 2636 239 2658 rium.

133 2638 153 2666 P
173 2666 269 2704 Atque
283 2665 318 2696 ad
337 2664 436 2696 clarius
451 2664 690 2696 manifestandum
706 2666 831 2697 nostram
848 2667 984 2698 Mentem
1000 2668 1034 2698 &
1050 2664 1193 2696 Volunta-

134 2713 197 2735 tem
211 2705 290 2744 super
313 2703 484 2742 Praemiffis,
509 2704 634 2735 dilucide
658 2705 847 2745 fignificamus
870 2707 904 2737 ὃς
924 2705 1117 2742 declaramus,
1140 2714 1192 2742 per

136 2742 305 2780 Praesentes,
332 2751 395 2773 earn
421 2742 490 2773 Nos
511 2743 583 2774 velle
603 2742 750 2774 fore-vim
774 2745 807 2775 ὃς
829 2744 986 2776 efficaciam
1007 2743 1193 2782 Hypothecae

136 2781 298 2818 praedictae,
315 2782 348 2813 &
365 2783 393 2811 in
407 2781 483 2811 hunc
503 2781 645 2812 effectum
671 2781 816 2813 Praemiffa
836 2785 933 2813 omnia
961 2783 993 2814 &
1017 2782 1124 2821 fingula
1146 2791 1194 2812 ex-

144 2819 232 2857 presse
245 2820 427 2857 obligamus,
446 2821 527 2857 quod
539 2821 560 2851 fi
578 2822 732 2861 contigerit
752 2831 865 2852 moram
879 2822 984 2853 fieri&
1000 2820 1147 2851 committi
1164 2820 1194 2850 in

139 2858 287 2888 Soluticne
301 2857 370 2888 dicti
399 2859 486 2888 annui
510 2857 649 2898 Reditfis,
674 2861 719 2890 fleu
743 2860 884 2890 dictarum
908 2869 1064 2891 annuarum
1090 2862 1189 2889 Decem

141 2895 263 2926 Millium
278 2896 428 2926 Librarum
441 2896 660 2935 Sterlingarum,
678 2899 724 2929 vel
743 2895 854 2929 Valoris
875 2898 1078 2930 earundemlin
1101 2897 1194 2928 Pecu-

138 2935 184 2965 nia
202 2943 361 2972 numerata,
378 2942 426 2965 aut
441 2935 468 2965 in
484 2935 631 2968 Solutione
649 2937 763 2968 aliarum
778 2936 965 2968 Summarum
983 2936 1193 2974 Pecuniarum,

139 2974 244 3005 Poenae
259 2974 397 3010 nomine,
410 2973 526 3003 inferius
544 2974 762 3012 adjiciendarum
778 2997 787 3012 ,
804 2975 869 3012 post
890 2975 1046 3006 Terminos
1068 2974 1193 3005 Solutio-

141 3013 226 3042 nibus
238 3011 376 3047 praediCtis
389 3011 522 3041 faciendis
538 3012 653 3044 inferius
669 3013 754 3043 etiarn
774 3013 1005 3052 constituendos,
1033 3020 1097 3044 tum
1120 3022 1191 3051 prae-

141 3051 206 3081 fatae
222 3048 401 3080 Chariffimae
415 3048 511 3087 nostrae
525 3051 639 3088 conjugi
654 3073 663 3087 ,
691 3051 923 3082 Procuratoribus
946 3053 978 3082 δε
1007 3051 1193 3083 Mandatariis

140 3089 192 3119 suis
209 3089 282 3119 bene
297 3087 382 3122 liceat
395 3088 428 3117 &
443 3088 539 3118 licebit
556 3089 586 3118 in
599 3089 807 3120 Posseffionem
830 3090 1046 3120 Praemissorum
1060 3091 1193 3121 omnium

142 3128 177 3158 &
194 3127 368 3166 singulorum
386 3125 511 3164 ingredi,
529 3136 615 3166 eaque
630 3128 729 3158 omnia
745 3128 778 3158 &
794 3128 896 3167 singula
912 3128 1049 3166 poffidere
1063 3130 1096 3159 δε
1121 3128 1192 3158 Pos-

143 3166 291 3197 seffionem
307 3165 450 3204 acquirere
471 3166 504 3196 &
524 3166 662 3204 retinere,
685 3164 797 3205 propria
816 3166 1014 3204 Aurhoritate,
1039 3167 1072 3197 &
1091 3168 1194 3197 virtute

143 3204 343 3240 Praesentium,
362 3213 412 3241 per
425 3204 501 3234 viam
524 3211 625 3242 paratae
645 3205 818 3236 executionis
831 3228 841 3242 ‚
865 3205 1021 3243 eademque
1041 3207 1140 3236 omnia
1161 3206 1194 3236 ὃς

141 3243 246 3281 singula
264 3249 410 3279 occupare
420 3264 428 3278 ‚
448 3241 620 3281 Fructusque
633 3243 754 3274 Reditus
767 3243 800 3274 δε
817 3243 1016 3274 Obventiones
1027 3244 1195 3282 eorundem,

142 3282 336 3321 cujuscunque
351 3280 462 3320 generis
479 3289 583 3311 naturae
605 3283 638 3313 ὃ(
661 3282 832 3313 conditionis
853 3282 972 3321 fuerint,
997 3283 1142 3320 percipere
1157 3284 1192 3314 ad

142 3321 222 3351 usum
236 3319 360 3358 praefatae
377 3318 516 3349 Dominae
531 3318 705 3350 Elizabethae
723 3320 779 3351 fine
802 3319 1014 3358 Impedimento
1037 3320 1134 3360 aliquo
1149 3329 1196 3352 aut

144 3359 376 3391 contradictione
392 3356 550 3387 Haeredum
573 3359 617 3388 vel
637 3358 842 3390 Successorum
865 3358 1029 3390 nostrorum
1055 3361 1101 3391 vel
1124 3359 1194 3391 alio-

143 3408 207 3430 rum
220 3405 457 3436 quorumcunque
474 3394 591 3432 pacifice
606 3398 638 3428 ὃς
654 3398 765 3435 quiete,
783 3397 876 3435 quoad
892 3405 953 3430 tota
973 3398 1094 3429 Summa
1110 3422 1120 3436 ‚
1136 3407 1195 3430 tam

144 3439 264 3468 nomine
279 3437 364 3467 annui
381 3434 503 3466 Reditus
518 3437 607 3472 quam
628 3434 729 3466 Poenae
740 3437 823 3466 etiam
839 3437 977 3475 nomine,
994 3446 1046 3475 per
1070 3437 1197 3468 Praesen-

144 3486 184 3508 tes
199 3476 310 3512 debita,
328 3475 413 3505 fuerit
431 3473 572 3511 exsoluta,
590 3475 645 3503 ursa
658 3483 726 3505 curn
741 3474 876 3505 omnibus
890 3475 1013 3506 Damnis
1029 3476 1062 3506 ὃς
1081 3475 1196 3515 Expen-

145 3515 177 3545 srs
193 3524 242 3552 per
255 3514 343 3553 ipsam
355 3511 565 3543 Sereniffimam
583 3511 741 3543 Dominam
756 3511 973 3550 Elizabetham,
997 3513 1197 3546 Procuratores

149 3553 295 3584 Ministros
309 3551 355 3582 vel
370 3550 561 3581 Mandatarios
573 3552 651 3587 suos,
669 3550 700 3581 in
714 3551 746 3582 &
769 3552 844 3586 circa
867 3551 1071 3583 Posseffionem
1093 3554 1196 3591 praedi-

147 3592 242 3630 ctam,
263 3591 308 3622 vel
332 3589 489 3620 Fructuum
516 3589 719 3626 praedidtorum
743 3591 971 3630 perceptionem,
995 3591 1076 3622 factis
1096 3593 1129 3623 &
1155 3594 1198 3622 su-

147 3630 259 3668 stentis,
277 3630 357 3666 super
374 3629 474 3667 quibus
487 3628 622 3658 volumus
638 3627 670 3658 &
685 3627 887 3666 concedimus,
906 3639 959 3667 pro
977 3630 1080 3660 Nobis
1095 3630 1197 3662 Haere-

148 3668 231 3698 dibus
245 3671 278 3701 &
293 3667 510 3698 Successoribus
524 3665 644 3702 nostris,
663 3664 743 3702 quod
759 3665 905 3704 praedirstae
926 3667 1068 3699 Dominae
1095 3668 1197 3699 Eliza-

149 3705 250 3744 bethae,
267 3706 286 3737 fi
301 3708 332 3737 in
346 3705 500 3737 Palatinatu
515 3705 614 3742 fuerit,
632 3703 786 3734 Affertioni
803 3705 832 3734 in
848 3704 948 3736 Verbo
963 3707 1112 3746 Principis,
1130 3707 1199 3738 alio-

150 3746 219 3782 quin
232 3745 432 3783 praedictorum
449 3745 672 3774 Procuratorum
691 3742 931 3773 Mandatariorum
940 3745 985 3776 vel
995 3745 1199 3776 Ministrorum

150 3783 263 3813 suorum
279 3783 381 3821 absque
394 3783 561 3822 probat³0ne
575 3780 627 3812 alia
644 3780 731 3811 stetur
743 3781 920 3818 juramento.

188 3820 345 3851 Terminus
359 3829 451 3852 autem
466 3821 648 3852 Solutionum
664 3819 879 3857 praedickarum‚
899 3829 957 3850 ram
972 3822 1065 3859 quoad
1083 3821 1201 3852 Moram

152 3857 238 3896 quarn
254 3859 346 3898 quoad
357 3860 486 3890 Poenam
501 3858 742 3890 committendam
753 3881 763 3896 ,
781 3858 817 3887 fic
833 3857 1033 3890 constituimus
1049 3862 1082 3893 &
1103 3860 1201 3891 defini-

150 3905 227 3926 mus·

188 3918 323 3971 Scilicet,

189 3971 268 4010 Quia
283 3973 310 4002 in
326 3973 464 4010 predictis
480 3974 583 4005 Lireris
609 3973 714 4004 nostris
735 3973 898 4003 Parentibus
923 3972 1097 4005 Donationis
1121 3974 1204 4005 Con-

154 4010 285 4040 cessionis
301 4009 345 4040 seu
360 4010 596 4043 confirmationis
612 4011 721 4050 praefati
735 4013 821 4042 annui
836 4010 960 4042 Reditfis
982 4014 1027 4044 seu
1048 4024 1205 4043 annuarum

1243 160 1651 206 ussLioa.
2224 184 2301 225 197

1239 245 1362 277 Pecunia
1378 257 1521 278 numerata
1533 272 1542 286 ,
1559 249 1791 281 Praechmiffimz
1808 255 1909 283 nostra:
1925 257 2033 291 c'orsjrsgj
2051 255 2186 289 scrofam·
2197 279 2205 293 ,
2223 257 2296 286 c-bli-
2309 255 2384 284 Anu.
2395 254 2437 284 D<

2335 295 2419 331 ⁷5¹3-

1824 339 1871 367 pcr
1893 341 2011 367 quatuor
2038 332 2156 374 aequales
2181 332 2293 362 Portio-
2309 329 2440 367 ¹2Js16<¹=

1239 287 1370 327 gavinius
1385 286 1455 316 Nos
1468 287 1602 317 Haeredes
1615 290 1647 318 ὃς
1663 288 1839 321 Successor-cs
1859 292 1969 322 nostros
1983 295 2017 323 ad
2034 293 2198 324 (olvendum
2221 305 2291 329 PYLE-

1239 323 1314 352 dtfra
1328 332 1419 353 annua
1434 327 1532 353 Decem
1546 325 1641 356 Millia
1657 326 1803 356 Librarum

1238 371 1303 398 nes;
1321 361 1417 392 Prima
1432 361 1580 392 Solutione
1595 365 1754 400 incipienda
1770 366 1827 396 Die
1844 368 1934 398 Lunae
1950 370 2020 399 illius
2040 369 2212 407 Septim-anae
2228 381 2292 407 que:

1239 398 1370 429 Mortem
1386 399 1516 430 nostram
1536 401 1618 437 (quae
1633 403 1648 430 {1
1672 401 1745 443 Deo⁴
1761 404 1801 433 est
1821 406 1830 439 )
1859 408 1987 441 proxime
2011 409 2043 437 ἃς
2067 408 2230 438 immediate
2251 409 2293 437 est

1237 437 1378 474 secutura,
1400 440 1433 470 ὃς
1448 438 1486 468 slc
1501 437 1535 468 de
1552 440 1639 468 tribus
1654 437 1800 480 Menlibus
1815 444 1843 471 in
1858 452 1912 473 tres
1929 445 2040 475 Menses
2064 446 2174 484 singulis
2200 447 2292 475 Annis

1235 475 1362 507 facienda
1381 477 1414 507 &
1429 476 1639 514 continuanda3
1655 478 1674 505 {1
1688 477 1776 514 aliqua
1791 481 1928 516 ejusmodi
1939 482 2037 513 Portio
2054 484 2097 514 seu
2114 484 2215 514 Pensio
2232 493 2292 514 non

1236 513 1317 544 fuerit
1333 515 1421 545 soluta
1442 515 1564 551 praefatae
1587 514 1813 551 praechartsfinoe
1836 518 1929 555 ,ποβηΣ
1953 524 2082 558 Compei,
2110 522 2293 553 Mandatariis

1235 552 1278 581 seu
1295 552 1526 583 procuratoribus
1541 553 1608 590 suis,
1635 552 1679 582 sed
1703 553 1820 584 insoluta
1845 557 2007 588 remanserit
2026 551 2073 596 per
2096 560 2213 597 spatium
2246 563 2289 590 vi—

1233 591 1304 629 ginti
1321 591 1444 622 Dierum
1462 591 1609 629 postquam
1627 591 1719 620 debita
1736 591 1836 629 fuerit,
1855 602 1916 623 tum
1928 617 1936 629 ,
1956 597 2010 625 nne
2041 598 2130 634 aliqua
2155 600 2288 637 interpel-

1235 631 1336 659 latione
1354 639 1387 659 εκ
1403 638 1478 666 parte
1493 630 1637 667 praedistae
1655 631 1778 666 eonjugis
1802 631 1898 669 nostine
1919 634 2137 672 interponenda,
2166 637 2284 667 Moram

1232 666 1292 697 fieri
1311 669 1343 698 ὃς
1360 669 1388 698 iu
1404 668 1488 698 Mora
1508 669 1563 699 esse
1580 667 1716 697 H-:ercdes
1729 669 1761 696 ’ὀί
1778 668 1957 699 Succcssorcs
1972 672 2081 702 nestros
2100 675 2288 714 declaramus3

1232 706 1265 735 &
1284 716 1389 735 extunc
1408 707 1424 735 si
1442 706 1580 743 ejusmodi
1599 706 1690 743 aliqua
1707 716 1766 741 pars
1782 706 1882 735 Pensio
1898 710 1941 737 seu
1968 709 2065 740 Portio
2090 713 2287 748 praedictarum

1231 754 1388 774 annuarum
1404 748 1504 774 Decem
1521 744 1642 774 Millmm
1658 745 1807 774 Librarum
1822 746 2020 785 &mlix-eamque
2030 772 2038 785 ,
2057 750 2100 778 seu
2123 752 2145 779 V
2148 752 2226 781 itioris
2240 762 2288 782 ea=

1233 783 1352 812 rundem
1371 785 1399 812 in
1415 783 1538 813 Pecunia
1552 792 1717 820 numerata,
1736 786 1894 814 remanserit
1916 786 2000 814 eriam
2023 787 2139 816 insoluta
2161 800 2207 825 per
2228 791 2285 825 spa-

1232 822 1304 850 tium
1322 820 1430 851 Mensis
1447 824 1528 851 unius
1551 831 1597 852 aut
1618 821 1740 859 plurium
1766 822 1859 852 difios
1882 823 1981 861 viginti
2007 823 2075 855 Dies
2096 829 2224 862 proxime
2245 828 2286 857 se-

1231 860 1399 897 quentium,
1418 868 1486 889 tunc
1502 861 1635 890 volumus
1651 860 1845 890 consentimus
1861 861 2048 892 concedimus
2072 864 2104 894 &
2129 866 2289 896 concorda-

1232 907 1314 935 mns,
1333 907 1384 933 pro
1399 898 1499 927 Nobis
1514 898 1684 928 Haeredibus
1701 899 1732 929 ὅ(
1750 899 1964 930 Succesioribus
1978 901 2094 933 nostris,
2121 904 2198 938 quod
2217 904 2288 932 fflae-

1232 936 1311 965 redes
1328 937 1361 966 &
1377 935 1559 966 Successores
1574 936 1677 973 nostri,
1705 938 1774 967 ultra
1797 938 1933 973 praedifta
1957 949 2048 969 annua
2071 942 2168 968 Decem
2190 942 2287 970 Mislia

1232 973 1381 1003 Librarum
1397 974 1596 1011 Sterlingarum
1613 999 1622 1011 ,
1639 975 1750 1005 solvent
1764 977 1849 1006 eriam
1868 978 1900 1007 «Sc
1915 978 2021 1008 solvere
2032 979 2200 1008 tenebuntur
2220 989 2288 1015 prae-

1232 1011 1298 1042 fatae
1313 1011 1410 1051 nostrae
1425 1012 1535 1049 Conjugi
1557 1012 1767 1044 Executoribus
1791 1014 1971 1046 Mandatnriis
1996 1017 2028 1045 Sc
2057 1016 2291 1047 procuratoribus

1231 1049 1299 1087 suis,
1319 1052 1427 1080 ratione
1441 1050 1499 1080 talis
1514 1051 1629 1090 Morae,
1649 1061 1700 1090 pro
1716 1052 1843 1090 quolibet
1861 1054 1962 1084 Mense
1979 1053 2124 1084 Mensium
2140 1056 2290 1091 praeditfto-

1232 1097 1295 1117 rum
1315 1089 1344 1118 in
1362 1099 1420 1128 quo
1437 1088 1526 1126 aliqua
1543 1099 1603 1128 pars
1629 1090 1728 1119 Pensio
1750 1090 1795 1120 seu
1821 1092 1922 1121 Portio
1943 1094 2076 1130 praedicta
2100 1094 2218 1123 insoluta
2242 1104 2285 1124 re-

1233 1127 1378 1165 manserit,
1394 1131 1507 1156 Centum
1519 1128 1621 1156 Libras
1641 1128 1810 1166 sterlingas,
1838 1132 1960 1160 nomine
1985 1131 2101 1168 Pcenae,
2128 1132 2172 1162 seu
2201 1131 2287 1161 Valo-

1232 1174 1294 1194 rem
1312 1165 1464 1195 earundem
1480 1166 1509 1195 in
1526 1166 1650 1196 Pecunia
1667 1176 1828 1204 numerata,
1847 1169 1879 1199 ὃς
1897 1169 1930 1198 ad
1956 1170 2030 1199 hmc
2055 1171 2139 1200 etiam
2164 1170 2291 1200 Solutio-

1231 1212 1301 1232 nem
1324 1203 1393 1233 Nos
1411 1202 1548 1233 Haeredes
1565 1205 1598 1235 δε
1614 1204 1794 1235 Succeii'ores
1812 1205 1922 1236 nostros
1942 1217 1991 1244 per
2012 1209 2163 1239 Praesenres
2174 1209 2289 1239 firminer

1231 1242 1402 1279 obligamus:
1424 1242 1522 1278 qubd,
1539 1242 1557 1271 ri
1575 1243 1661 1272 etiam
1680 1253 1729 1281 per
1746 1243 1866 1280 spatium
1888 1254 2009 1278 quatuor
2032 1246 2177 1277 Menfium
2196 1247 2291 1277 dictos

1231 1280 1334 1317 viginti
1351 1280 1421 1309 Dies
1436 1281 1564 1316 proxime
1579 1280 1755 1317 sequentium
1771 1283 1857 1320 a'iqua
1875 1281 1942 1313 Pars
1955 1285 1999 1314 seu
2014 1285 2116 1315 Portio
2138 1285 2271 1323 praedicta
2282 1309 2291 1322 2

1230 1316 1266 1348 dc
1281 1327 1408 1356 tempore
1426 1318 1453 1347 in
1471 1327 1584 1356 tempus
1599 1319 1707 1356 lingulis
1727 1319 1818 1349 Annis
1829 1321 1946 1351 insoluta
1961 1325 2213 1360 remanlei·it,t'um,
2225 1323 2288 1361 post

1232 1356 1336 1392 lapsum
1353 1358 1385 1387 &
1398 1355 1536 1386 effluxum
1550 1356 1692 1387 diciorum
1710 1367 1829 1393 quatuor
1843 1359 2007 1399 Metilium,
2026 1362 2101 1392 dicta
2120 1362 2210 1399 aliqua
2219 1362 2286 1392 Par-

1233 1402 1260 1424 te
1275 1394 1318 1425 seu
1336 1395 1470 1425 Portione
1484 1395 1552 1424 dieti
1567 1396 1651 1425 annui
1668 1395 1790 1426 Redirus
1804 1406 1874 1427 tunc
1891 1398 1986 1429 debita
1997 1423 2004 1436 ,
2022 1409 2070 1431 aut
2087 1400 2178 1439 aliqua
2194 1401 2288 1431 Pecu-

1233 1434 1289 1462 niae
1302 1432 1439 1470 Summa,
1459 1434 1578 1464 nomine
1593 1433 1709 1471 Poenae,
1730 1443 1778 1470 per
1798 1434 1949 1467 Praesentes
1963 1438 2114 1476 impolita,
2134 1449 2193 1468 non
2213 1439 2286 1469 solu-

1232 1469 1277 1507 ta,
1296 1470 1454 1502 Licentiam
1471 1472 1504 1501 δε
1520 1471 1636 1501 liberam
1652 1472 1825 1502 Potestitem
1851 1474 1948 1505 damus
1971 1485 2019 1511 per
2046 1476 2216 1515 praesentes,
2235 1487 2288 1514 pro

1232 1508 1331 1539 Nobis
1345 1509 1516 1539 Haeredibus
1535 1511 1568 1541 ὃς
1583 1510 1794 1540 Successoribus
1812 1512 1930 1549 nostris,
1949 1514 2173 1551 praechariffimae
2193 1516 2289 1554 nostra·

1232 1551 1344 1585 Conyugi
1359 1547 1541 1578 Mandatariis
1565 1548 1598 1577 &
1625 1548 1857 1579 Procuratoribus
1883 1551 2033 1589 suis,⁷s1c,
2058 1561 2088 1583 ut
2113 1553 2232 1590 superius
2251 1553 2293 1583 est

1231 1586 1407 1624 expressum,
1423 1586 1651 1623 apprehendendi
1663 1586 1820 1624 poffidendi
1837 1590 2000 1626 occupandi
2019 1591 2037 1610 ²*
2058 1591 2197 1628 gaudendi
2209 1601 2290 1623 uten·
2307 1596 2326 1615 ὓ
2339 1600 2421 1627 XVI,

1233 1624 1262 1652 di
1275 1624 1388 1653 fruendi
1412 1625 1593 1662 praerecitatis
1614 1626 1749 1655 omnibus
1769 1625 1801 1656 &
1822 1626 1934 1665 fingulis
1958 1628 2060 1659 Rebus
2083 1630 2120 1659 {ic
2137 1631 2240 1669 etiam,
2260 1639 2291 1662 ut
2308 1638 2371 1672 756.

1233 1663 1429 1700 praemittitur,
1450 1663 1663 1701 hypothecatis,
1682 1664 1826 1701 quousque
1840 1673 1897 1695 tam
1916 1665 1952 1695 de
1968 1676 2064 1697 annuo
2090 1667 2195 1699 Redito
2219 1678 2290 1706 prae-

1232 1700 1313 1730 dicto
1327 1702 1360 1731 δε
1375 1700 1500 1737 qualibet
1515 1701 1572 1737 ejus
1587 1709 1665 1738 parte
1675 1724 1684 1739 ,
1704 1711 1790 1739 quam
1805 1703 1842 1732 de
1856 1702 1984 1733 Summis
2001 1705 2203 1745 Pecufflarum,
2222 1707 2292 1737 Poe-

1232 1747 1280 1767 nae
1295 1739 1433 1775 nomine,
1451 1738 1570 1775 debitis,
1587 1739 1621 1769 &
1633 1739 1669 1769 de
1683 1749 1812 1777 tempore
1827 1742 1857 1770 in
1873 1751 1984 1779 tempus
1999 1745 2106 1774 rarione
2130 1745 2228 1775 Morae
2243 1745 2293 1776 de-

1233 1776 1348 1814 bendis,
1367 1776 1451 1807 fuerit
1467 1777 1571 1807 eisdem
1589 1778 1776 1816 satisfactum,
1796 1788 1881 1816 prout
1898 1781 1974 1818 supra
1989 1782 2098 1819 plenius
2111 1783 2154 1815 est
2168 1784 2290 1815 declara-

1232 1823 1305 1845 tum.

1266 1852 1383 1890 Insuper
1396 1852 1556 1891 adjicientes
1569 1855 1603 1885 ὃς
1621 1854 1766 1892 adjicimus
1780 1856 1860 1893 quod
1876 1858 1946 1887 cum
1964 1857 2187 1897 Quadraginta
2196 1860 2294 1891 Millia

1231 1890 1381 1921 Librarum
1396 1891 1598 1934 Sterlirzgarum
1611 1893 1641 1922 in
1656 1895 1720 1924 casu
1737 1893 1922 1926 secundarum
1937 1896 2113 1935 Nuptiarum
2130 1899 2199 1929 loco
2220 1910 2294 1937 prae·

1233 1930 1302 1960 diffl
1317 1931 1404 1961 annui
1419 1929 1544 1962 Reditfis
1557 1933 1658 1961 Decem
1673 1931 1794 1962 Millium
1810 1934 1960 1964 Librarum
1974 1935 2173 1974 Sterlingarum
2188 1937 2295 1969 charis-

1232 1968 1308 2012 simae
1321 1968 1418 2008 nostrae
1428 1969 1549 2009 conjugi
1557 1969 1729 2002 restituenda
1745 1971 1799 2003 sint
1810 1972 1842 2003 ὅ(
1851 1973 2050 2013 consignanda,
2062 1984 2146 2013 prout
2160 1985 2194 2006 ex
2208 1976 2243 2006 sae
2263 1987 2296 2007 e-

1232 2007 1312 2038 drCto
1320 2007 1460 2038 Traetatu
1475 2008 1584 2047 plenius
1597 2008 1702 2047 liquet3
1719 2019 1846 2049 cumque
1860 2012 1928 2042 Nos
1942 2013 2027 2043 etiam
2041 2014 2069 2043 in
2084 2014 2228 2051 praedietis
2240 1986 2293 2045 Ei-

1233 2047 1299 2076 teris
1311 2045 1415 2077 nostris
1432 2046 1597 2078 Patentibus
1613 2047 1750 2079 Haeredes
1765 2050 1798 2080 δε
1814 2049 1995 2081 Successores
2017 2051 2127 2082 nostros
2147 2053 2294 2093 obligave-

1233 2086 1322 2115 rimus
1333 2085 1368 2115 ad
1382 2085 1584 2125 Qadraginta
1604 2085 1655 2115 illa
1671 2086 1773 2117 Millia
1787 2088 1955 2120 restituenda
1970 2092 2003 2121 &
2017 2091 2200 2129 refundenda,
2208 2100 2295 2131 prout

1233 2123 1341 2167 ibidem
1357 2126 1442 2154 etiam
1455 2132 1586 2162 apparet3
1607 2123 1676 2155 Nos
1690 2125 1839 2157 Securitati
1854 2128 2098 2165 praedilec'tiffimae
2111 2130 2208 2169 nostrae
2222 2134 2293 2160 Con-

1226 2165 1300 2200 jugis
1318 2171 1348 2192 tn
1361 2163 1416 2192 hac
1429 2171 1508 2199 parte
1530 2162 1676 2194 consulere
1697 2174 1811 2202 quoque
1831 2167 1975 2205 volenteS,
2000 2167 2186 2199 praefecturas
2207 2169 2298 2208 Burg-

1231 2202 1370 2239 graviatus
1384 2199 1582 2232 Viceclorninia
1598 2201 1746 2233 Ballivatus
1760 2206 1792 2235 &
1807 2206 1908 2236 omnia
1923 2209 1956 2237 &
1971 2206 2075 2245 singula
2086 2207 2167 2238 Loca
2182 2209 2216 2239 δε
2229 2208 2291 2239 Res

1232 2240 1417 2276 praerecitatas
1431 2239 1570 2278 similiter,
1589 2241 1622 2271 &
1640 2241 1739 2272 iuram
1754 2243 1853 2280 amplis
1870 2244 1960 2275 modo
1976 2245 2009 2275 &
2023 2246 2118 2275 forma
2132 2246 2293 2285 obligamus

1233 2277 1466 2317 hypothecamus
1481 2279 1514 2309 &
1528 2280 1748 2317 oppignerarnus
1761 2281 1881 2318 praefato
1902 2282 2084 2313 Sereniffimo
2105 2287 2210 2321 Magno
2225 2287 2294 2314 Bri-

1233 2320 1356 2354 tanniae,
1373 2315 1435 2359 ὡς.
1453 2319 1519 2353 Regi
1540 2317 1616 2348 Patri
1637 2317 1736 2348 nostro
1758 2319 1920 2350 chariffimo
1934 2344 1942 2359 ‚
1970 2320 2142 2352 Haeredibus
2163 2323 2196 2354 &
2218 2323 2292 2354 Suc-

1235 2355 1391 2385 cefforibus
1403 2356 1518 2398 iuis2in
1534 2354 1615 2386 usum
1631 2355 1709 2386 Filiae
1724 2357 1778 2387 fuce
1793 2358 1952 2397 praediCtae,
1971 2361 2004 2391 &
2018 2361 2102 2390 etiam
2118 2360 2290 2392 chariffimae

1234 2393 1330 2433 nostrae
1350 2395 1459 2437 anjugi
1473 2404 1501 2424 m
1516 2394 1596 2424 usum
1611 2393 1690 2424 suurn
1705 2398 1869 2435 proprium,
1892 2407 1980 2435 eaque
2000 2399 2099 2428 omnia
2117 2399 2150 2429 &
2173 2400 2293 2438 lingula,

1234 2441 1288 2470 pro
1302 2432 1400 2462 Nobis
1415 2432 1587 2462 Haeredibus
1600 2434 1633 2463 ὃς
1648 2432 1860 2464 Succefforibus
1879 2436 1979 2466 nostris
2002 2435 2161 2468 firmissime
2182 2439 2292 2475 obliga-

1235 2480 1298 2501 mus
1312 2472 1344 2502 &
1359 2470 1558 2501 constituimus
1572 2469 1628 2500 esse
1641 2473 1798 2508 expressam
1814 2472 2020 2512 Hypothecam
2036 2475 2107 2505 dieti
2132 2477 2291 2517 Sereniffimi

1235 2511 1313 2546 Regis
1328 2511 1356 2539 in
1370 2508 1449 2539 usum
1465 2509 1652 2547 praedictum,
1671 2511 1703 2540 &
1718 2510 1843 2548 ejusdem
1858 2511 1953 2551 nostrae
1966 2516 2091 2551 Conjugis
2111 2515 2141 2544 in
2160 2515 2241 2545 suum
2263 2526 2296 2546 u—

1235 2548 1315 2584 sum,
1334 2549 1369 2578 ita
1385 2555 1416 2577 ut
1430 2547 1449 2577 si
1462 2546 1537 2577 dieta
1552 2546 1739 2589 eraginta
1751 2549 1847 2578 Millia
1860 2551 1934 2581 bene
1947 2553 1979 2582 ὃς
1994 2551 2111 2581 fideliter
2126 2562 2184 2582 non
2200 2553 2289 2585 soluta

1234 2586 1338 2615 fuerint
1353 2585 1478 2623 praefatae
1491 2585 1657 2616 charissimae
1674 2586 1770 2625 nqslrae
1784 2588 1904 2626 Conjugi,
1925 2589 2108 2620 Mandatariis
2123 2600 2170 2622 aut
2180 2591 2292 2622 Procu-

1233 2624 1371 2654 ratoribus
1385 2623 1451 2662 suis,
1472 2624 1545 2654 infra
1559 2633 1650 2654 unum
1666 2624 1784 2654 Annum
1801 2626 1889 2656 dictas
1905 2627 2036 2658 secundas
2051 2628 2178 2666 Nuptias
2196 2632 2291 2660 uroxi-

1235 2664 1284 2692 me
1299 2663 1333 2694 ὅ(
1349 2663 1511 2692 immediate
1523 2663 1704 2700 sequentem,
1722 2662 1794 2693 fausta
1812 2667 1884 2701 prius
1900 2665 1983 2696 unica
2001 2660 2229 2705 interpellatione
2245 2679 2294 2708 per

1233 2701 1341 2731 dictam
1372 2700 1584 2731 Sereniffimam
1618 2700 1778 2731 Dominam
1809 2702 2008 2734 Elizabetham
2030 2705 2233 2737 Procuratores
2261 2708 2295 2738 &

1235 2738 1428 2770 Mandatarios
1442 2740 1522 2776 sum,
1541 2739 1596 2769 una
1610 2748 1677 2769 cum
1699 2740 1745 2770 tali
1770 2740 1802 2770 &
1823 2750 1899 2771 tanta
1920 2742 2042 2773 Summa
2062 2745 2190 2781 praedieti
2211 2746 2297 2776 annui

1236 2777 1378 2815 Radices,
1398 2778 1483 2816 qualis
1500 2779 1532 2808 δε
1546 2786 1649 2815 quanta
1665 2787 1716 2816 pro
1731 2786 1785 2808 rata
1797 2781 1933 2816 temporis
1946 2781 1975 2810 in
1991 2781 2040 2811 illo
2053 2782 2140 2813 Anno
2157 2783 2220 2819 post
2236 2784 2293 2814 eas-

1235 2816 1301 2847 dem
1316 2816 1449 2847 secundas
1463 2816 1587 2853 Nuptias
1605 2816 1657 2846 erit
1678 2816 1770 2847 debita
1778 2839 1788 2854 ,
1813 2826 1919 2849 extunc
1943 2820 2017 2850 bene
2039 2820 2120 2851 liceat
2141 2823 2171 2853 &
2197 2822 2295 2853 licebit

1234 2856 1359 2893 praefatae
1374 2854 1563 2885 Sereniffimae
1572 2853 1713 2884 Dominae
1726 2854 1904 2886 Elfzabetlrae
1919 2859 1948 2887 in
1964 2857 2044 2888 suum
2062 2859 2153 2898 usum,
2173 2859 2295 2890 Manda-

1235 2895 1311 2925 tariis
1323 2896 1356 2926 &
1371 2893 1606 2924 Procuratoribus
1622 2893 1674 2923 suis
1683 2894 1711 2923 in
1718 2892 1921 2925 Poffeffionem
1930 2896 2144 2927 Praemissorum
2158 2900 2294 2928 omnium

1235 2933 1268 2964 &
1284 2932 1458 2972 singulorum
1475 2931 1598 2970 ingredi,
1617 2941 1702 2971 eaque
1719 2934 1816 2963 omnia
1829 2934 1862 2964 &
1882 2933 1983 2973 singula
1998 2935 2133 2972 possidere
2148 2937 2180 2967 ὅ(
2194 2938 2298 2967 retine-

1235 2981 1264 3002 re
1280 2971 1396 3010 propria
1413 2970 1608 3006 Authorirate,
1624 2971 1657 3000 &
1673 2969 1786 3000 Virtute
1809 2972 2013 3011 Praesemium,
2039 2973 2215 3012 FruCtusque
2239 2985 2291 3006 eo·

1234 3010 1355 3040 rundem
1370 3010 1530 3047 percipere,
1545 3008 1578 3038 &
1593 3009 1655 3038 suos
1670 3008 1762 3039 facere
1777 3019 1827 3046 pro
1965 3012 2100 3042 omnibus
2117 3014 2150 3044 &
2164 3023 2211 3050 per
2226 3023 2295 3044 om-

1233 3049 1280 3079 nia
1294 3056 1380 3085 prout
1396 3047 1517 3086 superius
1531 3048 1560 3077 in
1575 3046 1639 3078 casu
1656 3049 1740 3077 annui
1756 3046 1876 3078 Reditsts
1891 3058 1949 3078 non
1965 3049 2046 3080 soluti
2061 3050 2101 3080 est
2125 3051 2295 3082 declaratum

1235 3088 1268 3118 &
1284 3085 1464 3124 conceffum,
1478 3095 1543 3125 quae
1557 3094 1610 3123 pro
1625 3086 1672 3116 hic
1685 3086 1791 3116 insertis
1802 3087 1884 3117 omni
1899 3087 2012 3118 meliori
2026 3089 2115 3120 modo
2132 3090 2165 3120 &
2179 3090 2213 3121 ad
2227 3101 2298 3121 om·-

1235 3133 1303 3155 nem
1315 3124 1390 3164 juris
1402 3123 1540 3155 effectum
1554 3124 1691 3155 habemus
1713 3125 1746 3155 &
1766 3124 1864 3156 haberi
1887 3126 2018 3157 volumus
2034 3150 2043 3165 ,
2067 3128 2213 3167 quousque
2233 3138 2293 3159 tam

1235 3164 1344 3203 integra
1363 3163 1564 3204 Qadraginta
1585 3161 1680 3192 Millia
1699 3163 1849 3193 Librarum
1870 3164 2067 3202 Sterlingarum
2095 3167 2295 3203 praedictarum

1235 3204 1324 3240 quam
1339 3211 1432 3233 annua
1447 3205 1546 3231 Decem
1559 3200 1663 3241 Millia·
1680 3201 1831 3232 Librarum
1856 3203 2073 3240 Sterlingarum‚
2096 3206 2205 3234 interim
2223 3206 2295 3236 dum

1235 3242 1383 3272 solvuntur
1405 3241 1481 3270 dicta
1503 3240 1706 3279 Quadraginta
1728 3241 1824 3270 Millia
1842 3241 1937 3273 debita
1958 3243 1991 3272 &
2014 3242 2142 3273 solvenda
2159 3265 2168 3280 ‚
2186 3244 2292 3275 fuerint

1236 3279 1391 3319 persoluta,
1409 3278 1458 3308 nili
1473 3279 1546 3308 aliud
1563 3280 1577 3308 a
1593 3277 1773 3309 Sereniffimo
1787 3283 1859 3317 Rege
1867 3280 1996 3317 praedid't'o
2013 3281 2094 3311 Patre
2109 3282 2206 3311 nostro
2225 3282 2308 3313 cha--

1235 3318 1360 3356 rissimo‚
1379 3326 1440 3349 tum
1463 3318 1571 3347 ratione
1594 3316 1729 3347 Termini
1750 3327 1801 3355 pro
1979 3318 2126 3349 Solutione
2149 3320 2293 3351 dictarum

1236 3357 1437 3397 Qadraginta
1451 3355 1573 3385 Millium
1587 3355 1738 3385 Librarum
1756 3364 1817 3386 tum
1834 3355 1942 3386 ratione
1962 3355 2106 3388 dictarum
2122 3360 2220 3387 Decem
2234 3359 2298 3388 mil-

1240 3397 1304 3426 lium
1320 3395 1472 3426 Librarum
1487 3395 1601 3425 interim
1624 3393 1821 3425 solvendarum
1840 3395 1851 3431 (
2027 3396 2167 3434 speramus
2190 3397 2299 3429 consti·-

1235 3443 1328 3467 tutum
1343 3435 1376 3466 δι’.
1390 3434 1552 3464 ordinatum
1565 3434 1670 3471 fuerit,

1274 3474 1314 3504 At
1335 3483 1369 3504 ue
1384 3473 1542 3511 hujusmodi
1556 3472 1613 3501 Por
1876 3473 1909 3504 &
1924 3472 2098 3503 Cautionem
2122 3473 2301 3506 intendimus

1239 3514 1272 3544 &
1287 3483 1421 3543 voclumus
1435 3511 1491 3542 effe
1504 3509 1713 3541 extendendam
1727 3511 1761 3542 &
1775 3510 1912 3540 extensam
1923 3533 1931 3548 ,
1949 3512 1981 3541 ὃς
2003 3521 2054 3549 per
2076 3510 2225 3543 Praesentes
2245 3523 2295 3544 ex·

1238 3551 1380 3583 tendimus
1395 3548 1517 3589 expresse
1539 3550 1624 3579 etiam
1648 3549 1682 3579 ad
1708 3558 1775 3578 eum
1795 3548 1898 3578 Casum
1915 3550 1944 3577 in
1966 3559 2024 3587 quo
2048 3548 2171 3581 Filiabus
2191 3552 2295 3582 nostris

1240 3590 1341 3628 (nullis
1358 3589 1489 3620 Masculis
1501 3587 1698 3624 existentibus)
1719 3587 1795 3617 dicta
1811 3586 2011 3628 Qsadraginta
2025 3587 2122 3617 Millia
2144 3589 2295 3621 Librarum

1237 3629 1436 3666 sterlingarum
1448 3624 1578 3656 solvenda
1592 3626 1673 3663 sunt,
1693 3634 1724 3656 ut
1737 3633 1800 3655 tum
1815 3628 1879 3664 rpite
1894 3625 1917 3655 F
1919 3627 1971 3655 iliae
1987 3626 2089 3656 nostrae
2104 3627 2186 3657 suum
2211 3629 2294 3659 usum

1239 3665 1548 3704 hujusmodiCautioni
1565 3663 1706 3705 Hypothe
1777 3664 1805 3705 in
1819 3664 1953 3706 omnibus
1968 3665 2001 3695 ὃς
2015 3665 2125 3704 singulis
2138 3665 2238 3697 Rebus
2257 3668 2291 3699 &

1240 3707 1329 3736 Locis
1343 3706 1462 3744 superius
1479 3712 1639 3733 memoratis
1659 3700 1779 3732 inllstere
1794 3710 1876 3731 inniti
1893 3712 2013 3741 eamque

1240 3746 1375 3775 omnibus
1393 3743 1445 3773 suis
1459 3741 1593 3771 Clausulis
1606 3751 1671 3779 quas
1685 3750 1736 3777 pro
1749 3740 1797 3770 hic
1814 3739 1942 3777 specifice
1956 3742 2077 3772 recitatis
2103 3741 2240 3774 habemus
2258 3744 2292 3775 &

1241 3784 1344 3813 habere
1359 3784 1508 3817 volumus,
1523 3780 1605 3809 omni
1625 3779 1736 3809 meliori
1758 3780 1848 3808 modo
1869 3779 1913 3809 via
1933 3781 1965 3811 &
1981 3780 2056 3817 Juris
2076 3781 2171 3811 forma
2191 3783 2294 3820 quibus

1242 3821 1341 3851 melius
1356 3830 1401 3850 aut
1416 3819 1559 3850 efficacius
1572 3817 1630 3846 sieri
1645 3817 1727 3855 poffit
1741 3826 1788 3847 aut
1801 3816 1941 3847 efficacius
1958 3818 2016 3848 ficri
2031 3820 2114 3856 possit
2131 3830 2178 3850 aur.
2193 3822 2293 3852 debeat

1240 3861 1333 3896 quoad
1342 3859 1540 3898 Qsadraginta
1549 3855 1645 3885 Millia
1659 3854 1806 3897 Librarum
1818 3856 2017 3893 stru-lingarum
2033 3859 2062 3888 in
2077 3859 2140 3888 casu
2156 3859 2293 3897 przediefto

1244 3899 1366 3928 Filiabus
1382 3898 1480 3926 nostris
1494 3896 1597 3925 fuerint
1612 3896 1718 3932 integri:
1735 3895 1880 3931 perloluta.

1281 3936 1320 3966 Et
1335 3937 1445 3965 ulterius
1460 3941 1636 3964 conventum
1653 3932 1862 3963 concordatum
1876 3934 1910 3964 ὅτ.
1925 3934 1964 3965 sta

1246 3974 1476 4012 recognoscimus
1490 3974 1522 4003 ὃ(
1540 3981 1587 4009 per
1610 3971 1760 4001 Praelentes
1779 3970 1895 4013 firmiter
1918 3974 2140 4010 prommittimus
2160 3976 2193 4006 &
2216 3976 2300 4012 spon-

1248 4014 1364 4050 demus,
1383 4011 1505 4048 Nosque
1519 4009 1656 4040 Haeredes
1672 4010 1705 4039 δε
1730 4009 1908 4040 Successores
1931 4012 2040 4041 nostros
2057 4012 2175 4042 firmiter
2191 4014 2302 4049 obliga-

157 4052 252 4080 Decem
269 4047 387 4078 Milliurn
402 4049 550 4081 Librarum
558 4050 761 4090 ‚sterlingarum
777 4073 784 4087 ,
803 4059 848 4081 aut
877 4049 985 4081 Valoris
1005 4053 1156 4083 earundem
1174 4054 1207 4082 in
1249 4062 1329 4090 mus,
1354 4050 1433 4089 quod
1457 4049 1587 4085 praedicta
1608 4047 1769 4080 Comitatus
1791 4047 1961 4080 praetectum
1980 4054 2013 4082 &
2036 4050 2247 4089 burggraviatus
2266 4050 2302 4079 de

1765 4085 1786 4114 B
1806 4086 1824 4115 b
1842 4095 1858 4125 3
2213 4087 2305 4115 Alaz-
