2557 4279
54 162 184 196 Anni).

79 202 168 234 1618.

63 243 191 281 16Jac.t.

87 2514 106 2534 ο
121 2504 221 2542 x'vu.

83 2563 95 2581 r
107 2552 153 2581 28.

203 79 251 117 88

242 162 286 192 Ac
303 161 387 190 etiam
400 157 608 194 Cognitionem
623 163 793 184 caeterorum
808 152 940 182 omniurn
955 151 988 180 ὅ(

207 198 243 231 ad
255 200 398 230 Officium
416 198 513 231 Magni
527 192 681 223 Admiralli
697 193 826 228 Angiiae,
844 191 877 221 &
893 188 1027 228 Praefedh
1039 187 1169 218 Generali
1185 185 1263 216 Clas·
1300 184 1335 213 de
1351 192 1482 219 tempore
1497 184 1525 211 in
1542 191 1653 220 tempus
1667 190 1758 217 magis
1773 183 1919 217 expediens
1934 181 2023 210 visum
2039 190 2049 209 r

211 240 281 269 sium
295 240 326 268 ἃ
344 236 471 266 Marium
487 232 650 263 nostrorum
670 229 874 269 praedieto‚vel
888 227 1078 267 jurisdictioni
1092 225 1195 255 nostrae
1211 234 1271 253 ma-

210 279 312 308 ritimae
338 271 534 304 Admiralita;is
558 270 670 309 Angliae
693 268 853 306 praedicstae,
872 265 1062 304 quovismodo
1086 272 1205 300 tangunt
1225 262 1271 291 seu

211 316 304 352 aliquo
322 312 410 341 modo
426 317 621 346 concernunt,
640 317 671 338 ac
688 308 724 337 ab
748 307 866 343 antiquo
890 306 1027 343 pertinere
1049 303 1208 333 debuerunt
1227 301 1272 329 seu

211 353 322 384 densit-

249 389 286 420 Et
298 374 477 426 generaliter,
496 383 529 413 ad
545 382 779 420 cognoscendum
795 383 828 414 ὅτ.
850 379 1063 419 procedendum
1088 378 1117 407 in
1139 375 1274 407 omnibus

212 430 247 460 δε
261 426 373 463 singulis
385 426 440 454 aliis
453 423 551 453 Cauiis
567 422 674 452 Litibus
689 421 864 451 Criminibus
879 419 999 450 DeliCtis
1018 414 1180 446 Exccffibus
1190 415 1274 451 Que-

213 467 275 497 reli÷
297 464 408 502 injuriis
437 461 595 492 Malefaffls
613 460 657 489 seu
681 461 753 497 quasi
785 458 964 493 hialefaetis,
997 453 1273 491 Transgreffionibus

215 503 385 541 Regratmii*
400 500 594 535 Forstellariis,
614 500 645 529 δε
662 497 798 537 Negotiis
814 496 958 526 maritimis
979 492 1211 530 quibuscunque,
1227 499 1276 526 per

215 541 321 580 Regna
336 539 431 570 nostra
445 541 477 571 ὃς
495 539 571 568 Loca
586 537 717 574 praediera
734 536 804 565 insta
815 532 1045 572 Jurisdic'tionem
1068 529 1195 560 nostram
1216 536 1277 557 ma-

217 583 341 612 ritimam
371 578 569 609 Admiralitatis
589 575 697 605 nostrae
717 574 831 609 Angliae
852 570 996 608 praedieiae
1010 592 1020 605 ,
1046 578 1096 606 per
1124 567 1207 597 Mare
1228 565 1276 609 vel

216 620 333 657 Aquam
352 627 397 648 aut
418 616 506 654 Ripas
528 615 573 645 seu
597 614 704 643 Littora
724 609 908 646 eorumdem,
934 607 1176 651 qualitercumque
1196 603 1277 634 factis

217 656 376 689 commissis
392 653 552 693 perpetratis
566 661 613 683 aut
628 661 696 681 eine:
705 650 833 687 gentibus
843 670 853 685 ‚
868 646 966 676 fiendis
981 644 1199 676 committendis
1213 651 1277 680 per-

241 695 360 727 errandis
380 702 427 724 aut
450 691 682 730 emergentibus,
709 689 763 718 una
784 695 854 716 cum
875 683 1018 714 Potestate
1039 685 1072 715 &
1088 682 1278 713 ¹AuCtoritate

253 734 447 773 ecognitiones
470 732 646 769 quascunque
667 736 719 765 pro
745 723 995 755 Conventionibus
1015 721 1061 752 seu
1084 721 1199 751 Debitis
1215 719 1278 757 qui-

216 773 383 810 buscunque
398 769 543 810 capiendi,
560 767 658 804 easque
670 764 831 795 executioni
845 761 971 799 ponendi
986 761 1019 791 δε
1038 760 1137 798 exequi
1157 757 1279 790 faciendi

216 813 253 844 ὅ(
268 810 439 842 mandandi,
453 816 567 838 necnon
582 805 680 834 Naves
695 802 827 834 Personas
840 800 898 839 Res
913 800 991 830 Bona
1007 798 1122 829 Merces
1142 798 1175 829 &
1197 796 1279 826 Mer-

217 851 344 881 cimonia
363 842 560 886 quaecunque,
578 852 632 882 pro
650 839 796 881 praemiffis
818 840 851 870 &
873 848 973 869 eorum
994 837 1140 875 quolibet,
1163 845 1198 866 ac
1219 834 1278 864 aliis

216 889 316 920 Cauiis
330 886 554 926 quibuscumque
566 881 664 912 eadem
679 878 936 914 concernentibus,
953 876 1119 913 ubicunque
1128 875 1278 905 Locorum

219 927 328 958 fuerint
342 933 447 962 reperta
462 923 507 953 seu
520 923 635 951 inventa
649 929 698 956 per
712 917 815 954 Regna
835 915 931 946 nostra
948 915 994 945 seu
1017 914 1157 945 Dominia
1177 911 1279 950 praedi-

220 966 284 1003 eta,
301 965 369 995 infra
391 963 545 992 Libertates
568 959 612 988 seu
633 966 724 994 extra,
740 965 772 986 ac
792 955 876 986 etiarn
901 964 952 994 per
964 954 1027 983 alias
1046 952 1280 987 conventiones,

221 1004 318 1035 Ciufis
333 1002 377 1032 seu
396 1000 508 1030 Debitis
524 997 665 1027 Civilibus
679 993 907 1032 quibuscunque,
923 993 1153 1030 qualitercunque
1167 998 1282 1020 contra-

221 1044 274 1073 ctis
296 1042 340 1071 seu
366 1037 587 1075 emergentibus,
604 1033 768 1064 dummodo
791 1031 870 1062 Bona
893 1031 937 1061 seu
960 1030 1089 1061 Personae
1103 1029 1279 1059 Debitorum

223 1081 394 1118 reperiamur
410 1077 478 1107 infra
489 1073 722 1113 jurisdictionem
741 1070 941 1100 Admiralitatis
955 1069 1114 1107 praedkstae,
1130 1068 1208 1106 juxta
1222 1065 1278 1095 Le·

220 1129 268 1158 ges
284 1117 388 1148 nostras
404 1114 500 1145 civiles
517 1114 547 1142 ἃ
566 1111 737 1148 maritimas,
755 1119 787 1139 ac
805 1107 1032 1138 Consuetudines
1053 1106 1152 1137 Curiae
1175 1103 1279 1134 nostrae

219 1155 380 1194 principalis
400 1151 598 1184 Admiralitsitis
613 1149 717 1178 nostru:
734 1147 847 1184 Angliae
864 1146 1026 1184 praedictae,
1043 1146 1079 1175 ab
1092 1145 1212 1181 antiquo
1229 1142 1281 1172 ufi-

221 1203 306 1231 tatas,
325 1193 430 1222 realiter
450 1189 582 1220 arestandi
606 1189 639 1219 δε
659 1186 769 1217 arestari
790 1185 909 1216 faciendi
928 1185 961 1215 ὃς
973 1183 1140 1221 mandandi,
1157 1180 1280 1219 ipsasque

221 1235 254 1264 ἃ
280 1232 353 1269 ipsa,
369 1241 438 1261 cum
463 1229 513 1258 suis
539 1226 750 1261 emergentibus
767 1223 989 1262 dependentibus
1003 1222 1192 1252 incidentibus
1207 1229 1280 1249 con-

220 1280 298 1301 nexis
315 1272 347 1301 St
364 1269 475 1298 annexis
490 1266 585 1296 Cauiis
601 1267 631 1296 &c
649 1263 783 1302 Negotiis
799 1262 1028 1301 quibuscunque,
1042 1261 1121 1298 juxta
1138 1260 1232 1294 Leges
1246 1258 1279 1286 &

221 1308 448 1339 Consuetudines
463 1305 622 1343 praedistm,
640 1302 724 1340 aliisqg
738 1302 788 1331 viis
801 1300 892 1331 modis
908 1301 941 1330 &
964 1300 1063 1329 mediis
1085 1297 1222 1328 omnibus
1247 1295 1280 1324 &

223 1347 352 1385 singulis,
367 1346 470 1383 qustS
483 1344 573 1374 dietus
591 1345 708 1377 Magnus
722 1338 895 1370 Admirallus
907 1336 991 1376 noster
1008 1339 1040 1368 ὃς
1056 1334 1202 1374 Praesecfi‘us
1223 1335 1281 1376 ¹Ge-

223 1385 323 1417 neralis
339 1383 473 1415 Clailium
489 1383 521 1412 δε
536 1380 662 1410 Marium
678 1378 839 1408 nostrorum
855 1376 1056 1414 praedictorum
1073 1374 1172 1403 melius
1191 1371 1282 1402 serve-

223 1426 260 1455 rit
278 1433 325 1454 aut
339 1423 460 1461 poterit,
478 1419 608 1451 audiendi
622 1416 797 1449 examinandi
810 1413 972 1445 discutiendi
988 1423 1021 1443 ac
1037 1411 1092 1442 fine
1107 1411 1206 1442 debito
1228 1418 1283 1439 ter-

226 1462 370 1498 minandi,
384 1470 417 1491 ac
434 1459 564 1489 Personas
578 1457 755 1495 quascunque
768 1455 795 1482 in
812 1463 842 1482 ea
863 1461 952 1490 parte,
971 1459 1057 1488 prout
1078 1449 1153 1481 casus
1174 1450 1283 1486 exiget,

226 1511 326 1532 coram
341 1500 420 1530 dicto
435 1495 592 1527 Adm'rallo
606 1493 717 1530 Angliae
731 1492 775 1522 seu
789 1492 847 1529 ejus
864 1490 1010 1529 Deputato
1026 1488 1284 1528 quocunque,five

226 1539 375 1577 Deputatis
393 1537 620 1575 quibuscunque,
646 1539 812 1567 comparere
831 1529 863 1559 &
887 1529 1020 1565 rendere,
1047 1537 1117 1557 cum
1138 1526 1286 1564 cujuslibet

227 1577 390 1608 Coertionis
414 1574 588 1612 temporalis,
606 1579 638 1599 ac
660 1569 778 1606 cujusvis
797 1567 904 1598 alterius
926 1566 1028 1597 Poenae
1051 1566 1084 1596 &
1101 1564 1206 1595 Mulc‘ti
1228 1564 1286 1594 Po-

226 1617 340 1653 testate‚
354 1616 428 1652 juxta
448 1613 536 1649 Leges
552 1611 583 1639 &
599 1606 824 1637 Consuetudines
837 1605 1000 1643 praedictas,
1016 1602 1222 1641 compellendi,
1233 1602 1284 1641 Ju-

229 1655 333 1686 stitiam
349 1651 465 1683 faciendi
480 1651 512 1680 ὃ(
530 1645 724 1682 ministr-andi,
737 1643 812 1682 juri<
823 1643 923 1673 ordine
1026 1642 1072 1672 seu
1191 1641 1286 1671 levato

229 1694 287 1724 sine
301 1693 415 1759 strepsdtu
431 1690 463 1721 ἃ
479 1686 567 1726 figura
578 1685 595 1725 J
599 1684 700 1723 udicii,
717 1682 775 1716 solii
788 1681 856 1716 fasti
870 1681 903 1714 ὃς
919 1680 976 1714 Rei
997 1679 1123 1714 Veritate
1141 1678 1284 1719 inspeffia,

253 1731 374 1763 roceden
397 1741 420 1758 ι·

228 1742 250 1771 p
269 1770 396 1800 Necnon
411 1753 446 1797 {d
458 1763 675 1804 inquirendum,
693 1772 742 1801 per
758 1760 974 1792 Sacramentum
990 1760 1148 1799 proborum
1163 1759 1196 1791 δε
1210 1758 1286 1799 lega—

227 1809 298 1839 lium
318 1807 484 1837 Hominum
520 1813 578 1834 tam
593 1802 666 1833 infra
682 1802 836 1832 Libertates
852 1801 939 1838 quarn
952 1809 1042 1835 extra,
1059 1799 1094 1830 de
1109 1799 1242 1829 omnibus
1253 1799 1286 1829 δε

230 1846 345 1883 fingulis
362 1854 425 1884 quae
437 1827 549 1883 deJ'ure
571 1841 685 1872 Statutis
704 1839 939 1869 Ordinationibus
961 1838 1005 1869 vel
1027 1836 1289 1869 Consuetudinibus

227 1885 329 1915 Curiae
350 1882 455 1914 nostrae
477 1880 634 1920 principalis
654 1878 856 1910 Admiralitatis
875 1876 980 1908 nostrae
1005 1876 1116 1916 Angliae
1130 1874 1290 1914 praedictae,

227 1924 266 1955 ab
281 1924 400 1961 antiquo
413 1920 517 1958 inquiri
527 1918 615 1951 solent
628 1917 674 1949 vel
685 1916 838 1954 deberent,
857 1916 990 1953 Reosque
1005 1914 1291 1952 Contemptores,ac

226 1961 304 2002 juris
317 1963 350 1994 δε
365 1958 567 2001 Jurisdiffionis
579 1955 683 1987 nostrae
697 1954 841 1995 praeditstae
855 1953 1015 1985 Violatores
1028 1955 1062 1986 &
1083 1953 1290 1990 Usurpatores,

228 2001 438 2039 Delinquentes
453 1998 487 2030 &
503 1995 701 2027 Contumaces
715 1993 852 2024 Absentes
866 1992 1029 2024 Naucleros
1042 1991 1211 2022 Marinarios
1229 1991 1289 2022 Re-

230 2041 320 2079 miges
344 2038 495 2069 Piscatores
515 2035 692 2073 Naupegos,
710 2033 744 2065 ὅτ
763 2031 832 2062 alios
848 2031 988 2069 operarios
1002 2032 1035 2062 &
1052 2030 1192 2068 Expertos
1206 2040 1291 2068 quos-

229 2087 345 2116 cunque
359 2087 400 2108 res
411 2075 532 2107 nauticas
547 2072 726 2113 quascunque
738 2078 915 2108 exercentes,
932 2078 991 2100 tam
1005 2070 1078 2107 juxta
1094 2068 1293 2101 &secundum

232 2117 326 2154 Leges
338 2114 447 2146 nostras
458 2112 556 2145 civiles
571 2113 605 2143 &
622 2111 790 2147 maritimas,
809 2109 842 2140 &
859 2108 1060 2139 Ordinationes
1075 2109 1109 2140 ὅ(
1133 2106 1295 2138 Consuetu-

230 2155 311 2186 dines
328 2153 492 2194 praedictas,
517 2152 551 2183 &
572 2159 674 2181 eorum
694 2148 969 2216 Demetita‚e3uam
990 2148 1064 2184 iuxta
1084 2148 1118 2178 &
1136 2146 1293 2177 secundum

232 2194 341 2226 Statura
352 2192 444 2231 Regni
458 2190 545 2221 nostri
560 2189 672 2228 Angliae
685 2189 713 2217 in
729 2197 761 2218 ea
776 2195 853 2225 parte
902 2187 939 2217 ita
952 2186 986 2216 &
1008 2185 1136 2223 provisa,
1152 2184 1295 2216 mulCtan-

231 2233 302 2264 dum
323 2230 524 2270 corrigendum
543 2227 721 2266 puniendum
739 2223 933 2256 cast'oandum
954 2225 988 2256 &
1011 2223 1243 2261 reformandum,
1259 2233 1293 2254 ac

230 2273 264 2302 in
278 2269 491 2311 quibuscunque
506 2266 674 2297 Carceribus
688 2264 791 2295 nostris
837 2263 962 2294 aeredum
975 2262 1009 2293 &
1024 2262 1227 2293 Succefforum
1242 2272 1296 2292 no-

233 2310 357 2341 strorum
372 2309 536 2345 ubicunque
554 2306 687 2336 locorum
703 2303 774 2333 infra
791 2302 893 2341 Regna
906 2303 940 2333 δι
956 2300 1098 2332 Dominia
1113 2300 1208 2332 nostra
1223 2310 1295 2338 prae-

234 2349 329 2386 dista,
356 2345 588 2378 incarcerandum
606 2344 639 2375 ὃς
659 2342 826 2373 incarcerari
845 2340 1011 2371 faciendum
1027 2340 1060 2370 &
1079 2338 1292 2377 mandandum,

234 2386 480 2423 Incarceratosque
496 2382 681 2421 quoscunque
699 2381 748 2419 qui
765 2378 937 2410 deliberandi
956 2378 1058 2408 fuerint
1082 2377 1298 2409 deliberandum

236 2425 272 2494 ἒ(
298 2425 410 2464 penitus
436 2420 651 2454 exonerandum
681 2419 714 2451 &
746 2418 892 2450 exonerari
916 2416 1078 2448 faciendum
1103 2417 1137 2448 &
1162 2416 1299 2447 mandan-

259 2473 322 2494 um·

277 2503 296 2521 *²
315 2487 504 2537 Fluminaque
522 2497 620 2528 nostra
638 2496 767 2534 publica,
791 2494 913 2532 Portus,
937 2493 1049 2531 Rivos,
1065 2502 1100 2524 ac
1122 2492 1216 2532 Aquas
1236 2492 1300 2523 dul-

240 2550 305 2579 ces,
323 2549 355 2570 ac
370 2538 491 2575 Cretas,
513 2544 693 2575 quaecunque
707 2534 778 2564 infra
788 2532 1023 2601 ΙΙζιπίΐάἰὲἲίοῐκτῐῃ
1044 2531 1167 2561 nostram
1191 2533 1299 2562 mariti—

239 2588 336 2616 mam,
355 2577 522 2614 ubicunque
542 2575 674 2605 locorum
696 2572 766 2602 infra
819 2580 889 2610 egna
911 2572 943 2602 &
960 2570 1100 2601 Dominia
1116 2568 1210 2600 nostra
1225 2579 1299 2607 prae-

238 2618 314 2649 dieta
335 2614 497 2652 existentia,
516 2623 568 2651 pro
590 2611 806 2642 conservatione
828 2618 889 2640 tam
914 2609 1012 2639 Classis
1033 2608 1153 2645 nostrae,
1171 2618 1204 2638 ac
1217 2608 1299 2638 Clas-

239 2657 311 2688 fium
326 2655 358 2686 &
372 2653 565 2692 Navigiorum
582 2649 752 2689 Regnorum
767 2649 800 2679 δε
816 2647 1025 2678 Dominiorum
1044 2646 1209 2676 nostrorum
1228 2656 1300 2685 prae-

240 2695 405 2731 dictorum,
423 2693 507 2730 quam
530 2689 655 2720 Piscium
676 2689 706 2718 in
727 2687 830 2717 eisdem
856 2686 1032 2717 Fluminibus
1047 2687 1080 2717 ὃς
1097 2685 1183 2716 Locis
1199 2686 1300 2723 praedi-

240 2734 294 2765 etis
315 2731 501 2763 crescentium
521 2736 788 2766 quorumcumque,
805 2724 1007 2755 Ordinationes
1034 2724 1066 2754 &
1091 2724 1198 2754 Statuta
1220 2733 1300 2762 quae-

243 2781 371 2809 cumque
386 2771 414 2799 in
427 2779 458 2798 ea
478 2777 554 2807 parte
568 2767 642 2797 edita
656 2766 688 2796 &
703 2764 811 2803 provisa
824 2763 921 2794 debite
936 2762 1160 2793 conservandum
1175 2763 1208 2794 &
1228 2772 1300 2793 con-

240 2810 343 2841 servari
360 2811 393 2840 &
407 2807 509 2844 exequi
524 2805 704 2840 faciendum,
722 2801 1048 2839 Subconservatoresque
1060 2800 1253 2839 deputandum
1266 2802 1300 2832 &

243 2847 467 2885 assignandum,
493 2844 646 2881 omniaque
667 2842 719 2872 alia
740 2842 774 2871 &
801 2840 904 2879 fingula
925 2839 1091 2870 faciendum
1113 2840 1303 2870 exercendum

246 2885 454 2925 expediendum
475 2884 507 2914 &
528 2880 723 2920 exequendum
745 2881 774 2910 in
800 2878 950 2910 Prcemisfis
971 2879 1003 2909 ὃ(
1025 2888 1126 2908 eorum
1149 2878 1278 2916 quolibet
1295 2902 1306 2915 .,

245 2934 332 2966 prout
347 2923 458 2962 deJure
470 2945 478 2960 ,
492 2922 524 2953 ὃς
543 2920 697 2951 secundum
717 2918 810 2955 Leges
826 2917 932 2948 Statura
945 2916 978 2947 &
995 2915 1221 2948 Consuetudines
1234 2926 1306 2955 prae-

248 2964 325 2995 dieta
345 2963 448 2993 fuerint
464 2960 644 2996 faciendum,
663 2967 779 2987 necnon
794 2956 827 2985 ad
850 2955 938 2986 Retia
960 2955 1042 2985 nimis
1065 2954 1182 2993 Stricta,
1201 2956 1234 2986 &
1255 2955 1307 2985 alia

250 3001 369 3039 Ingenia
383 3001 437 3029 live
453 2998 641 3028 instrumenta
658 2997 749 3025 illicita
772 3004 968 3032 quaecunque‚
988 2994 1153 3032 ubicunque
1173 2995 1307 3025 locorum

249 3051 300 3080 per
314 3039 441 3069 Flumina
457 3036 570 3075 publica
604 3035 720 3069 Portus,
739 3033 832 3063 Rivos
846 3033 878 3061 &
895 3033 988 3070 Aquas
1009 3031 1118 3070 dulces,
1138 3032 1183 3062 seu
1203 3032 1309 3063 Crecas

251 3077 433 3118 quascunque
448 3097 457 3112 ‚
483 3074 555 3105 infra
595 3072 788 3102 urisdiffiones
808 3070 912 3101 nostras
936 3070 1087 3100 maritimas
1110 3070 1311 3101 Admiralitatis

252 3116 358 3149 nostrae
376 3114 535 3153 praedistae,
555 3121 603 3150 per
620 3112 730 3152 Aquam
747 3118 887 3147 occupata
902 3108 957 3139 five
977 3109 1146 3146 occupanda
1168 3109 1215 3139 vel
1235 3118 1312 3139 exer-

254 3158 337 3187 citata
353 3154 408 3185 five
425 3152 592 3187 exercenda,
603 3149 635 3179 &
650 3148 854 3179 Exercitatores
870 3148 903 3177 ὃς
917 3146 1116 3183 Occupatores
1129 3147 1312 3186 eorumdem,

254 3195 333 3239 juxta
348 3192 423 3223 dieta
438 3190 543 3221 Statura
554 3190 587 3220 ὃ(
600 3187 798 3217 Ordinationes
815 3185 910 3223 Regni
925 3185 1013 3215 nostri
1032 3185 1144 3223 Angliae
1167 3184 1292 3223 praedieti
1303 3208 1313 3224 ,

255 3243 287 3264 m
304 3231 478 3301 cqintrarium
496 3228 568 3258 edita
582 3228 615 3259 δε
629 3224 756 3265 provisa,
773 3224 947 3263 puniendum
964 3224 1166 3262 corrigendum
1181 3224 1215 3255 δε
1227 3223 1316 3254 refor-

257 3280 326 3303 man
350 3279 414 3300 um·

299 3310 396 3346 Atque
408 3293 519 3346 'insuper
531 3327 541 3343 ,
559 3312 617 3335 tam
631 3303 731 3333 Naves
747 3302 780 3333 &
797 3299 955 3331 Naviculas
966 3301 1106 3339 guerrinas
1116 3323 1126 3338 ‚
1138 3302 1225 3339 quarn
1240 3300 1319 3339 quas-

259 3357 388 3385 cumque
410 3347 471 3376 alias
497 3344 596 3375 Naves
618 3343 650 3373 ὃ(
670 3339 825 3371 Naviculas
840 3362 850 3377 ,
877 3339 922 3369 seu
945 3339 1013 3369 Vasa
1038 3349 1217 3377 quaecunque
1231 3363 1242 3377 ,
1265 3350 1320 3377 pro

261 3387 478 3425 quibuscunque
490 3382 595 3421 Viagiis
609 3381 639 3410 ὅ(
658 3379 796 3416 Negotiis
809 3376 911 3408 nostris
925 3377 1083 3408 Haeredum
1105 3378 1150 3408 vel
1172 3378 1323 3408 Succello-

263 3435 327 3455 rum
345 3423 527 3459 nostrorum,
545 3420 591 3450 vel
602 3418 835 3456 Expeditionibus
848 3416 1016 3446 eorumdem
1027 3440 1036 3452 ‚
1056 3425 1170 3446 necnon
1192 3416 1324 3454 Navige-

265 3473 311 3493 ros
323 3486 331 3500 ,
349 3461 459 3491 Nautas
475 3461 519 3491 seu
533 3459 653 3495 Pilutas,
668 3456 798 3487 Navium
822 3454 991 3494 Magistros,
1011 3454 1193 3493 Naucleros,
1213 3453 1325 3484 Vibrel-

264 3500 369 3531 latores
390 3501 444 3530 five
462 3496 679 3529 Bombardarios
697 3496 730 3526 δί
757 3493 941 3531 Marinarios,
959 3494 990 3524 ἃ
1012 3493 1073 3523 alias
1098 3492 1230 3523 Personas
1243 3503 1324 3531 quas-

270 3548 396 3574 cumque
417 3548 470 3575 pro
491 3536 625 3566 Navibus
650 3534 682 3565 &
707 3532 858 3563 Naviculis
882 3532 927 3562 seu
943 3531 1059 3562 Vafibus
1074 3531 1233 3569 hujusmodi
1246 3540 1325 3569 aptos

271 3576 305 3607 &
330 3577 463 3612 idoneos,
480 3575 516 3606 de
539 3583 668 3610 tempore
688 3573 716 3601 in
737 3580 861 3608 tempus,
878 3572 984 3608 quoties
1004 3569 1114 3600 necesse
1137 3569 1237 3607 fuerit,
1263 3570 1326 3600 ubi-

271 3623 397 3651 cumque
410 3615 542 3643 locorum
557 3612 631 3652 infra
646 3610 750 3647 Regna
766 3610 798 3639 &
813 3608 954 3639 Dominia
969 3608 1062 3638 nostra
1082 3608 1234 3646 praedicta,
1257 3608 1329 3639 infra

274 3652 431 3683 Libertates
450 3653 482 3682 &
504 3660 595 3687 extra,
621 3647 851 3687 congregandum
876 3647 1057 3685 deligendum
1080 3646 1258 3676 retinendum
1282 3657 1330 3677 ca-

273 3690 411 3728 piendum
429 3689 616 3720 arrcstandum
630 3686 824 3725 deputandum
838 3686 870 3715 &
886 3685 1100 3722 assignandum,
1119 3684 1221 3722 absque
1244 3685 1330 3715 inter-

274 3729 405 3765 ruptione
418 3727 473 3757 sive
487 3727 708 3764 impedimento,
727 3734 775 3763 per
787 3733 996 3762 quemcumque
1008 3724 1095 3754 aliurn
1111 3724 1139 3753 in
1156 3724 1330 3753 contrarium

275 3766 419 3801 fiendum,
444 3775 511 3797 cum
538 3767 617 3801 piem
632 3764 832 3802 jurisdictione
853 3763 885 3792 ὃς
910 3762 1050 3793 Potestate
1073 3760 1110 3791 ad
1129 3761 1329 3798 exequendum

279 3805 376 3833 omnia
399 3805 431 3833 δε
460 3803 562 3839 singula
585 3805 635 3832 aia
661 3811 724 3839 quse
748 3802 777 3831 in
791 3811 822 3830 ea
839 3809 914 3835 parte
929 3811 977 3838 per
993 3803 1126 3836 Magnum
1140 3800 1330 3829 Admirallum

279 3840 408 3881 nostrutn
426 3842 457 3870 &
473 3841 632 3878 Praefet‘i'um
648 3839 806 3869 Generalem
821 3838 960 3869 Claffium
976 3840 1008 3869 &
1019 3838 1147 3868 Marium
1164 3837 1329 3868 nostrorum

278 3880 480 3917 prs-dictorum
491 3901 500 3915 ,
519 3878 575 3908 fieri
590 3878 691 3916 possint
708 3879 813 3907 debent
830 3877 875 3907 vel
890 3878 978 3907 solent
989 3877 1131 3914 expediri,
1149 3876 1193 3905 vel
1218 3877 1330 3907 necesse

279 3918 379 3956 fuerit,
397 3917 602 3954 expediendum
616 3917 671 3947 sive
686 3915 900 3954 exequendum,
915 3925 948 3947 ac
962 3924 1048 3956 prout
1063 3917 1167 3953 Magno
1181 3914 1331 3946 Admiral-

658 60 1465 110 coNvENTioNES‚

1003 150 1177 187 singulorum
1191 157 1266 185 quae,
1303 145 1327 174 Io
1342 144 1440 175 nostro
1460 144 1588 181 Angfine,
1607 145 1639 174 ὃς
1656 140 1787 186 Praefejrffo
1803 141 1941 173 Classium
1955 142 1987 173 δε
2007 141 2133 184 Marium
2159 140 2363 180 praedid'torum
2378 136 2454 168 Ann.
2467 135 2510 170 D,

1523 55 1920 104 L1TERAE,

2064 203 2076 209 ,t
2087 188 2130 209 l‘lt.

1342 219 1544 250 Concefi'imus
1562 228 1711 256 prieterea,
1731 229 1762 247 ac
1781 218 1815 248 de
1831 218 1932 249 Gratia
1947 219 2037 248 nostra

1304 259 1430 289 Scientia
1445 260 1477 288 ὃς
1492 267 1574 287 mero
1589 256 1679 286 Motu
1695 256 1813 294 nostris,
1831 257 1960 287 dedimus
1975 257 2007 287 ἃ
2031 253 2220 287 concessimus
2231 278 2241 293 ,
2258 265 2291 285 ac
2317 264 2366 291 per

1306 297 1459 327 praesentes
1470 318 1478 333 ,
1498 305 1550 332 pro
1568 295 1668 324 Nobis
1682 294 1850 325 Haeredibus
1867 296 1899 325 &
1913 294 2125 325 Successonbzis
2139 293 2366 331 nostris-,damus

1306 338 1338 366 ὃς
1363 337 1548 365 concedimus
1569 333 1659 362 eidem
1680 332 1832 361 Marchtam'
1854 333 1942 362 Bucks
1964 337 2065 370 Magno
2082 331 2240 363 ..admirallo
2262 330 2363 361 nostro

1308 373 1420 414 Angli-J:
1435 375 1467 403 ὃ(
1484 369 1616 412 Praefec'lq
1630 369 1758 399 Generali
1771 370 1907 400 Ciaffium
1920 371 1952 400 &
1971 371 2097 400 Marium
2115 371 2277 402 nostrorum
2295 379 2366 407 prae-

1306 412 1469 448 diciorum,
1487 420 1516 440 ut
1531 409 1689 446 hujusmodi
1707 407 1819 438 Officio
1843 410 1941 445 Magni
1966 408 2121 438 Admiralli
2142 409 2229 440 nostri
2254 408 2366 446 Angliae

1307 451 1340 480 &
1360 447 1488 488 Praefeaezi
1508 447 1649 478 Generalis
1674 446 1811 477 Ciaffium
1835 447 1868 476 δε
1896 445 2021 476 Marium
2039 447 2201 478 nostrorum
2215 448 2368 485 praedicizo-

1309 497 1391 522 rum,
1412 497 1442 518 ut
1457 489 1552 517 omnia
1567 488 1599 517 &
1617 484 1725 522 lingula
1741 485 1835 514 eidem
1853 483 1965 513 Officio
1978 485 2140 523 pertinentia
2153 487 2186 516 &
2204 486 2367 524 spectantia,

1309 535 1359 563 per
1375 525 1477 564 Regna
1491 526 1523 556 ὅ(
1541 524 1679 554 Dominia
1696 522 1790 553 nostra
1805 522 1938 560 praedicta
1954 522 1988 552 &
2003 523 2150 559 quodlibet
2169 533 2286 561 eorum,
2305 534 2369 556 me-

1309 565 1360 594 lius
1375 565 1408 595 ὃς
1425 563 1609 594 commodius
1625 563 1724 598 exequi
1739 563 1772 592 δε
1791 561 1957 598 perimplere
1972 561 2061 591 valeat
2083 562 2117 591 &
2141 561 2239 600 poffir,
2256 565 2368 601 plenam

1310 602 1538 633 Aueihoriratem
1555 602 1589 632 &
1605 600 1795 636 Potestatem,
1813 601 1921 636 quoties
1933 608 2006 636 opus
2029 599 2063 629 &
2085 599 2197 629 neceffe
2214 600 2316 639 fuerit,
2332 602 2369 632 ad

1310 641 1521 671 nominandum
1541 638 1756 678 praeficiendum
1779 637 1968 669 ordinandum
1987 636 2182 677 affignandum
2204 637 2369 672 faciendum

1311 681 1345 712 &
1360 678 1592 710 constituendum
1608 677 1872 707 Locumtenentem
1886 675 1942 707 five
1960 675 2219 714 Locumtenentes,
2235 675 2369 714 judicem

1310 717 1368 749 five
1381 717 1512 756 Judices,
1530 715 1778 746 Viceadrnirallum
1793 714 1850 746 five
1864 713 2114 752 Viceadmirallos,
2129 712 2369 748 Commissarium

1309 756 1366 788 five
1389 754 1624 793 Commiffarios,
1650 752 1852 784 Praefidentem
1872 752 1929 783 five
1949 752 2147 791 Praefidentes‚
2176 752 2223 783 Re
2244 752 2370 785 isteriutn

1312 795 1370 826 five
1391 794 1583 832 Registerios,
1601 802 1633 823 ac
1653 801 1755 822 omnes
1779 792 1810 822 &
1833 791 2023 822 omnimodos
2042 791 2207 821 Officiarios
2261 792 2372 824 inistros

1311 833 1363 864 sub
1376 833 1402 864 se
1417 832 1587 864 necessarios
1600 831 1717 862 idoneos
1730 831 1763 861 &
1777 837 1935 868 oportunus
1949 829 2091 867 praedietis
2101 829 2216 860 Officiis
2228 830 2372 862 &eorum

1312 872 1409 910 alteri,
1426 873 1458 903 &
1473 871 1606 901 exercitio
1618 868 1790 900 eorumdem
1804 867 1848 898 vel
1865 877 1965 898 eorum
1986 868 2113 907 alterius,
2128 869 2158 898 in
2177 869 2249 900 locis
2272 870 2375 906 praedi-

1314 911 1384 948 etis,
1399 909 1561 941 exercendis
1576 918 1629 946 pro
1644 907 1767 938 termino
1782 905 1859 937 Vitae
1873 905 2021 945 cujussibet
2037 905 2225 938 officiarii&
2244 907 2374 938 Ministri

1314 948 1475 988 hujusmodi
1488 947 1651 983 duraturos,
1665 945 1859 983 deputandum
1875 945 1909 976 &
1922 944 2149 983 praeficiendum,
2166 945 2211 977 vel
2227 946 2262 977 ad
2281 946 2372 978 Bene-

1315 988 1449 1026 placitum
1473 986 1544 1016 dieti
1565 987 1664 1021 Magni
1685 982 1839 1014 Admiralli
1859 981 1946 1012 nostri
1965 982 2078 1020 Angliae
2094 983 2220 1021 praediciti
2235 985 2373 1023 deputan-

1313 1026 1383 1056 dum
1399 1026 1431 1056 ὃς
1447 1023 1655 1063 assignandum,
1672 1022 1706 1053 ad
1721 1022 1821 1052 omnia
1831 1022 1865 1053 &
1882 1020 1985 1060 singula
1998 1021 2143 1053 Praemiffa
2162 1024 2229 1054 vice
2249 1024 2283 1055 &
2304 1024 2373 1054 loco

1314 1065 1364 1095 suo
1377 1064 1504 1094 facienda
1518 1063 1551 1092 &
1566 1060 1757 1098 expedienda3

1353 1102 1518 1139 Statutaque
1535 1100 1566 1130 &
1582 1099 1783 1129 Ordinationes
1798 1096 1990 1136 quascumque
2004 1098 2033 1128 in
2046 1097 2160 1130 Officio
2177 1098 2374 1132 Admiralitatis

1317 1140 1462 1179 praediChe
1477 1137 1652 1168 statuendum
1669 1139 1701 1168 &
1718 1135 1902 1167 condendum
1928 1137 2060 1175 quotiens
2078 1147 2150 1175 opus
2170 1137 2267 1176 fuerit,
2284 1149 2317 1170 ac
2341 1150 2373 1170 ea

1316 1189 1380 1218 quae
1397 1179 1500 1208 fuerint
1515 1175 1689 1213 repellenda,
1705 1174 1914 1212 repellendum,

1355 1217 1486 1247 Necnon
1502 1214 1663 1251 hujusmodi
1677 1212 1842 1243 Officiarios
1858 1213 1891 1243 &
1911 1210 2060 1243 Ministros
2075 1214 2110 1245 &
2132 1222 2233 1245 eorum
2255 1215 2375 1252 quemli-

1317 1256 1382 1293 bet,
1400 1255 1436 1284 ab
1461 1252 1622 1290 hujusmodi
1641 1251 1756 1282 Officiis
1769 1251 1801 1282 &
1818 1250 1997 1281 Exercitione
2011 1251 2198 1290 eorumdem,
2209 1254 2288 1290 juxta
2301 1253 2378 1292 Juris

1316 1294 1350 1324 &
1374 1292 1530 1329 AEquitatis
1551 1291 1738 1329 exigentiam,
1757 1299 1790 1320 ac
1811 1288 1898 1319 dictae
1921 1289 2081 1327 principalis
2105 1291 2302 1322 Admiralitatis
2315 1292 2378 1323 An·-

1315 1331 1379 1370 gliae
1394 1330 1536 1369 praedietae
1553 1328 1787 1366 consuetudines,
1805 1337 1938 1358 amovere
1952 1327 1985 1357 &
1999 1327 2153 1368 expellere,
2173 1339 2206 1360 ac
2220 1330 2304 1360 alium
2320 1331 2379 1361 five

1317 1370 1386 1400 alios
1401 1378 1501 1399 eorum
1517 1368 1586 1398 loco
1602 1368 1657 1397 live
1673 1367 1741 1397 locis
1755 1365 1844 1396 modo
1859 1364 2004 1403 praemisso
2017 1366 2052 1396 ad
2067 1367 2125 1404 ejus
2147 1368 2377 1408 Beneplacitum,

1318 1408 1363 1439 vel
1386 1417 1438 1446 pro
1456 1407 1601 1438 Termino
1623 1405 1699 1436 Vitae
1724 1403 1886 1436 substituere
1910 1404 2039 1436 ordinare
2058 1405 2150 1437 facere
2172 1407 2206 1438 ὃ(
2227 1406 2361 1445 deputare

1321 1448 1433 1485 quoties
1445 1446 1534 1482 magis
1547 1443 1694 1482 expediens
1708 1443 1858 1474 videbitur.
2368 1432 2378 1446 '

2400 175 2486 206 1618.

2055 218 2177 256 macinii,
2194 228 2226 248 ac
2244 225 2278 247 ex
2292 224 2366 246 certa
2387 215 2509 253 16JacJ.

1359 1484 1378 1504 *²
1398 1484 1437 1516 Et
1455 1485 1579 1527 insuper,
1599 1483 1634 1513 de
1656 1482 1782 1525 uberiori.
1797 1481 1895 1512 Gratia
1917 1479 2010 1511 nostra
2034 1482 2168 1513 volumus
2186 1484 2220 1515 &
2233 1493 2282 1521 per
2299 1484 2378 1516 Prae-
2393 1478 2412 1499 ²¹⁵
2429 1479 2524 1508 XVH·

1320 1522 1408 1554 sentes
1421 1522 1625 1557 concedimus,
1643 1520 1721 1559 quod
1736 1519 1897 1557 hujusmodi
1911 1518 2052 1550 Officiarii
2067 1521 2100 1552 &
2117 1520 2245 1552 Ministri
2259 1524 2379 1555 habeant
2398 1527 2458 1553 ¹²9·

1323 1562 1356 1593 ὃ(
1371 1562 1525 1601 percipiant
1539 1561 1638 1590 omnia
1654 1560 1687 1589 ὃ(
1705 1558 1808 1597 singula
1830 1557 1916 1588 Vadia
1937 1557 2067 1588 Proficua
2088 1559 2182 1590 Feoda
2204 1561 2380 1594 Advantaoia

1322 1601 1356 1632 δε
1374 1600 1594 1631 commoditates
1607 1606 1800 1635 quaecumque
1817 1595 1921 1626 eisdem
1935 1595 2051 1627 Officiis
2065 1598 2099 1628 &
2120 1608 2220 1629 eorum
2244 1587 2364 1632 cuilibe’t

1318 1639 1396 1676 juxta
1403 1638 1645 1670 Consuetudinem
1664 1635 1760 1665 Curiae
1774 1634 1973 1664 Admiralitatis
1986 1634 2090 1666 nostrae
2105 1636 2216 1675 Angliae
2228 1623 2383 1674 praedietae’

1322 1678 1358 1707 ab
1382 1679 1500 1715 antiquo
1523 1676 1617 1706 debita
1635 1675 1667 1705 ὃ(
1691 1673 1840 1711 consueta,
1855 1672 1958 1711 absque
1981 1672 2132 1711 Compoto
2151 1676 2197 1706 seu
2210 1676 2306 1714 aliquo
2324 1663 2383 1708 alit}

1323 1714 1422 1746 Nobis
1443 1715 1613 1746 Haeredibus
1636 1712 1682 1744 vel
1696 1711 1907 1743 Succefforibus
1922 1710 2026 1743 nostris
2037 1712 2158 1751 proinde
2173 1714 2317 1746 reddendo
2327 1716 2382 1747 sol-

1324 1755 1420 1786 vendo
1437 1755 1483 1784 vel
1496 1753 1634 1784 faciendo.

1362 1793 1399 1824 Et
1425 1793 1539 1836 ulterius
1552 1814 1563 1830 ,
1588 1792 1625 1822 de
1654 1791 1780 1822 uberiori
1800 1790 1901 1822 Gratia
1921 1790 2016 1822 nostra
2037 1791 2171 1831 speciali,
2196 1802 2230 1825 ac
2249 1803 2284 1824 ex
2306 1801 2385 1825 certa

1325 1832 1450 1863 Scienua
1463 1832 1496 1863 &
1511 1839 1593 1861 mero
1609 1829 1698 1860 Motu
1712 1829 1835 1869 nostris,
1850 1839 1903 1867 pro
1919 1830 2002 1860 nobis
2018 1829 2188 1862 Haeredibus
2210 1833 2244 1864 ὃς
2264 1833 2386 1864 Succes-

1327 1871 1433 1902 soribus
1457 1869 1557 1900 nostris
1570 1891 1579 1906 ,
1606 1868 1704 1899 damus
1726 1869 1759 1900 &
1780 1868 1970 1899 concedimus
1992 1878 2040 1905 per
2064 1870 2210 1907 praesentes
2226 1893 2236 1909 ,
2266 1871 2386 1909 praefato

1328 1912 1439 1947 Georgio
1455 1907 1609 1938 Marchiom'
1625 1907 1714 1937 Bucks
1729 1909 1834 1944 Magno
1850 1905 2009 1937 Admirallo
2022 1908 2120 1938 nostro
2135 1908 2246 1947 Angliae
2259 1919 2292 1940 ac
2308 1912 2387 1940 Prae-

1322 1948 1400 1989 festo
1425 1946 1554 1977 Generali
1575 1945 1715 1976 classium
1734 1945 1767 1976 &
1787 1945 1916 1976 Marium
1933 1944 2098 1977 nostrorum
2115 1948 2336 1986 praediCtorum‚
2353 1949 2388 1980 &

1330 1988 1389 2025 ejus
1410 1985 1635 2018 Locumtenenti
1656 1984 1714 2015 five
1737 1983 2029 2023 Locumtenentibus,
2042 1984 2139 2024 Judici
2155 1985 2211 2017 five
2222 1985 2390 2026 judicibus,

1331 2025 1552 2058 Viceadmirallo
1565 2023 1621 2055 five
1639 2021 1873 2059 Viceadmirallis‚
1890 2022 2038 2061 Deputato
2052 2023 2098 2054 vel
2110 2023 2277 2064 Deputatis,
2295 2024 2392 2056 Corn-

1332 2064 1454 2096 missario
1467 2063 1524 2095 five
1537 2060 1763 2106 CommiffariiS,
1779 2060 1941 2092 Praefidenti
1956 2061 2013 2092 five
2027 2061 2261 2100 Praefidentibus,
2277 2063 2393 2101 plenam

1331 2102 1506 2135 Potestatem
1526 2099 1760 2144 Jurisdidtionem
1782 2101 1816 2131 &
1839 2099 2053 2131 Authoritatem
2076 2101 2104 2130 in
2119 2101 2281 2139 supradietis
2294 2101 2394 2132 Caufis

1332 2144 1366 2174 &
1391 2141 1440 2172 NV
1462 2142 1527 2172 otiis
1550 2138 1814 2182 LitibustQierelis
1831 2137 1956 2170 Delictis
1975 2138 2157 2170 Criminibus
2179 2139 2395 2171 Extortionibus

1334 2180 1441 2212 Malefa
1474 2181 1509 2218 is,
1530 2177 1731 2209 contractibus
1744 2175 1886 2209 Civilibus
1899 2178 1933 2209 &
1949 2176 2120 2216 Maritimis‚
2137 2188 2170 2209 ac
2186 2180 2295 2210 caeteris
2315 2179 2396 2210 Prae·

1333 2219 1435 2257 miffis,
1451 2219 1507 2249 una
1519 2226 1588 2249 curn
1601 2216 1734 2247 omnibus
1749 2217 1782 2248 &
1797 2215 1907 2255 singulis
1921 2215 1972 2246 suis
1985 2225 2063 2247 emer
2083 2216 2195 2247 entibus
2207 2217 2396 2249 incidentibus

1332 2259 1468 2290 connexis
1481 2255 1705 2293 dependentibus
1720 2254 1753 2285 &
1766 2255 1878 2285 annexis
1892 2252 1989 2284 Caufis
2002 2255 2035 2285 &
2088 2256 2188 2294 egotiis
2210 2256 2398 2295 quibuscum-

1353 2309 1403 2334 ue,
1419 2295 1612 2335 cognoscendi
1628 2295 1661 2325 &
1675 2293 1863 2331 procedendi,
1878 2294 1978 2331 easque
1991 2293 2024 2325 &
2042 2303 2074 2324 ea
2087 2293 2218 2325 audiendi
2232 2296 2394 2326 examinan-

1355 2338 1363 2367 i
1388 2335 1505 2366 finiendi
1526 2334 1559 2365 &
1581 2333 1768 2370 terminandi,
1786 2341 1819 2363 ac
1842 2331 1999 2362 Sententias
2012 2333 2044 2363 &
2061 2331 2186 2364 Decreta
2201 2341 2393 2372 quaecumque

1334 2377 1364 2407 in
1386 2384 1416 2404 ea
1436 2383 1513 2412 parte
1535 2370 1788 2410 pronunciandi&
1804 2370 2056 2408 promulgandi&
2074 2372 2288 2410 interponendi,
2307 2382 2395 2412 eaque

1334 2415 1497 2445 executioni
1515 2410 1705 2441 demandandi
1717 2419 1786 2440 curn
1801 2410 1968 2447 cognitione
1981 2409 2015 2439 &
2030 2408 2111 2446 plena
2119 2410 2314 2447 iurisdietione
2326 2420 2395 2449 qua-

1335 2460 1526 2489 rumcumque
1541 2451 1653 2480 aliarum
1668 2447 1825 2479 Causarum
1839 2447 1969 2478 civilium
1982 2448 2015 2478 δε
2031 2448 2233 2479 maritimarum
2245 2458 2309 2487 quae
2330 2449 2394 2480 sunt

1338 2490 1444 2527 Maris,
1463 2489 1509 2520 vel
1530 2497 1594 2526 quae
1617 2487 1699 2517 Mare
1720 2487 1765 2517 vel
1782 2487 1864 2517 maris
1878 2486 2068 2524 pertransitum
2083 2486 2140 2516 five
2153 2485 2328 2525 Paffagium,
2347 2495 2396 2518 aut

1335 2528 1391 2560 Iter
1406 2527 1503 2558 navale
1517 2526 1573 2557 five
1581 2527 1632 2558 Via
1655 2526 1715 2556 ium
1729 2524 1972 2562 maritimum,vel
1983 2523 2211 2563 Jurisdietionem
2225 2525 2398 2556 maritimam

1336 2566 1520 2605 supradiCtam
1535 2565 1623 2603 quovi
1637 2563 1727 2594 modo
1742 2571 1924 2594 concernunt
1938 2563 1983 2593 seu
1997 2561 2162 2600 respiciunt,
2179 2570 2226 2593 aut
2239 2562 2319 2602 super
2328 2563 2399 2595 Ma-

1336 2616 1366 2637 re
1382 2604 1557 2637 Fluminibus
1574 2602 1709 2641 publicis,
1726 2602 1770 2633 seu
1785 2601 1930 2638 portibus,
1948 2599 2048 2637 Rivis,
2065 2599 2156 2638 Aquis
2166 2600 2297 2632 dulcibus
2308 2601 2400 2639 ,Cre-

1337 2646 1378 2675 cis
1390 2643 1436 2675 vel
1453 2643 1540 2674 Locis
1558 2641 1696 2680 praedietis
1711 2639 1958 2678 qualitercumque
1969 2638 2096 2676 expedita
2108 2638 2152 2670 seu
2165 2639 2353 2679 expedienda,
2370 2651 2402 2671 e-

1339 2685 1406 2714 tiam
1420 2692 1488 2713 curn
1504 2680 1647 2713 Potestate
1660 2679 1694 2710 ad
1712 2676 1928 2716 procedendum
1941 2677 1972 2707 in
1994 2676 2116 2714 eisdem,
2131 2677 2211 2715 juxta
2232 2678 2322 2717 Leges
2345 2689 2400 2710 no-

1337 2721 1403 2752 stras
1427 2721 1524 2752 civiles
1539 2720 1572 2750 &
1587 2719 1739 2749 maritimas
1753 2726 1786 2748 ac
1801 2715 2026 2747 consuetudines
2042 2714 2139 2745 Curiae
2155 2715 2320 2755 Principalis
2338 2717 2401 2748 Ad-

1337 2760 1487 2791 miralitatis
1501 2757 1645 2797 praediffle
1658 2756 1693 2787 ab
1707 2756 1824 2794 antiquo
1837 2754 1958 2792 usitatas,
1975 2762 2035 2784 tam
2047 2762 2081 2784 ex
2095 2753 2208 2785 Officio
2222 2765 2304 2786 mero
2323 2757 2398 2786 mix-

1338 2807 1371 2830 to
1388 2799 1433 2830 vel
1448 2805 1605 2836 promoto,
1622 2796 1667 2827 seu
1681 2795 1715 2825 ad
1730 2794 1845 2832 alicujus
1856 2793 1944 2825 Partis
1964 2791 2126 2823 instantiam
2148 2802 2233 2831 prout
2250 2794 2326 2825 casus
2340 2796 2401 2826 exi-

1338 2845 1386 2877 get
1403 2838 1436 2868 &
1453 2835 1601 2875 expediens
1612 2834 1702 2866 visum
1716 2833 1809 2863 fuerit.

1380 2876 1521 2907 Volumus
1543 2875 1629 2905 etiam
1649 2883 1683 2904 ac
1704 2881 1754 2910 per
1777 2870 1923 2910 praesentes
1937 2893 1947 2909 ‚
1972 2880 2026 2909 pro
2049 2869 2150 2902 Nobis
2175 2871 2346 2903 Haeredibus
2367 2873 2401 2904 ὃς

1342 2915 1558 2947 Succefforibus
1580 2911 1701 2950 nostris,
1718 2910 1904 2941 concedimus
1923 2910 2004 2947 quod
2025 2910 2153 2948 praefatus
2178 2913 2305 2948 Georgius
2319 2914 2403 2942 Mar-

1345 2954 1400 2984 chio
1422 2953 1510 2983 Bucks
1531 2953 1651 2988 Magnus
1668 2949 1841 2980 Admirallus
1863 2948 1976 2986 Angliae
1993 2949 2027 2980 &
2044 2947 2194 2987 Praefebius
2209 2948 2348 2981 Claffium
2367 2950 2402 2981 δε

1346 2993 1474 3023 Marium
1489 2989 1651 3020 nostrorum
1667 2989 1888 3026 praedictorum,
1907 2988 1940 3018 &
1956 2986 2014 3025 ejus
2031 2986 2242 3018 Locumtenens
2263 2988 2320 3020 five
2341 2988 2402 3019 Lo-

1345 3038 1557 3066 cumtenentes‚
1572 3038 1605 3058 ac
1620 3028 1716 3058 caeteri
1729 3036 1830 3058 ornnes
1846 3024 1987 3055 Officiarii
2001 3025 2034 3055 ὃ(
2049 3024 2316 3064 Ministri,habeant
2323 3026 2404 3067 Cog-

1346 3071 1486 3100 nitionem
1500 3069 1533 3099 &
1548 3066 1734 3097 Decifionem
1751 3065 1787 3095 de
1801 3064 1931 3094 Wrecco
1948 3063 2038 3093 Maris
2053 3073 2098 3093 ma
2139 3074 2159 3094 o
2181 3064 2226 3095 seu
2249 3075 2353 3104 parvo,
2369 3074 2403 3096 ac

1347 3109 1383 3139 de
1400 3107 1499 3138 Morte
1516 3105 1734 3142 Submerfione,
1751 3104 1785 3134 δε
1802 3102 1870 3133 Visu
1887 3101 2055 3139 Corporum
2108 3110 2257 3134 ortuorum
2271 3113 2405 3142 quarum-

1349 3155 1474 3184 cumque
1486 3143 1673 3174 Personarum
1688 3143 1718 3171 in
1732 3141 1816 3172 Mare
1830 3140 1876 3172 vel
1889 3139 2066 3170 Fluminibus
2090 3140 2230 3180 Publicis,
2247 3142 2405 3178 Portubus,

1352 3185 1442 3223 Aquis
1457 3183 1585 3214 dulcibus
1595 3180 1640 3211 seu
1655 3179 1755 3210 Crecis
1766 3179 2009 3218 quibuscumque,
2027 3178 2096 3209 infra
2117 3179 2241 3210 Fluxum
2263 3180 2352 3210 Maris
2371 3180 2406 3211 &

1352 3223 1446 3260 Aquae
1465 3220 1610 3259 praedit‘ltae
1630 3218 1666 3249 ad
1687 3217 1892 3256 plenitudinem
1913 3227 1962 3254 per
1981 3217 2058 3248 dieta
2069 3217 2171 3255 Regna
2183 3218 2279 3249 nostra
2293 3218 2326 3249 &
2340 3216 2408 3247 Do·-

1358 3263 1434 3291 mina
1447 3259 1597 3298 praedfflta,
1614 3266 1648 3287 ac
1659 3256 1890 3295 jurisdictionem
1900 3256 2098 3287 Admiralitatis
2115 3256 2228 3295 Angliae
2253 3254 2412 3294 praedictae,

1356 3299 1601 3338 qualitercumque
1614 3295 1824 3326 interfed‘carum
1840 3295 1897 3325 five
1910 3294 2113 3325 submersarum
2122 3317 2132 3332 ‚
2149 3303 2196 3326 aut
2210 3292 2413 3325 interficienda-

1358 3348 1422 3369 rum
1445 3336 1501 3366 five
1521 3334 1809 3373 submergendarum,
1827 3332 2047 3364 murderatarum
2074 3333 2132 3364 five
2148 3331 2411 3371 murderandarum,

1359 3384 1405 3407 aut
1421 3375 1517 3413 aliquo
1531 3373 1586 3404 alio
1600 3372 1691 3402 modo
1706 3372 1814 3403 ibidem
1828 3372 1862 3402 ad
1876 3379 2000 3402 mortem
2014 3371 2243 3408 devenientium;

1395 3413 1528 3444 Necnon
1547 3421 1596 3450 per
1614 3410 1845 3449 jurisdictionem
1867 3409 2069 3441 Admiraliratis
2089 3408 2191 3439 nostrae
2205 3406 2346 3447 praedinae
2361 3418 2412 3438 cu-

1360 3452 1483 3484 stodiam
1505 3452 1539 3482 &
1563 3449 1806 3480 conservationem
1831 3449 2011 3479 Statutorum
2035 3447 2197 3478 nostrorum
2223 3445 2259 3476 de
2282 3446 2416 3477 Wrecco

1362 3490 1469 3528 Maris,
1484 3489 1517 3520 &
1534 3488 1571 3520 de
1585 3487 1696 3518 Officio
1708 3487 1911 3524 Coronatoris,
1929 3486 2019 3516 Annis
2032 3486 2115 3517 tertio
2129 3486 2163 3517 &
2178 3490 2278 3522 quarto
2293 3485 2418 3514 Edwar-

1361 3530 1389 3560 di
1405 3531 1508 3565 Primi,
1525 3536 1609 3565 atque
1625 3526 1801 3557 Statutorum
1814 3525 1849 3557 de
1862 3525 1947 3556 Bonis
1960 3523 2081 3562 spoliatis
2096 3524 2172 3561 super
2193 3521 2277 3552 Mare
2299 3524 2417 3554 venien-

1363 3569 1436 3598 tibus
1454 3568 1483 3596 in
1503 3567 1560 3596 hoc
1583 3564 1721 3602 Regnum
1742 3564 1874 3594 nostrum
1896 3562 2029 3600 Angliae,
2045 3563 2131 3591 Anno
2144 3560 2281 3591 vicesimo
2295 3560 2418 3599 septimo

1365 3605 1503 3636 Edwardi
1518 3607 1603 3633 Tertii
1617 3603 1859 3634 praedecessorum
1876 3601 2041 3632 nostrorum
2057 3598 2202 3637 quondam
2222 3598 2342 3636 Regum
2353 3599 2417 3630 An-

1383 3645 1428 3674 liae
1449 3643 1602 3680 respective
1620 3642 1763 3672 editorum
1787 3641 1821 3671 ὃς
1846 3639 2042 3679 provisorum,
2058 3645 2140 3674 atque
2154 3635 2362 3675 Cognitionem
2382 3639 2420 3669 de

1407 3682 1518 3713 ahemio
1534 3682 1563 3710 in
1576 3681 1646 3710 locis
1662 3679 1801 3718 praediffls
1815 3679 1884 3708 infra
1896 3678 2006 3708 fluxum
2022 3674 2110 3705 Maris
2123 3674 2156 3704 &
2171 3674 2264 3712 Aquae
2277 3676 2311 3706 ad
2331 3676 2421 3714 pleni-

1364 3721 1492 3752 tudinem
1508 3720 1710 3756 contingente,
1727 3727 1796 3748 cum
1812 3715 1948 3755 potestate
1959 3715 2043 3745 etiam
2057 3712 2192 3750 puniendi
2210 3713 2418 3752 Delinquentee

1365 3761 1394 3790 in
1419 3769 1451 3789 ea
1474 3767 1549 3795 parte
1568 3757 1762 3796 quoscumque
1778 3756 1856 3793 juxta
1868 3753 1942 3792 Juris
1955 3751 2137 3793 exigentiam,
2153 3751 2187 3783 ὃς
2201 3750 2301 3783 Curiae
2313 3752 2420 3785 ηοω-κ

1369 3797 1570 3828 Admiralitatis
1584 3795 1699 3832 Angliae
1715 3794 1857 3832 praedictae
1870 3788 2112 3821 Consuetudines:

1403 3835 1449 3865 Eo
1467 3834 1546 3872 quod
1561 3833 1685 3872 express'a
1700 3833 1808 3862 mentio
1822 3830 1857 3860 de
1872 3838 1942 3859 vero
1960 3827 2064 3857 Valore
2078 3837 2192 3865 annuo,
2206 3829 2252 3860 vel
2277 3829 2420 3861 certitudi-

1367 3884 1404 3904 ne
1421 3873 1634 3903 Praemifforum
1647 3872 1693 3902 seu
1706 3879 1808 3901 eorum
1823 3868 1954 3904 alicujus,
1971 3874 2018 3896 aut
2031 3865 2066 3895 de
2081 3867 2137 3896 aliis
2152 3866 2248 3898 Donis
2260 3867 2317 3898 five
2335 3868 2421 3898 Con-

1365 3911 1534 3945 ceffionibus
1555 3921 1604 3950 per
1626 3910 1716 3948 Nos,
1732 3909 1778 3940 seu
1801 3916 1851 3946 per
1869 3906 1993 3944 aliquem
2017 3903 2238 3944 Progenitorum
2252 3906 2301 3938 vel
2311 3906 2423 3976 Prffle·

2335 3954 2353 3977 c
2393 3953 2428 3974 o-
