2557 4279
717 222 752 263 E
785 222 826 263 3?
910 222 949 261 li
993 221 1032 262 (3
1073 219 1187 261 T'iA

0 322 75 355 Am.
86 317 129 349 D.
152 316 298 354 impetrata
313 317 445 342 renovata
460 309 493 340 &
507 308 543 339 de
569 316 650 339 novo
669 308 804 339 conceffa
828 308 879 340 illis
901 309 1035 347 fuerunt,
1053 306 1207 339 ostendunt

18 360 100 392 1602.

0 410 36 435 44.
45 399 103 426 Eliz.
109 419 115 426 .

0 441 53 474 fleg.
74 463 75 466 ,

13 2674 124 2703 *XVL

16 2723 82 2750 ue

146 360 242 387 autem
257 352 301 386 illa
317 349 390 380 Aeta
406 347 561 378 Foederum
579 357 612 378 ac
631 347 789 378 Padiorum
806 347 870 378 satis
885 348 962 379 clare
983 349 1016 379 &
1041 347 1207 387 perspicue,

144 392 223 433 qued
244 389 353 429 quoties
377 386 489 417 Subditi
510 386 626 424 Anglici
650 395 750 417 contra
780 385 1006 425 Privilegiorum
1030 386 1205 424 praescriptas

145 435 235 470 Leges
249 430 282 460 &
297 426 489 458 Conditiones
511 424 667 462 peccarunt
694 425 868 463 (peccarunt
888 435 984 457 autern
1013 423 1203 464 frequentissi-

144 470 209 506 me)
228 469 309 498 toties
323 477 339 496 a
353 464 484 502 Regibus
498 462 617 494 Danicis
632 463 782 503 Privilegia
799 465 856 503 ipsa
872 465 923 495 illis
944 466 1074 502 abrogata
1095 464 1129 494 &
1146 462 1210 506 sub-

145 511 198 542 lata
212 505 313 543 fuisse,
330 514 412 543 atque
429 512 491 534 turn
505 503 542 533 ab
557 502 608 533 illis
625 502 818 534 Piscationum
841 504 873 534 &
893 503 1124 541 Navigationum
1148 501 1211 532 Pri-

149 546 259 582 vilegiis
278 544 339 581 ipsis
361 542 565 574 abstinendum
579 542 633 572 fuit
648 541 742 572 donec
757 552 789 572 ea
802 542 838 571 de
853 551 944 580 nov0,
961 551 1010 581 per
1030 540 1148 580 Regum
1162 539 1212 570 In-

149 583 342 620 terceffiones,
366 581 429 618 ipfis
444 580 565 610 vicissim
577 581 720 619 impetrata
736 581 768 610 &
785 579 890 610 indulta
913 580 1002 610 effent
1018 591 1028 617 3
1047 588 1141 610 exrant
1162 589 1210 609 au-

150 633 210 655 tem
225 623 252 652 in
273 621 408 659 praedieta
427 622 503 649 Erici
519 622 620 649 Daniae
635 619 668 649 &
680 621 794 648 Henrici
807 618 919 656 Angliae
933 621 1034 655 Regum
1047 618 1210 649 Confoede-

148 663 256 694 ratione
269 661 304 690 de
320 660 409 690 Anno
425 658 570 698 Millefimo
589 655 848 699 quadringentefimo
869 656 1000 697 trigesimo
1015 656 1130 695 secundo
1145 658 1209 688 haec

147 699 272 739 expressa
293 700 326 731 ὃς
348 697 474 728 formalia
494 697 594 732 verba,

189 742 321 768 Caveant
335 736 506 766 nihilominus
520 732 625 764 omnin&
641 735 810 763 Mercatores
828 732 866 767 (ᾤ’
881 732 931 762 alii
942 736 1090 774 quitunque
1110 737 1208 763 Homi-

152 789 199 810 nes
213 776 250 812 &¹
265 776 372 806 Subdiu·
385 778 462 812 Regis
481 771 609 810 Angliae,
637 771 671 800 ne
692 772 724 801 de
746 779 840 801 caetero
853 795 863 811 ,
882 770 937 810 fich
958 774 1045 801 Poena
1066 773 1209 811 amiffionis

153 819 230 847 Vitae
244 814 282 851 ό·
297 819 441 851 Bonorum,
459 811 574 851 vifitare
582 809 753 849 praefiimant
764 814 862 840 Terras
876 809 1000 840 lssandiae
1018 810 1042 839 F
1043 812 1207 841 inmarchirt:

153 855 369 893 Halgalandiae,
381 853 430 893 seu
443 849 513 881 alias
528 849 695 891 quaftunque
709 854 807 880 Terras
814 848 970 886 prohibitas
985 855 1035 878 aut
1059 851 1158 879 Portus
1172 850 1206 879 zl-

152 894 251 932 legales
265 898 294 923 in
308 895 405 930 Regnis
419 892 519 920 Dam‘ae
532 891 630 918 Sueciae
642 887 680 922 όν
695 890 859 926 Norvagiae,
877 887 939 922 &aa

191 933 291 964 Simile
306 939 420 970 quoque
440 927 481 958 est
502 928 532 956 in
556 926 814 958 Confoederatione
836 928 909 957 inter
928 926 1122 967 Chrssiernum
1143 929 1209 956 Pri-

154 983 224 1002 mum
237 973 339 1001 Daniae
353 970 387 1000 ὃς
400 969 549 997 Henricum
565 964 678 1002 Angliae
692 964 730 1000 &¹
744 968 868 996 Franciae
881 968 963 1004 Reges
982 968 1018 997 de
1033 966 1125 997 Anno
1147 970 1208 995 Mi-

153 1010 238 1052 lefimo
250 1004 502 1050 quadringentesimo
516 1015 584 1034 nono
597 1004 651 1034 hiis
666 1005 759 1035 verbis
769 1027 779 1043 ,

191 1048 205 1079 Ι
215 1055 237 1077 Τ
249 1057 267 1077 E
276 1054 303 1076 M
311 1069 321 1084 ,
339 1048 507 1074 Mercatores
520 1042 670 1080 Anglicani
695 1042 793 1082 stante
804 1043 852 1074 illo
866 1046 989 1075 Termino
998 1067 1006 1083 ,
1022 1056 1077 1075 non
1090 1043 1207 1074 debeant

154 1085 247 1124 verfics
258 1083 405 1114 lssandiam
421 1081 639 1120 Halgalandiam
655 1066 694 1116 ὦ
717 1082 928 1113 Finmarchiam
953 1084 1043 1122 (unde
1056 1084 1207 1122 praesentes

153 1123 297 1164 Disc'ordiae
306 1131 356 1161 pro
370 1124 492 1151 maxima
501 1121 790 1159 partefitrrexerunt)
813 1126 950 1159 navigare
956 1122 1008 1162 seu
1021 1125 1119 1164 quovis
1135 1132 1209 1163 quae-

144 1163 198 1205 fito
214 1161 297 1191 colore
310 1161 374 1191 illuc
387 1159 540 1195 declinare,
547 1159 610 1199 sine
625 1159 785 1197 Serenrffimi
805 1159 894 1199 Regis
913 1161 947 1191 N
950 1162 1090 1200 owagiae,
1115 1168 1166 1190 aut
1180 1172 1207 1189 e-

145 1202 193 1239 jus
206 1199 396 1240 Officialisseu
412 1197 577 1235 Officialium
592 1197 632 1227 ad
644 1197 699 1227 haec
706 1197 867 1236 specialiter
889 1199 1012 1238 deputati
1028 1200 1075 1238 seu
1095 1199 1208 1238 deputa-

152 1248 257 1279 torum,
276 1242 406 1270 Licentia
412 1236 540 1277 speciali,
550 1236 580 1275 fi
592 1239 650 1278 quis
663 1236 772 1266 illorum
786 1238 925 1278 oppositum
938 1238 1054 1278 fecerit,
1068 1238 1129 1268 luat
1150 1241 1207 1268 De-

151 1279 243 1310 litium
249 1278 329 1318 ficum
335 1276 485 1318 secundiani
497 1275 664 1316 Justittam,
684 1275 782 1316 absque
798 1280 827 1307 V
826 1276 957 1307 dolatione
973 1284 1211 1318 praenarratorum

153 1317 341 1348 Articulorum
354 1315 490 1356 e’yufinodi.

194 1358 276 1389 Plura
292 1363 384 1386 eirtant
398 1356 427 1384 in
443 1354 620 1393 sequentibus
635 1352 809 1389 reliquorum
830 1354 946 1394 Regum
965 1353 1060 1386 Paetis
1082 1355 1115 1386 &
1140 1355 1212 1386 Foe-

153 1396 284 1433 deribns,
302 1404 383 1433 quae,
403 1393 472 1422 cum
491 1395 630 1422 Serenitas
644 1391 738 1430 vestra
751 1392 808 1430 ipsa
825 1403 940 1432 quoque
955 1393 984 1424 in
1008 1393 1140 1425 Archivis
1159 1393 1212 1424 suis

153 1433 274 1472 habeat,
297 1433 536 1470 supervacaneum
558 1431 632 1460 foret
653 1430 701 1460 hic
721 1431 823 1461 omnia
845 1441 968 1471 repetere
991 1443 1024 1463 ac
1050 1432 1211 1471 recensere,

152 1471 266 1502 constat
280 1481 374 1502 aurem
390 1470 455 1501 inde
468 1469 580 1506 Regibus
602 1471 706 1498 Daniae
727 1470 883 1506 Norvagiae
910 1471 1018 1509 semper
1036 1481 1097 1510 n9n
1120 1471 1214 1502 minus

152 1510 263 1540 licuisse
279 1510 428 1548 prohibere
444 1510 530 1546 quam
546 1507 707 1541 concedere
719 1506 892 1539 piscationes
908 1510 941 1541 &
956 1508 1167 1547 Navigationes
1181 1511 1211 1540 in

153 1549 204 1579 illo
218 1551 297 1578 Mari
312 1547 421 1577 Boreali
435 1546 567 1586 Iflandico
582 1546 614 1576 ὅ(
628 1546 805 1584 Norvagico,
825 1548 858 1578 &
873 1548 952 1586 quod
969 1547 1039 1578 Nos
1052 1548 1213 1578 secundam

156 1588 312 1626 expressam
327 1587 441 1616 illorum
455 1585 610 1615 Paetorum
625 1585 658 1615 &
678 1584 834 1614 Foederum
850 1585 1080 1624 dispositionem,
1097 1597 1157 1616 non
1169 1587 1213 1616 so-

155 1626 218 1656 lum
236 1624 380 1664 Hullenses
402 1622 470 1654 istos
489 1622 624 1653 Navibus
643 1632 677 1652 ac
705 1621 792 1653 Bonis
805 1645 816 1661 ,
837 1623 882 1653 sed
909 1626 943 1656 ὃς
964 1623 1032 1655 Vita
1059 1624 1119 1664 ips&⁴
1140 1625 1215 1656 mul-

154 1664 233 1733 }tasrie
253 1665 287 1695 ὃς
309 1666 420 1702 privare
434 1661 497 1700 jure
516 1660 702 1700 potuissemus
718 1684 728 1698 ‚
749 1661 799 1691 nifi
818 1661 883 1699 ipslS
906 1663 1057 1694 liberaliter
1075 1665 1217 1701 parcitum

169 1713 195 1734 ui
221 1710 273 1732 et.-

193 1741 249 1772 Sed
261 1748 298 1777 ,ut
314 1748 408 1772 vetera
422 1739 580 1777 mittamus,
596 1737 740 1777 prohibita
757 1747 874 1777 quoque
887 1749 903 1769 a
918 1739 1095 1771 sereniffimo
1111 1750 1144 1771 ac
1168 1741 1218 1771 de-

155 1778 361 1817 fideratiffimo,
377 1778 483 1809 inclitae
500 1777 675 1815 Memoriae‚
694 1776 811 1808 Parente
833 1778 934 1808 nostro
961 1779 1097 1810 Domino
1116 1780 1217 1809 Frede-

155 1822 210 1848 rico
222 1818 356 1855 Secundo,
373 1817 517 1847 multoties
530 1816 689 1855 Navigatio
703 1815 768 1853 ista,
787 1817 846 1846 tam
864 1827 914 1855 per
929 1817 1099 1856 Legationes
1118 1818 1215 1849 diver-

156 1857 213 1895 saS,
230 1858 314 1896 quam
330 1856 454 1893 Literas,
474 1855 576 1893 quibus
588 1857 727 1884 Serenitas
747 1854 841 1895 vestra
864 1856 1010 1894 aliquoties
1034 1857 1169 1896 rescripfit
1187 1857 1215 1888 se

158 1895 300 1928 faecuram
315 1903 344 1925 ut
361 1893 475 1925 Subditi
489 1894 529 1924 sui
546 1893 746 1932 Navigationis
761 1895 794 1925 &
807 1893 974 1926 Piscationis
991 1895 1150 1927 Licentiam
1166 1906 1215 1934 pe—

157 1943 260 1965 terent:
281 1933 374 1972 Qiod
386 1941 481 1963 autem
496 1933 577 1962 licuit
593 1931 754 1971 Majoribus
767 1931 812 1962 seu
829 1932 1086 1965 Praedecefforibus
1101 1934 1216 1974 nostris,

156 1973 186 2007 id
200 1975 233 2005 &
250 1972 392 2012 Exemplo
410 1971 596 2009 eorumdem,
613 1972 646 2002 &
666 1970 733 2008 Jure
757 1981 873 2010 quoque
898 1972 1014 2011 nostro,
1039 1974 1122 2004 nobis
1144 1974 1213 2005 item

159 2013 245 2043 licere
257 2011 381 2041 omnino
394 2009 604 2047 existimamus,
621 2019 712 2048 neque
733 2010 804 2040 adeo
822 2011 961 2042 insuetum
984 2022 1018 2043 ac
1036 2022 1152 2044 novum
1173 2012 1215 2042 est

161 2058 195 2080 ut
208 2051 354 2088 Principes
369 2049 518 2087 Privilegia
530 2047 702 2088 quandoque
725 2049 886 2080 concedant
908 2059 992 2089 atque
1014 2051 1112 2082 eadem
1130 2052 1214 2083 vicis-

162 2088 214 2119 fim
224 2111 234 2127 ,
250 2089 296 2120 vel
313 2087 376 2118 Usu
390 2087 436 2119 vel
451 2090 537 2118 etiarn
551 2086 650 2118 Abusu
664 2086 840 2126 postulante,
857 2088 962 2119 iterum
973 2089 1071 2121 tollant
1084 2100 1117 2121 ac
1132 2090 1216 2121 abro-

182 2135 230 2158 ent
246 2137 299 2165 pro
315 2127 458 2158 voluntate
476 2126 583 2163 judicio
597 2126 630 2157 &
645 2125 760 2156 arbitrio
772 2125 839 2164 su03
858 2127 1106 2164 quemadmodum
1118 2129 1157 2167 id,
1177 2130 1218 2160 uti

173 2167 259 2204 aepius
275 2165 439 2202 aliasralibi,
456 2165 494 2195 ita
508 2165 537 2193 in
551 2163 609 2201 ipsa
625 2173 741 2202 quoque
756 2164 858 2203 Anglia
879 2167 1050 2196 Civitatibus
1072 2167 1211 2207 Anseati-

159 2207 211 2242 cis,
230 2203 325 2234 nostra
340 2202 498 2240 memorii,
516 2210 631 2240 propter
644 2202 761 2233 abusum
782 2202 1018 2244 Privilegiorum‚
1041 2206 1090 2237 usu
1110 2207 1219 2237 venisse

158 2243 339 2280 accepimu33
357 2241 434 2272 Non
448 2240 490 2271 est
501 2241 596 2279 itaque
609 2249 640 2271 ut
655 2241 699 2272 vel
714 2240 877 2280 Hullenfi’r,
892 2243 938 2274 vel
959 2245 1135 2283 quicumque
1152 2246 1215 2283 alii,

155 2279 209 2320 Jus
222 2282 253 2312 in
269 2280 378 2320 Regnis
394 2279 527 2311 Maribus
541 2279 698 2311 Littoribus
713 2280 764 2310 illis
779 2280 882 2311 nostris
896 2281 956 2311 ullo
980 2283 1131 2314 vendicare
1147 2283 1218 2323 Jure

159 2320 211 2350 fibi
224 2328 338 2358 queant,
344 2329 404 2351 non
419 2319 506 2357 magis
520 2319 609 2356 quarn
623 2328 676 2348 nos
689 2327 737 2349 aut
750 2319 864 2350 Subditi
876 2320 965 2351 nostri
980 2321 1119 2359 ejusmodi
1134 2322 1215 2361 quid-

159 2360 236 2396 piam
250 2359 279 2388 in
300 2358 410 2396 Regnis
425 2357 530 2387 Galliae
548 2356 694 2394 Hispaniae
706 2357 831 2396 Angliae,
849 2357 895 2388 vel
908 2358 957 2396 ipfi
971 2360 1054 2390 nobis
1069 2361 1113 2392 vel
1128 2361 1169 2391 illi
1183 2361 1217 2391 fi-

160 2398 191 2428 bi
205 2406 334 2436 arrogare
348 2404 396 2427 aut
407 2395 552 2426 vindicare
567 2395 622 2426 five
636 2394 744 2433 poffint
756 2397 812 2426 five
823 2396 953 2427 debeant.
995 2398 1069 2436 Quo
1084 2401 1154 2430 vero
1164 2399 1219 2438 Ju—

161 2446 192 2466 re
207 2435 334 2474 Maiores
347 2444 380 2465 ac
396 2434 616 2465 Praedeceffores
634 2433 723 2464 nostri
741 2437 844 2464 Daniae
857 2437 1012 2473 Norvagiae
1025 2440 1108 2474 Reges
1123 2438 1218 2468 Privi-

160 2475 234 2512 legia
249 2474 342 2505 inillis
357 2473 443 2504 Locis
459 2472 559 2503 vestris
572 2472 754 2502 Hominibus
766 2474 829 2503 dare
847 2473 946 2504 eadem
965 2485 1081 2514 quoque
1098 2485 1215 2507 revoca-

161 2523 210 2552 re,
232 2512 284 2544 alia
312 2512 415 2543 iterum
439 2511 572 2547 deinceps
599 2511 744 2550 indulgere
768 2511 941 2552 potuissent,
966 2514 1216 2552 quemadmodum

162 2552 261 2589 saepius
276 2551 384 2582 factum
404 2550 460 2581 effe
481 2559 514 2580 ex
531 2549 688 2580 Foederum
714 2550 926 2589 Pa&orumque
951 2550 1116 2588 Regiorum
1139 2554 1219 2584 Aeris

162 2591 226 2629 plus
243 2590 354 2628 liquido
371 2589 491 2626 constat,
500 2588 551 2619 nifi
571 2587 664 2618 Maris
684 2587 762 2618 istius
776 2588 952 2619 Dominium
969 2590 1004 2620 ad
1023 2591 1138 2620 eosdem
1155 2601 1217 2629 per-

163 2627 304 2666 tinuiffet,
324 2627 402 2666 quod
421 2628 489 2658 citra
509 2636 630 2657 ornnem
650 2625 887 2658 Controversiam
904 2628 940 2657 ab
958 2628 1009 2658 illis
1032 2629 1061 2658 in
1082 2628 1134 2666 Jus
1156 2639 1218 2659 non

161 2669 257 2698 minus
275 2667 295 2687 ²¹²
312 2667 420 2705 integre
439 2665 607 2696 devolutum
627 2663 685 2702 est;
703 2674 803 2704 magna
821 2665 872 2704 est,
890 2667 923 2697 &
942 2666 1056 2697 laudem
1068 2667 1144 2698 suam
1159 2678 1221 2698 me-

1279 216 1769 263 PUssLtcA.
2265 244 2317 284 35

1244 302 1298 332 bus
1315 301 1446 346 Qerelis
1461 304 1578 335 inducsta
1611 308 1776 345 aequitatem
1790 310 1804 339 a
1819 311 1902 342 nobis
1915 313 2132 350 praetermissam
2159 314 2310 352 existimet,
2333 315 2410 344 Ann.
2421 315 2461 345 D.

1244 339 1292 387 sed
1308 349 1402 379 potius
1418 350 1448 372 ut
1460 341 1513 380 Jus
1530 328 1682 382 nosirum,
1701 356 1761 390 quo
1782 349 1927 387 privilegia
1939 352 2005 383 dare
2021 355 2053 384 ὃς
2085 362 2185 391 negare
2208 362 2306 389 perpe-
2349 353 2437 382 2602.

1248 386 1302 422 tuo
1318 380 1467 424 possumus
1481 381 1683 426 ponderando,
1700 387 1931 418 &interdictum
1956 391 2118 422 piscationis
2143 391 2240 429 (cujus
2258 400 2305 428 ge·
2325 401 2373 427 44·
2391 394 2460 418 eliz.

1247 427 1365 447 numam
1381 418 1506 457 Copiam
1523 419 1660 451 Domino
1676 421 1786 460 Legato
1800 424 1869 455 huic
1902 427 2008 459 raesenti
2025 430 2118 460 nostra
2139 439 2172 459 ex
2194 429 2307 459 relatio-
2325 435 2384 466 Reg.

1245 465 1284 486 ne
1299 454 1441 499 IsVitfi’ldii
1453 457 1645 502 descriptam,
1666 463 1721 503 un'a
1744 471 1812 491 cum
1838 474 1872 494 ve
1886 464 1932 494 tro
1958 466 2107 506 Responso
2130 469 2163 499 ὅ(
2186 468 2306 498 Affensu

1245 493 1395 531 dedimus)
1414 495 1592 533 respiciendo
1606 497 1743 528 Subditos
1758 499 1845 531 hosce
1860 502 1921 532 suos
1940 504 1955 532 a
1974 513 2048 536 tauta
2066 506 2192 537 molestia
2207 506 2310 536 Nobis

1245 532 1377 577 deinceps
1393 534 1579 573 cumulanda,
1609 545 1673 573 quae
1689 536 1830 580 (hatitenus
1850 540 2071 577 frequentissima
2095 545 2158 583 fuit,
2176 554 2310 575 coercere

1245 573 1313 602 velit
1327 582 1361 602 ac
1377 572 1500 611 docere,
1520 573 1599 616 quod
1611 575 1680 613 Jure
1694 585 1754 604 non
1772 575 1878 613 injuria
1892 578 1970 609 Bona
1991 582 2132 620 ipiorum,
2152 593 2182 614 ut
2205 592 2307 614 contra

1246 618 1308 641 tarn
1320 611 1482 650 expressum
1496 613 1624 643 edidtum
1642 612 1773 643 nostrum
1788 613 2026 653 Delinquentium
2046 622 2146 651 merito
2170 622 2306 652 confisca-

1244 657 1271 680 ta
1287 649 1359 687 sint,
1377 650 1461 689 idque
1472 651 1614 690 speramus
1629 655 1811 682 Serenitatem
1826 653 1945 693 vestram
1960 666 2012 693 pro
2027 657 2130 688 sororia
2144 659 2189 690 sua
2209 662 2240 690 in
2255 670 2308 691 nos

1248 688 1403 719 affeffione
1420 691 1454 720 ὃς
1468 689 1549 721 solita
1563 692 1776 728 aequanimitate
1786 713 1795 728 ‚
1810 690 1887 728 Juris
1902 695 1987 724 etiam
2003 696 2036 725 ὃς
2049 695 2168 733 Justitiae
2190 708 2305 737 amore,

1247 728 1342 757 amice
1355 727 1560 766 praestituram,
1583 729 1709 759 omnino
1732 738 1844 768 autem,
1871 730 1943 760 nihil
1963 732 2142 772 dubitamus,
2168 739 2305 766 Serenita-

1247 774 1302 796 tem
1315 764 1436 804 vestram
1450 768 1556 805 ipsam,
1574 777 1627 805 pro
1642 767 1738 806 Regio
1753 768 1844 798 corde
1861 770 1893 799 &
1909 770 2022 800 Animo
2040 771 2106 810 suo,
2126 775 2207 804 facile
2222 786 2307 813 repu-

1246 812 1380 842 taturam,
1399 815 1433 835 ac
1456 806 1563 836 sororie
1583 815 1768 844 amanterque
1791 816 1845 845 pro
1869 808 2015 845 prudentia
2038 810 2083 839 sua
2105 810 2304 844 aestimaturam

1244 844 1302 873 effe
1316 844 1402 881 quam
1418 844 1602 875 intollerabile
1617 845 1649 876 fit
1659 845 1767 884 Jugum
1781 845 1858 883 quod
1876 846 1987 876 Subditi
2002 847 2040 876 sui
2061 849 2207 886 imponere
2223 854 2305 882 nobis

1244 891 1402 912 conentur.
1422 882 1555 921 Allegant
1578 892 1678 914 contra
1695 893 1749 913 nos
1789 885 2039 916 urisconsultorum
2055 886 2231 925 Sententiam,
2252 891 2306 919 mi—

1246 921 1313 950 rum
1326 930 1423 951 autem
1439 922 1495 959 qua
1510 921 1691 953 AuCtoritate
1706 923 1744 952 illi
1776 933 1806 952 us
1821 932 1921 953 contra
1935 934 1988 954 nos
2001 948 2011 957 .,
2037 926 2123 955 etiam
2149 927 2306 966 inauditos,

1245 959 1343 990 dicant
1358 969 1391 989 ac
1406 958 1564 990 Sententias
1579 960 1686 998 ferant,
1705 963 1754 998 qui
1767 961 1874 992 nullam
1891 963 1920 992 in
1938 972 1990 992 nos
2000 962 2241 1001 Jurisdiistionem
2259 966 2308 995 ha-

1247 999 1335 1036 bent,
1355 998 1409 1041 ὃς,
1428 998 1447 1027 fi
1462 998 1620 1036 haberent,
1635 1000 1714 1029 certe
1736 999 1927 1039 Defensiones
1950 1011 2014 1032 ante
2036 1003 2134 1032 omnia
2159 1004 2187 1031 in
2212 1003 2308 1034 adver-

1246 1035 1309 1066 sum
1328 1036 1478 1080 audiendae
1493 1037 1582 1080 essent
1597 1038 1757 1075 priusquam
1765 1039 1917 1070 Sententiae
1933 1040 2145 1079 fcr1·entur31ed
2164 1041 2225 1071 sunt
2243 1042 2307 1073 haee

1244 1075 1445 1105 Procuratoria
1460 1076 1557 1112 potius
1572 1077 1657 1113 quam
1679 1077 1787 1114 Regia:
1816 1077 2008 1109 Meminimus
2028 1088 2122 1110 autem
2149 1090 2240 1110 unum
2271 1091 2307 1111 ex

1243 1113 1493 1152 iisJurisconsultis
1505 1114 1554 1144 hic
1567 1115 1716 1153 aliquando
1731 1116 1820 1154 palam
1836 1118 1869 1147 ὃς
1885 1117 1941 1148 fine
1954 1119 2057 1148 rubore
2079 1118 2235 1157 protulisse,
2257 1119 2306 1149 de-

1245 1153 1306 1183 beri
1321 1153 1483 1191 Anglicanis
1497 1152 1622 1195 Subditis
1637 1153 1785 1193 Privilegia
1805 1155 1854 1185 hic
1877 1157 1906 1186 in
1930 1154 2035 1196 Regno
2060 1157 2160 1187 nostro
2184 1157 2309 1195 Danite,

1248 1191 1282 1221 &
1298 1192 1380 1229 quod
1398 1191 1436 1222 ab
1451 1192 1535 1222 initio
1547 1192 1640 1222 fuisset
1656 1191 1817 1224 Voluntatis
1830 1203 1909 1224 nunc
1925 1195 1981 1225 esse
1995 1195 2196 1234 Neceffitatis3
2215 1206 2245 1226 ea
2261 1198 2306 1226 ni-

1246 1230 1355 1261 mirum
1370 1231 1455 1269 gratia
1477 1229 1518 1260 est
1540 1240 1604 1269 quae
1628 1240 1682 1269 pro
1700 1230 1848 1262 Beneficiis
1869 1233 2018 1271 Majorum
2039 1234 2203 1265 nostrorum
2225 1236 2309 1265 nobis

1245 1269 1421 1307 rependitur:
1441 1269 1487 1299 sed
1497 1270 1636 1300 ‘noverint
1651 1269 1696 1299 isti
1708 1269 1906 1308 Jurisconsulti
1922 1281 1982 1302 non
1998 1273 2090 1304 deesse
2108 1273 2207 1303 Nobis
2222 1275 2308 1303 ratio-

1248 1317 1298 1338 nes
1312 1308 1414 1346 quibus
1427 1307 1513 1346 Jura,
1533 1308 1548 1337 a
1566 1307 1726 1346 Majoribus
1748 1308 1849 1339 nostris
1871 1310 1905 1340 ad
1925 1320 1979 1340 nos
2004 1312 2057 1342 rite
2081 1312 2234 1351 devoluta,
2255 1315 2310 1342 Dei

1249 1349 1315 1384 Opt.
1335 1349 1421 1377 Max.
1440 1346 1555 1378 Auxilio
1566 1354 1704 1377 tueamur.

1286 1385 1479 1416 Intelleximus
1493 1385 1585 1416 Porro
1602 1395 1635 1415 ex
1652 1386 1753 1416 Literis
1768 1389 1930 1417 Serenitatis
1944 1387 2042 1426 vestrae
2056 1387 2200 1429 Hullenfis
2215 1390 2250 1419 ab
2267 1399 2313 1420 ea-

1249 1423 1316 1454 dem
1333 1424 1466 1454 submiffe
1485 1424 1611 1463 petiiffe,
1629 1433 1661 1455 ut
1676 1424 1695 1454 fi
1707 1424 1818 1462 Justitia
1836 1426 1908 1463 (pro
1923 1428 2059 1464 opinione
2078 1429 2110 1458 δε
2133 1429 2250 1458 arbitrio
2276 1428 2310 1458 il-

1248 1463 1279 1492 lo
1295 1463 1364 1500 suo)
1383 1473 1442 1494 non
1456 1462 1684 1500 administretur,
1701 1464 1749 1500 ipfi
1773 1464 1824 1493 fibi
1846 1465 1882 1494 de
1900 1464 2027 1495 Subditis
2048 1465 2172 1505 Orisque
2193 1466 2310 1505 nostris,

1249 1502 1299 1531 ubi
1315 1502 1417 1532 rectius
1432 1501 1543 1539 poffent
1557 1502 1745 1540 prospiciendi
1757 1502 1920 1533 facultatem
1933 1504 2050 1533 liberam
2067 1504 2147 1542 dari,
2169 1504 2237 1536 Nos
2248 1515 2312 1536 cer-

1248 1541 1282 1570 to
1298 1539 1445 1577 poffumus
1458 1540 1599 1571 affirmare
1612 1543 1762 1570 Serenitati
1778 1540 1894 1580 vestrae,
1913 1541 2021 1572 multos
2046 1541 2234 1573 Subditorum
2257 1554 2312 1573 no-

1250 1578 1373 1609 strorum
1388 1580 1424 1610 ab
1442 1579 1540 1619 Anglis
1552 1579 1781 1617 depraedatorum
1797 1580 1874 1610 idem
1891 1579 1989 1617 saepius
2005 1582 2021 1610 a
2041 1580 2125 1610 nobis
2145 1581 2309 1612 humillime

1249 1616 1394 1654 petiviffe,
1412 1624 1494 1656 atque
1507 1618 1592 1648 etiam
1607 1628 1686 1648 nunc
1702 1627 1798 1657 petere
1813 1642 1823 1657 ,
1850 1618 1928 1657 quod
1951 1626 2045 1649 autem
2067 1618 2178 1656 semper
2202 1630 2254 1650 nos
2278 1621 2310 1650 iis

1252 1655 1348 1686 multis
1360 1655 1395 1686 de
1410 1657 1496 1687 caulis
1512 1657 1713 1694 denegandum
1731 1657 1863 1687 duximus
1877 1679 1887 1694 ,
1912 1657 1946 1687 ὃς
1969 1658 1999 1686 in
2022 1657 2102 1687 hunc
2124 1657 2211 1695 usque
2234 1659 2311 1688 diem

1250 1693 1470 1733 denegavimus,
1495 1696 1529 1725 ad
1551 1695 1713 1734 Pyraticam
1732 1696 1812 1725 enim
1833 1696 2060 1732 excercendam,
2079 1704 2139 1726 tarn
2172 1698 2313 1733 privatum

1252 1733 1339 1770 quarn
1354 1733 1487 1771 publice,
1509 1736 1614 1764 merito
1630 1734 1757 1765 odiosam
1772 1734 1805 1764 &
1824 1734 1984 1772 exitiosam,
2006 1735 2025 1754 ²*
2052 1734 2117 1765 haec
2140 1733 2216 1765 fores
2236 1745 2312 1773 pate·
2334 1743 2442 1772 «ΧΠ,

1251 1771 1345 1801 facere
1361 1773 1455 1809 potius
1468 1781 1555 1810 quarn
1569 1772 1603 1802 ad
1617 1772 1781 1802 Utilitatem
1798 1773 1948 1810 publicam
1971 1772 2098 1810 speecare
2119 1773 2266 1813 videntur,
2283 1776 2315 1806 &
2331 1790 2398 1817 445.

1251 1809 1311 1840 fieri
1326 1810 1419 1848 potest
1442 1819 1488 1847 ut,
1514 1810 1533 1840 fi
1556 1820 1588 1840 ea
1611 1812 1740 1849 utrinque
1763 1811 2012 1849 concederentur,
2039 1819 2099 1842 tam
2116 1812 2179 1841 cito
2201 1813 2311 1843 vestros

1251 1850 1338 1917 Euam
1353 1848 1464 1879 nostros
1481 1849 1601 1880 instituti
1616 1851 1769 1887 poeniteat,
1786 1858 1869 1887 atque
1881 1850 1902 1878 is
1915 1851 2041 1880 omnino
2064 1849 2105 1880 est
2125 1851 2237 1881 animus
2262 1862 2316 1882 no-

1279 1899 1324 1927 er,
1343 1889 1376 1920 &
1392 1887 1619 1927 quibuscumque
1633 1889 1661 1918 in
1679 1889 1762 1918 rebus
1773 1891 1935 1918 Serenitatis
1950 1888 2047 1927 vestra:
2069 1887 2216 1928 gratificari
2232 1891 2316 1929 possi-

1257 1927 1313 1957 bile
1327 1927 1386 1964 est,
1404 1937 1438 1957 ac
1452 1926 1546 1966 Regni
1564 1927 1647 1957 totius
1663 1926 1766 1964 vestri,
1791 1928 1983 1964 omniumque
2006 1926 2152 1958 Ordinum
2175 1930 2318 1968 ejusdem,

1255 1964 1415 1996 commoda
1429 1965 1628 2004 promovenda
1643 1967 1708 2004 quic
1730 1974 1795 1996 uam
1811 1965 1942 2004 praestare
1955 1965 2114 2004 posiumus,
2132 1967 2160 1996 in
2179 1967 2209 1997 iis
2227 1968 2318 1998 faCtu-

1255 2015 1302 2035 ros
1317 2004 1388 2034 Nos
1399 2013 1432 2034 ut
1445 2004 1707 2044 promptissimam,
1756 2014 1772 2034 e
1788 2014 1820 2035 ac
1845 2004 1954 2043 Fa&o,
1980 2005 2010 2033 in
2035 2006 2119 2035 nobis
2137 2005 2315 2037 voluntatem

1254 2044 1288 2074 &
1305 2043 1454 2074 fraternam
1470 2043 1703 2075 benevolentiam
1715 2044 1856 2081 experturi
1872 2043 1941 2073 fitis:
1960 2042 1993 2073 Id
2017 2052 2110 2074 autem
2133 2045 2319 2075 nihilominus

1256 2082 1346 2113 libere
1359 2082 1546 2121 profitemur,
1565 2091 1618 2111 nos
1629 2091 1843 2121 quamcumque
1865 2081 1947 2112 Deus
1970 2082 2092 2112 voluerit
2116 2082 2216 2113 Aiearn
2240 2082 2317 2113 subi-

1257 2129 1353 2159 turos,
1371 2122 1404 2151 &
1421 2130 1615 2159 quaecumque
1630 2121 1775 2160 oportebit
1790 2120 1959 2151 toleraturos
1974 2122 2068 2158 potius
2082 2121 2157 2160 esse,
2176 2122 2263 2159 quam
2283 2131 2314 2153 ut

1257 2159 1463 2190 Mercatorum
1491 2170 1524 2190 ac
1560 2159 1738 2190 Piscatorum
1770 2159 1940 2189 Hominum
1973 2160 2149 2196 privatorum
2165 2159 2312 2190 insatiabili

1258 2198 1517 2238 Qiaestuipublica
1540 2198 1719 2236 Regnorum
1742 2198 1906 2228 nostrorum
1926 2196 1994 2236 Jura
2018 2200 2051 2230 δε
2075 2197 2192 2238 Regalia
2215 2198 2319 2237 prosti-

1257 2246 1336 2268 tuere
1352 2237 1482 2268 velimus.

1297 2276 1401 2307 Refert
1415 2286 1531 2315 quoque
1544 2278 1683 2306 Serenitas
1697 2275 1791 2316 veslra
1808 2275 1878 2306 nihil
1897 2275 2006 2305 Damni
2024 2276 2039 2305 {1
2053 2275 2206 2306 Claffiariis
2222 2276 2320 2307 vestris

1257 2314 1383 2345 Subditis
1395 2314 1500 2345 nostris
1513 2316 1529 2344 ἐι
1546 2315 1690 2352 postrema
1704 2325 1736 2344 ea
1751 2315 1908 2353 Legatione
1925 2313 2031 2343 illatum
2047 2314 2121 2352 effe,
2150 2324 2244 2352 neque
2265 2316 2319 2345 du-

1259 2353 1384 2384 bitamus
1400 2354 1427 2384 id
1442 2354 1480 2385 ita
1492 2357 1640 2383 Serenitati
1655 2352 1752 2390 vestrae
1767 2352 1923 2391 persuasum
1942 2352 1956 2380 {1
1970 2351 2024 2381 suis
2038 2352 2112 2389 esst,
2139 2363 2200 2382 non
2223 2362 2320 2384 autem

1259 2393 1314 2429 jam
1330 2393 1452 2422 fraterne
1464 2402 1497 2422 ac
1512 2400 1640 2422 amanter
1656 2393 1746 2422 celare
1759 2390 1917 2429 possumus,
1932 2389 2106 2419 Reinholdmn
2114 2394 2243 2421 Simonem
2252 2392 2287 2422 N
2290 2403 2318 2423 a-

1258 2430 1396 2461 varcham
1412 2429 1620 2469 Haffiiierfi’m,
1638 2431 1773 2468 proximo
1788 2430 1932 2466 praeterito,
1944 2428 2039 2458 adhuc
2055 2429 2215 2467 Autumno,
2234 2431 2248 2459 31
2261 2430 2318 2468 Jo-

1258 2469 1349 2498 haime
1364 2470 1460 2499 Waerde
1476 2469 1701 2505 Plumondense‚
1720 2469 1748 2497 in
1767 2467 1846 2498 Mari
1862 2467 2019 2504 Hispanico
2035 2489 2044 2504 ,
2070 2467 2153 2498 Navi
2177 2469 2209 2498 ὃ(
2232 2468 2319 2499 Bonis

1258 2518 1320 2538 non
1337 2507 1431 2538 soltim
1444 2507 1613 2545 spoliatum,
1630 2507 1676 2536 scd
1690 2507 1775 2536 etiam
1791 2506 1920 2544 singulari
1936 2505 2126 2536 Truculentifi
2137 2515 2170 2536 ac
2184 2506 2318 2537 Tiranni-

1259 2545 1296 2575 de
1311 2546 1462 2576 tractatum
1478 2544 1578 2583 fuisse,
1598 2554 1631 2574 ac
1644 2544 1752 2576 tametfi
1766 2543 1794 2573 id
1816 2545 1851 2574 ad
1873 2543 2098 2575 Admiralitatern
2122 2543 2320 2576 Plumonden-

1258 2584 1318 2614 sem
1345 2584 1508 2622 graviffime
1529 2583 1641 2621 questus
1668 2583 1718 2620 fit,
1743 2583 1776 2613 &
1803 2581 2025 2612 Restitutionem
2042 2583 2153 2620 petierit
2167 2604 2177 2619 ,
2197 2592 2322 2615 attamen

1257 2621 1326 2652 nihil
1342 2631 1441 2660 praeter
1455 2622 1568 2653 Navim
1586 2621 1672 2660 ipsam
1686 2622 1718 2652 &
1733 2621 1785 2651 alia
1804 2620 1935 2651 vilissima
1949 2620 2081 2658 quaedam
2094 2622 2259 2652 consecutus
2273 2623 2322 2661 fit,

1258 2660 1373 2698 reliquis
1394 2661 1610 2699 preciosioribus
1634 2668 1696 2690 tarn
1717 2661 1746 2689 in
1763 2667 1852 2698 parata
1877 2659 2025 2697 Pecunia,
2044 2660 2078 2690 ad
2100 2659 2180 2689 Mille
2200 2661 2322 2690 ducentos

161 2715 253 2744 retur,
273 2707 301 2736 in
319 2705 576 2736 Commerciorum
591 2703 779 2735 Traetatione
797 2703 964 2735 Hominum
984 2705 1145 2736 vestrorum
1165 2706 1219 2737 So·
1250 2699 1429 2738 ftptuaginla
1446 2703 1559 2744 quinque
1571 2699 1698 2728 nimirimz
1717 2701 1839 2727 Ducat&
1857 2699 1879 2726 P
1881 2697 2062 2737 Orlugale⁷fi5
2077 2721 2086 2736 2
2112 2700 2197 2736 (luslm
2221 2699 2322 2730 Rebus

164 2783 330 2815 Nationum
356 2782 557 2820 Praeiudiciurn
583 2781 857 2821 Detrimentumque
879 2782 971 2813 tendit
987 2806 997 2822 ,
1018 2783 1100 2814 valde
1130 2785 1222 2821 gravis

167 2821 209 2852 est
228 2823 261 2853 &
280 2822 359 2852 nullo
379 2821 471 2862 modo
486 2820 637 2852 tolleranda
653 2820 780 2859 videtur;
797 2821 876 2851 satius
893 2822 988 2859 itaque
1006 2823 1040 2854 &
1054 2822 1155 2860 justius
1172 2822 1224 2862 est,

168 2869 200 2891 ut
223 2860 367 2891 Homines
395 2859 479 2891 vestri
503 2859 549 2890 vel
576 2858 692 2896 Angliae
722 2859 868 2890 Terminis
892 2860 985 2890 Terrfi⁴
1018 2860 1153 2899 Matique
1183 2861 1224 2892 se-

167 2899 194 2928 se
211 2899 393 2937 contineant,
413 2898 463 2938 ·vel
486 2898 504 2929 fi
528 2898 595 2936 quid
624 2898 690 2928 alibi
714 2897 808 2928 alienis
833 2899 889 2929 five
913 2898 1074 2929 Territoriis
1101 2901 1158 2930 five
1170 2899 1224 2937 Ju-

166 2937 374 2968 risdicstionibus
406 2937 571 2975 compendii
591 2936 642 2966 fibi
664 2945 757 2974 parare
777 2937 858 2974 posse
877 2936 1020 2968 aestiment
1036 2961 1046 2976 ,
1072 2938 1100 2968 id
1126 2939 1224 2970 secun-

167 2975 240 3006 dum
258 2974 549 3006 Confoederationum
567 2974 780 3013 Pictorumque
800 2976 953 3014 formum,
971 2986 1052 3007 more
1076 2976 1224 3015 Majorum

168 3013 303 3052 suorum,
323 3013 426 3044 Gratia
443 3014 537 3051 potius
554 3024 587 3044 ac
605 3013 823 3052 Benevolentia,
842 3015 927 3052 quam
946 3013 986 3045 Vi
1003 3016 1036 3046 &
1061 3014 1225 3055 Violentia,

169 3061 203 3082 ac
225 3054 313 3082 uirere
332 3052 366 3082 &
383 3052 533 3089 impetrare
549 3060 700 3081 conentur.

205 3062 356 3121 i-lastenus
381 3089 497 3128 quidem
522 3089 558 3118 de
585 3089 656 3126 Jure
679 3091 767 3120 veteri
791 3090 955 3121 Piscationis
976 3092 991 3121 a
1018 3091 1146 3123 Subditis
1174 3103 1225 3123 vc-

169 3129 231 3160 stris
249 3128 326 3159 nulla
342 3129 450 3159 ratione
467 3127 603 3166 praetenso
621 3128 740 3166 egimus,
754 3138 788 3158 ac
801 3128 913 3158 nullum
931 3129 1014 3167 plane
1028 3131 1087 3161 elie
1102 3131 1227 3161 demon-

170 3167 335 3199 stravimus:
354 3165 448 3196 Nunc
478 3175 566 3205 pauca
610 3165 720 3196 uaedam
745 3166 782 3197 de
806 3165 911 3205 lnjuria
935 3178 1022 3206 quam
1047 3169 1097 3199 fibi
1122 3170 1226 3200 illatam

169 3207 324 3237 Piscatores
342 3204 491 3243 conquesti
509 3205 569 3235 sunt
597 3205 772 3243 ubjiciemus.

209 3246 255 3275 Ac
269 3245 352 3274 initio
365 3243 598 3283 persuasislimum
613 3243 712 3274 Nobis
727 3243 768 3274 est
781 3248 959 3275 Serenitatem
973 3245 1094 3285 vestram
1108 3245 1180 3277 adeo
1196 3256 1225 3277 a·

171 3284 276 3314 lienam
291 3283 327 3313 ab
342 3282 473 3321 aequitate
484 3281 578 3326 nostra
592 3283 762 3319 opinionem
780 3283 874 3314 fovere
889 3294 949 3314 non
965 3285 1061 3322 posse,
1079 3293 1110 3316 ut
1131 3285 1227 3316 credat

174 3323 244 3354 Nos
256 3325 264 3355 (
276 3322 328 3352 nisi
348 3331 498 3361 perperam
521 3320 694 3355 informata)
718 3321 787 3359 Jure
801 3323 834 3354 δε
854 3322 968 3361 Justitii
991 3323 1170 3362 posthabita,
1188 3325 1223 3355 ad

173 3361 244 3393 Vim
259 3362 292 3392 &
305 3360 440 3398 Injuriam
457 3360 505 3390 ulli
520 3358 684 3389 Hominum
707 3361 885 3391 inferendam
908 3371 1015 3399 pronos
1035 3363 1110 3401 effe,
1134 3363 1222 3402 longe

175 3401 269 3431 minus
284 3409 314 3430 ut
331 3399 455 3429 Subditis
478 3396 592 3435 vestris,
618 3407 689 3436 quos
711 3398 820 3437 semper
840 3409 897 3437 prae
924 3402 1030 3431 caeteris
1049 3401 1226 3432 Nationibus

174 3438 467 3469 commendatiffimos
477 3437 643 3474 habuimus,
662 3437 816 3475 quicquam
829 3448 889 3468 non
927 3441 1143 3478 romerentibus,
1151 3441 1221 3471 scitu

174 3477 295 3515 nostro,
315 3477 419 3508 adversi
436 3475 622 3513 moliremur,
642 3482 739 3506 tamen
754 3486 822 3507 cum
836 3477 890 3507 Edi
910 3480 975 3508 tum
992 3478 1142 3516 nostrum,
1161 3489 1222 3517 quo

173 3517 267 3547 severe
282 3516 449 3546 piscationes
463 3513 625 3552 hujusmodi
640 3514 852 3554 prohibuimus,
876 3518 951 3555 apud
973 3520 1154 3547 Serenitatem
1171 3528 1223 3547 ve-

167 3554 256 3594 stram
272 3555 439 3586 infinuatum
454 3553 503 3591 sit,
521 3551 568 3583 tali
580 3553 666 3582 etiam
679 3552 809 3590 responso
824 3563 980 3592 exceptum
1001 3556 1141 3586 nimirum
1163 3555 1225 3587 fore

175 3595 214 3624 ne
230 3595 334 3632 absque
350 3593 480 3623 Licentia
494 3591 589 3621 nostra
604 3590 718 3621 Subditi
730 3591 813 3622 vestri
827 3594 902 3623 circa
919 3592 1068 3632 [flandiam
1085 3594 1131 3626 vel
1148 3596 1226 3624 Nor-

176 3636 284 3670 vegiam
300 3632 487 3672 piscarentur,
504 3629 581 3660 aliter
598 3629 754 3660 existimare
769 3639 829 3660 non
850 3631 996 3668 possumus
1013 3634 1101 3672 quam
1118 3637 1225 3663 Sereni-

177 3677 264 3700 tatem
277 3671 414 3710 vestram,
431 3678 527 3700 tenore
548 3668 619 3699 dieti
638 3667 777 3705 Responfi
794 3692 803 3706 ,
829 3670 879 3700 suis
901 3670 1093 3702 Piscationem
1113 3672 1226 3711 pridem

179 3709 263 3739 etiam
278 3708 466 3746 interdixisse,
484 3717 517 3737 ac
531 3706 666 3744 demum,
686 3707 705 3736 fi
722 3707 909 3746 interdixerit,
928 3709 1064 3745 majorem
1079 3711 1181 3742 habere
1197 3712 1227 3741 in

179 3747 419 3787 Transgreffiones
435 3745 675 3777 animadvertendi
693 3745 804 3775 causam
818 3747 851 3777 &
867 3747 1051 3779 occasionem
1069 3759 1156 3788 quam
1174 3759 1228 3788 pro

181 3785 243 3823 ipfis
257 3786 460 3818 intercedendi.

220 3823 300 3855 Cum
312 3825 427 3863 denuo,
446 3832 478 3855 ut
491 3833 525 3855 ex
542 3821 852 3858 Prohibitionelnostra
865 3832 914 3862 per
937 3824 1093 3856 Arnoldum
1118 3825 1233 3864 PVitfel-

183 3861 254 3891 dium
267 3863 407 3903 exhibita,
426 3864 458 3894 &
474 3862 623 3902 Responso
637 3861 731 3892 vestro
747 3870 876 3901 apparet,
894 3861 1015 3894 Piscatio
1029 3864 1151 3895 Biennio
1166 3874 1230 3896 ante

184 3898 282 3931 Naves
294 3901 376 3932 hasce
390 3902 549 3933 confiscatas
565 3902 685 3931 inhibita
703 3901 805 3939 fuerit,
829 3902 1001 3938 praetendere
1022 3904 1231 3942 ignorantiam,

185 3938 230 3968 vel
244 3942 380 3978 conqueri
395 3942 430 3972 de
444 3940 545 3979 Injuria
560 3950 606 3971 aut
623 3939 767 3970 Violentisi
781 3941 797 3968 ’ξι
812 3940 894 3969 nobis
909 3939 959 3969 fibi
982 3940 1056 3972 illata
1079 3942 1233 3973 Piscatores

187 3976 266 4006 nullo
280 3978 363 4015 paeto
379 3988 531 4017 poterunt,
547 3979 594 4009 sed
611 3979 674 4009 latae
689 3979 744 4009 suae
761 3979 793 4008 &
809 3978 975 4008 voluntariae
988 3980 1033 4009 cul
1055 3989 1080 4010 τε
1102 3991 1135 4011 ac
1160 3991 1234 4011 con-

185 4017 315 4045 tumaciae
330 4016 456 4050 Poenam
478 4018 659 4056 adscribant,
686 4026 772 4060 quam
791 4025 826 4046 ex
848 4016 1007 4047 Foederum
1052 4019 1174 4050 ententia
1198 4020 1234 4049 ad

143 2745 239 2775 ⁷lertia
256 2745 289 2776 &
307 2743 465 2782 Industria,
483 2750 699 2781 verumtamen,
715 2751 850 2781 quatenus
867 2743 901 2773 ad
916 2743 1032 2775 aliarum
1058 2747 1221 2783 quatumvis
1259 2739 1319 2768 allis
1337 2739 1387 2768 fibi
1403 2743 1529 2768 oman
1550 2737 1710 2775 denegatis,
1729 2745 1758 2766 ut
1773 2737 1809 2766 ita
1824 2735 1937 2766 constet
1962 2739 2113 2766 Serenitati
2136 2737 2233 2776 vestr-'⁵’
2256 2749 2317 2768 ¹¹0ss

1263 2778 1361 2807 omnia
1386 2778 1428 2807 uti
1442 2777 1537 2808 revera
1551 2776 1578 2805 se
1594 2776 1715 2813 habent,
1733 2774 1778 2805 sed
1794 2774 1881 2804 multa
1895 2775 1982 2804 etiam
2000 2784 2053 2812 pro
2075 2775 2222 2807 voluntate
2238 2776 2322 2816 Pyra-

1262 2824 1375 2853 tarum,
1392 2824 1494 2846 contra
1509 2814 1663 2845 Veritatem
1682 2813 1767 2851 ipsam
1777 2835 1786 2851 ,
1801 2813 1895 2843 eidem
1909 2813 2024 2851 suggeri.

1300 2854 1347 2884 Ad
1365 2856 1412 2884 has
1424 2853 1573 2891 autem,&
1589 2853 1653 2883 alias
1664 2852 1857 2891 quascumque
1867 2850 2083 2882 Controverfias
2099 2852 2184 2890 plane
2200 2854 2322 2891 cognos-

1265 2893 1385 2930 cendas,
1404 2894 1437 2925 ὃς
1451 2901 1485 2923 ex
1504 2902 1589 2930 aequo
1605 2892 1743 2928 bonoque
1755 2890 1906 2927 finiendas,
1925 2890 1992 2920 cum
2007 2890 2042 2921 ad
2057 2899 2220 2921 eirtremum
2242 2893 2322 2922 Lite-

1264 2941 1361 2963 rarum
1377 2932 1489 2962 suarum
1502 2933 1639 2960 Serenitas
1655 2929 1746 2969 vestra
1761 2929 1863 2959 certior
1877 2928 1935 2958 fieri
1958 2928 2088 2965 expediat
2104 2950 2113 2967 ,
2139 2939 2222 2968 quam
2245 2932 2322 2960 viam

1266 2971 1355 3009 magis
1368 2970 1500 3001 idoneam
1514 2967 1693 3006 censeamus,
1712 2967 1815 2997 nostrie
1829 2967 1981 2997 Sententiae
1997 2967 2032 2996 de
2048 2966 2102 2996 hac
2120 2968 2241 2997 ineunda
2257 2968 2321 2999 De-

1266 3010 1449 3040 clarationem
1465 3008 1605 3045 fraterne,
1624 3009 1657 3038 &
1676 3008 1739 3043 jam
1763 3005 1915 3036 rescribere
1936 3005 2099 3042 statuimus,
2117 3006 2321 3046 significando,

1264 3047 1344 3086 quod
1359 3049 1392 3079 ὃς
1406 3045 1556 3085 aliquando
1571 3054 1667 3082 antea,
1686 3045 1754 3075 cum
1777 3045 1894 3081 Scriptis
1916 3043 1949 3073 &
1972 3043 2124 3080 Rescriptis
2147 3045 2218 3074 nihil
2243 3046 2321 3077 circa

1264 3086 1374 3117 easdem
1394 3084 1471 3116 effici
1485 3084 1752 3121 animadvertimus,
1771 3084 1787 3113 a
1804 3082 1902 3112 Nobis
1915 3081 2023 3112 faetum
2047 3082 2088 3112 est
2104 3105 2113 3119 ,
2131 3082 2322 3115 Conventum

1267 3125 1442 3164 Legatorum
1462 3125 1595 3161 utrinque
1619 3121 1783 3152 nostrorum
1799 3143 1809 3158 ,
1834 3120 1909 3151 haud
1927 3121 2001 3151 aliud
2023 3120 2123 3151 Nobis
2147 3121 2320 3152 Remedium

1267 3163 1485 3194 convenientius
1500 3162 1608 3199 videri,
1624 3162 1661 3191 ab
1682 3160 1765 3199 hujus
1786 3159 1979 3189 Restitutione
1998 3160 2068 3189 cum
2090 3160 2171 3190 alieni
2196 3162 2319 3191 minime

1265 3203 1367 3240 fimus,
1385 3212 1445 3240 quo
1461 3201 1571 3231 sublatis
1582 3199 1732 3237 sopitisque
1745 3198 1880 3228 fimilibus
1888 3197 2096 3228 Controverliis
2112 3207 2190 3230 tanto
2209 3199 2318 3230 felicius

1264 3241 1352 3271 solitae
1368 3240 1513 3271 Amicitiae
1531 3238 1634 3269 nostrae
1651 3237 1743 3276 Vigor
1756 3236 1910 3275 perseveret
1924 3259 1933 3274 ,
1951 3239 2111 3266 Serenitatis
2125 3236 2221 3275 vestrae
2242 3238 2315 3267 arbi-

1263 3281 1320 3311 trio
1337 3280 1412 3310 hanc
1427 3278 1552 3309 nostram
1573 3276 1766 3307 Intentionem
1783 3274 2019 3306 committendam
2044 3276 2221 3313 censuimus,
2237 3285 2269 3305 ac
2287 3284 2318 3307 ut

1261 3320 1296 3349 de
1312 3319 1398 3349 Loco
1413 3317 1623 3350 Conventionis
1638 3315 1807 3345 Nobiscum
1823 3314 1969 3350 decernat,
1989 3313 2085 3350 aliquo
2106 3314 2212 3356 horum
2231 3314 2316 3344 trium

1264 3358 1414 3388 Locorum
1427 3356 1549 3393 Lubicae,
1568 3354 1722 3391 Hamburgi
1739 3354 1783 3384 vel
1792 3355 1897 3382 Bremae
1911 3360 1974 3389 apta
1989 3351 2218 3393 constituippossit
2230 3353 2238 3388 (
2249 3362 2317 3383 nam

1262 3405 1294 3426 ut
1308 3396 1444 3426 Embdam
1461 3397 1565 3426 iterum
1581 3394 1726 3424 mittamus
1744 3390 1854 3422 nostros
1869 3413 1878 3429 ,
1896 3391 1976 3420 certis
1997 3389 2033 3420 de
2053 3389 2149 3420 Cauiis
2172 3391 2254 3419 nobis
2272 3392 2317 3420 in-

1265 3434 1458 3466 commodum
1473 3433 1534 3470 est)
1553 3442 1584 3463 ut
1597 3433 1682 3462 etiam
1695 3431 1732 3461 de
1755 3439 1884 3467 tempore
1901 3451 1910 3467 ,
1935 3438 2012 3459 nunc
2033 3428 2067 3458 ad
2093 3427 2223 3458 Mensem
2246 3428 2317 3468 Sep-

1263 3476 1408 3505 tembrem
1423 3473 1579 3503 convenire
1592 3470 1676 3510 possit
1692 3479 1726 3500 ac
1743 3469 1860 3506 debeat,
1884 3467 1982 3507 vestra:
2002 3469 2151 3496 Serenitati
2177 3466 2313 3498 definien-

1263 3513 1336 3543 dum
1353 3512 1556 3552 permittimus.
2049 3544 2054 3549 ¹
2143 3544 2149 3549 ·

1299 3552 1366 3583 Ubi
1383 3551 1418 3581 de
1434 3551 1487 3580 hiis
1502 3547 1681 3586 Responsum
1697 3548 1856 3576 Serenitatis
1870 3542 1968 3581 vestra·
1981 3542 2056 3586 naCti
2079 3542 2230 3582 fuerimus,
2249 3555 2314 3584 quae

1263 3591 1368 3621 nostrae
1382 3590 1464 3629 partis
1480 3587 1533 3618 fint
1548 3588 1585 3616 ita
1598 3585 1809 3623 praestabimus,
1828 3591 1858 3613 ut
1872 3581 1950 3619 quod
1962 3580 2104 3625 AEquitafi
2131 3591 2178 3613 aut
2202 3584 2313 3615 Amici-

1263 3631 1310 3660 tiae
1324 3637 1431 3660 mutuae
1449 3625 1671 3657 consentaneum
1688 3623 1721 3654 fit
1734 3629 1912 3660 nequaquam
1928 3620 2132 3655 praetermifisie
2149 3621 2314 3659 videamur,

1263 3666 1481 3706 quamprimum
1498 3673 1592 3694 autem
1605 3661 1723 3701 possible
1736 3661 1777 3690 est
1798 3660 1834 3690 de
1857 3657 2010 3690 Voluntate
2034 3661 2194 3690 Serenitatis
2216 3660 2314 3702 vcstrae

1262 3708 1397 3739 certiores
1411 3705 1469 3735 fieri
1484 3709 1656 3742 peramanter
1669 3701 1798 3737 petimus.
1890 3735 1897 3742 Κ

1302 3746 1450 3784 Rogamus
1465 3743 1535 3773 vero
1550 3747 1723 3777 peramanter
1738 3747 1771 3767 ac
1786 3737 1904 3778 fraterne
1925 3737 2105 3766 Serenitatem
2125 3736 2262 3776 vestram,
2282 3745 2313 3769 ut

1266 3795 1301 3815 ex
1315 3783 1460 3814 Primariis
1481 3780 1576 3818 Regni
1599 3776 1772 3807 Consiliariis
1793 3775 1845 3804 suis
1866 3772 1968 3810 Viros,
1990 3774 2110 3813 justitiae
2133 3777 2166 3806 &
2190 3776 2315 3812 publicat:

1265 3820 1488 3861 Tranquillitatis
1499 3825 1654 3853 amatores,
1669 3822 1700 3844 ut
1712 3814 1848 3844 faeturam
1863 3812 1927 3841 alias
1939 3813 2042 3851 etiam,
2059 3814 2104 3844 vel
2131 3813 2230 3845 Nobis
2252 3825 2314 3846 non

1265 3862 1444 3901 petentibus,
1460 3856 1664 3889 existimamus,
1682 3851 1850 3893 Conventui
1862 3850 1958 3881 futuro
1972 3850 2107 3883 destinare
2122 3853 2205 3890 velit;
2223 3853 2269 3883 vel
2284 3863 2316 3884 ut

1268 3900 1494 3940 quibuscumque
1509 3893 1623 3924 tandem
1639 3891 1790 3928 Deputatis
1805 3891 1871 3927 iuis,
1889 3890 1907 3918 fi
1925 3899 1985 3919 non
1995 3890 2105 3930 plures,
2129 3902 2200 3922 unus
2221 3891 2316 3922 saltem

1268 3949 1302 3971 ex
1320 3938 1432 3970 Ordine
1445 3933 1604 3968 Senatorio,
1629 3930 1683 3960 Vir
1699 3929 1817 3959 Nobilis
1833 3927 2020 3966 praeficiaturz,
2046 3931 2092 3960 cui
2112 3933 2248 3960 Serenitas
2266 3942 2317 3960 ve-

1261 3979 1326 4020 stra
1341 3983 1487 4013 tamquam
1503 3972 1551 4001 fibi
1566 3969 1613 4008 ipfi
1628 3969 1694 3999 fidat
1706 3991 1716 4006 ,
1733 3969 1781 4006 qui
1797 3969 1908 3998 exitum
1922 3966 2070 4007 Afflonis,
2094 3979 2154 3998 non
2175 3977 2209 3998 ex
2232 3970 2321 4005 priva-

1269 4026 1367 4049 torum
1382 4010 1561 4052 quorundam
1578 4008 1778 4038 Mercatorum
1796 4006 1957 4044 cupiditate,
1975 4005 2022 4036 sed
2040 4017 2074 4037 ex
2089 4007 2323 4038 UtilitateTran-

187 4053 284 4084 Vitam
298 4055 380 4084 etiarn
393 4056 518 4093 ipsorum
532 4056 681 4086 extendere
696 4060 715 4085 11
730 4055 875 4094 placuisset
891 4054 974 4092 aequa
995 4058 1102 4088 ratione
1129 4058 1236 4094 potuis·
1273 4056 1463 4096 quillitateque
1477 4048 1618 4085 utriusque
1631 4047 1728 4084 Regni
1744 4044 1875 4082 publica,
1894 4053 1926 4073 ac
1941 4053 1976 4074 ex
1991 4043 2141 4089 AEquitate
2164 4045 2222 4083 ipsa
2237 4047 2325 4073 utrin-

182 4092 288 4131 semus:
310 4093 429 4124 fraterne
444 4095 527 4132 igitur
544 4096 665 4133 petimus
678 4096 716 4124 ne
729 4097 865 4124 Sei-enitar
881 4094 974 4133 vestra
992 4103 1105 4126 tantum
1121 4096 1237 4126 Favoris
1272 4105 1328 4134 que
1338 4116 1346 4130 ‚
1364 4100 1422 4122 non
1438 4097 1472 4119 ex
1490 4097 1545 4118 una

183 4131 308 4164 Subditis
322 4130 390 4169 suis,
405 4131 479 4169 juste
497 4133 657 4171 mulctatis,
678 4133 825 4172 indulgere
841 4133 926 4172 velit,
945 4141 975 4164 ut
991 4133 1119 4172 ipsorum
1145 4135 1236 4166 inani·
1273 4133 1392 4173 quidem

207 4173 279 4199 Tem.
298 4172 367 4200 VII.
394 4172 475 4200 Part.
497 4173 537 4200 ΙΙ.

1561 4086 1674 4116 tanturn
1693 4084 1771 4114 Parte
1785 4083 1984 4122 perpendenda
2008 4093 2155 4122 metiatur,
2181 4082 2280 4112 Nobis
2294 4091 2324 4111 e-

1408 4126 1497 4158 Curae
1511 4125 1659 4163 Cordique
1674 4124 1740 4159 erit,
1759 4131 1789 4153 ut
1807 4123 1838 4190 isli
1849 4122 1939 4159 ipsum
1956 4120 2005 4159 ipsi
2020 4131 2135 4161 quoque
2156 4119 2341 4195 praeliemgsdi

1832 4182 1841 4189 ,
1859 4170 1875 4190 2
