2557 4279
694 207 802 249 ET
887 206 1148 249 A-CTA

0 302 35 323 in.
43 291 85 322 D.
105 291 203 324 incliti
219 293 379 334 Republica
394 292 512 331 usitatis,
533 292 625 324 miseri
642 293 729 324 Cives
744 293 790 324 sua
803 303 964 338 recuperare
980 300 1100 332 petunt,
1116 291 1155 321 ita

0 331 60 369 598.

107 342 166 362 non
182 341 277 370 petunt
292 333 439 369 Supplicia
453 340 576 362 extrema
591 333 727 371 irrogari,
745 342 802 362 non
811 332 926 363 infamia
939 333 1032 371 aliqua
1041 331 1153 362 Adver-

18 370 87 397 Eliz.
104 371 185 400 sarios
198 372 305 407 notari,
324 371 368 401 sed
384 370 527 408 publicam
545 370 677 408 Injuriam
693 370 816 411 Legibus
831 373 864 402 δε
875 370 1085 411 Magistratibus
1093 369 1156 399 vin-

0 411 39 444 teg
45 428 52 435 .

0 2696 81 2724 xx71.

0 2736 54 2768 460.

0 2821 56 2875 ¹598.

0 2885 65 2910 24¹·

0 2920 59 2952 up.

103 409 250 439 dicandam
267 409 313 439 vel
328 409 548 439 condonandam
563 410 748 448 permittunt,
767 410 782 438 a
796 409 896 440 Nobis
917 419 1009 441 autem
1019 432 1029 448 ,
1048 409 1067 439 fi
1085 408 1154 438 deli-

103 446 227 484 deretur,
243 448 280 477 ne
296 448 418 477 nimium
432 457 566 486 quantum
584 447 663 478 Dani
676 447 817 486 flagitent,
835 449 912 516 quod
929 449 992 479 alias
1006 447 1154 486 objectum

101 494 159 515 non
174 485 347 523 recusamus,
365 496 477 523 aequam
492 485 732 523 moderationem,
750 486 795 516 sed
811 488 847 516 aei
863 487 961 517 imario
968 495 1062 517 tamen
1071 485 1155 515 Mer-

97 524 178 552 cium
200 532 373 563 ereptarum,
399 525 433 556 &
457 524 566 555 Damni
593 524 659 555 inde
679 526 753 561 orti,
779 523 1030 564 Impensarumque
1051 524 1154 554 Aetori

103 562 307 600 concedenda,
326 573 384 592 non
398 570 494 593 autem
510 562 589 601 Reo,
608 563 645 592 ne
665 563 721 599 iple
742 562 794 592 fibi
805 562 854 600 Jus
871 562 946 593 dicat
971 563 1067 601 postea
1080 562 1154 592 indi-

99 601 204 637 cantis,
232 599 348 640 Religio
371 602 506 638 accedat,
529 611 593 638 quae
614 600 755 637 statuerit,
779 602 848 638 quid
870 602 976 638 aequius
998 601 1151 638 meliusque

96 647 184 676 penes
200 648 286 678 quem
299 640 425 670 lubenter
441 639 676 670 Moderationem
691 638 771 669 istam
787 639 844 668 elie
853 639 1002 670 volumus:
1025 640 1150 677 Deinde,

95 676 116 706 fi
136 677 183 714 qui
207 678 458 716 Adversariorutn,
482 679 506 709 la
529 678 546 707 ii
571 677 716 714 Fortunis,
743 677 948 707 omnimodam
969 678 1148 708 Solutionem

93 713 229 752 ,praestare
249 726 404 756 nequeant,
427 726 474 747 aut
504 728 512 746 i
538 716 584 753 qui
600 715 684 752 parati
698 715 847 753 transigere
863 716 980 754 Judicio
994 716 1148 753 disceptare

95 754 187 784 noluit
202 755 258 792 eis,
270 755 359 785 fei-am
375 757 460 785 etiam
474 754 665 784 Conditiones
676 753 855 792 tollerabiles,
875 755 982 784 tametfi
1003 756 1039 785 ita
1056 756 1149 785 metiti

95 800 128 821 ut
142 792 240 822 favore
255 795 300 822 vix
313 794 391 830 digni
406 794 483 829 sunt,
501 792 546 821 sed
562 792 598 821 sic
614 800 709 821 tamen
722 791 833 822 videtur
853 793 1034 831 faciendum,
1059 801 1089 823 ut
1102 794 1148 823 hae

98 830 178 861 Lites
193 831 307 862 tandem
321 831 407 861 finem
421 831 582 867 inveniant,
609 830 750 867 protalatae
765 832 794 859 iii
810 830 903 868 plures
924 831 1026 861 Annos
1041 831 1148 861 multo-

97 879 160 898 rum
176 871 339 900 miserorum
355 869 523 899 Hominum
541 869 644 905 exitio,
663 878 718 898 nec
731 868 786 899 ulla
800 869 942 907 utriusque
962 869 1062 899 vestrae
1078 869 1147 900 Ma-

92 907 201 945 jestatis
227 907 376 944 molestia,-
405 907 442 937 Et
463 906 571 943 prorsus
594 906 652 936 hoc
672 915 754 945 agam
772 915 800 936 ut
824 907 930 937 Pacem
948 907 1147 938 Concordiam

96 946 267 978 Amicitiam
290 947 306 976 ὰ
327 956 374 976 1116
395 945 539 986 quaelitam
560 944 617 975 csse
640 955 782 983 appareat,
807 945 876 976 sicut
899 947 982 976 initio
1005 946 1148 984 pollicitus

92 984 165 1015 sum.

136 1023 315 1062 Quapropter
343 1020 527 1061 (Sereniffima
548 1025 653 1059 Regina
676 1024 799 1051 Hcroina
820 1022 937 1059 inclita)
966 1024 1055 1062 quum
1070 1027 1086 1054 a
1102 1033 1149 1054 me

91 1062 153 1100 jam
168 1061 306 1091 ostensum
324 1061 355 1090 sit
366 1060 473 1099 justum
488 1061 562 1098 effe,
581 1061 660 1098 quod
677 1061 733 1091 hac
751 1061 910 1099 Legatione
931 1064 946 1092 a
969 1063 1148 1093 Sereniffimo

95 1102 164 1137 Rege
177 1109 243 1129 meo
259 1109 311 1136 pro
328 1099 452 1130 Subditis
468 1100 568 1139 petitur
591 1101 625 1130 ὃς
640 1099 720 1129 Fidei
742 1099 978 1139 Humanitatique
1000 1102 1148 1132 consenta-

93 1147 197 1174 neum,
213 1137 298 1176 idque
313 1145 374 1168 tum
393 1137 427 1168 ad
442 1137 608 1168 Amicitiam
624 1139 779 1177 pertineat,
803 1147 867 1169 tum
884 1140 1036 1178 benignam
1058 1141 1148 1170 utrin-

93 1186 149 1213 que
169 1175 348 1206 Officiorum
368 1178 400 1207 &
418 1175 676 1207 Commerciorum
695 1175 1004 1209 Conimunicationem
1027 1188 1148 1209 concer-

94 1223 160 1252 nat,
180 1213 267 1244 Modi
284 1216 368 1245 etiam
383 1216 415 1246 ὃς
432 1214 639 1253 Conditiones,
657 1224 741 1254 prout
756 1226 797 1245 res
816 1217 925 1256 ferunt,
948 1217 1064 1247 minimi
1088 1226 1150 1256 gra—

93 1262 141 1283 ves
166 1252 199 1283 &
222 1254 312 1291 iniqui
334 1254 398 1283 sunt
420 1253 573 1291 propositi,
600 1253 720 1283 confido
737 1253 947 1285 Serenissimam
970 1255 1148 1294 Majqstatem

92 1297 172 1321 tuam
193 1292 333 1322 rationem
347 1291 555 1322 Intercessionis
571 1291 695 1329 Regiae,
715 1293 747 1323 &
765 1292 939 1324 Afflictionis
960 1302 1003 1324 tot
1028 1294 1145 1325 misero-

93 1339 159 1359 rum
171 1329 341 1361 Hominum
352 1353 362 1369 ,
380 1341 432 1369 pro
446 1331 490 1361 sua
506 1331 630 1369 ingenita
643 1330 818 1368 Benignitate
833 1332 866 1362 &
883 1334 921 1362 rei
937 1334 1085 1370 aequitate,
1096 1333 1146 1363 ha-

93 1369 237 1406 bituram,
254 1369 386 1408 equidem
403 1379 464 1399 non
478 1368 587 1399 inficias
718 1370 902 1410 (Seremffima
919 1371 1039 1408 Regina)
1063 1372 1082 1401 fi
1096 1379 1147 1400 tua

95 1406 231 1445 Majestas
245 1407 349 1444 spec‘tet
365 1407 499 1438 Subditos
510 1407 572 1437 suos
585 1407 689 1444 aliquid
705 1409 743 1437 eis
757 1408 934 1439 decessurum
943 1432 952 1447 ,
977 1419 1004 1440 at
1027 1410 1046 1440 si
1058 1409 1147 1446 Justi—

95 1446 142 1476 cia
157 1445 240 1476 Fides
254 1446 422 1476 Humanitas
444 1446 578 1476 Amicitia
594 1445 739 1476 Officium
755 1447 901 1484 respiciat,
921 1448 1017 1478 multo
1063 1458 1092 1478 us
1118 1459 1148 1478 e-

95 1486 148 1522 rit,
168 1484 187 1514 si
204 1485 235 1514 iis
249 1484 353 1523 aliquid
368 1484 504 1523 decedat,
521 1484 649 1522 praestitit
663 1492 758 1514 autem
772 1486 941 1525 Sereniffima
956 1487 1035 1524 qu'e
1059 1497 1089 1516 as
1098 1495 1147 1516 tua

94 1522 223 1553 adversus
246 1523 357 1560 quosvis
377 1522 484 1552 Hostes
506 1523 643 1553 haetenus
662 1522 689 1552 se
713 1523 869 1562 invidiam,
889 1525 926 1554 ne
947 1525 1043 1555 vincat
1063 1526 1147 1564 igitur

94 1561 196 1592 Decus
215 1563 248 1592 &
267 1560 398 1591 Gloriam
422 1561 486 1591 vilis
511 1560 698 1591 Subditorurn
713 1562 816 1591 utilitas
830 1563 860 1591 in
876 1562 956 1592 lucro
969 1565 1069 1600 iniquo
1082 1564 1147 1602 sita,

92 1604 131 1630 ne
145 1609 205 1629 non
220 1599 252 1630 lis
266 1599 378 1639 Regina
393 1599 579 1637 undequaque
592 1600 711 1638 invidia,
727 1600 879 1630 consecuta
894 1600 934 1630 est
951 1601 1084 1639 Majestas
1100 1610 1147 1633 tua

93 1639 195 1668 omnia
208 1647 270 1676 quae
285 1637 435 1675 Princeps,
459 1639 556 1668 immo
572 1647 636 1676 quae
651 1637 797 1676 quisquam
811 1640 980 1669 mortalium
997 1663 1006 1678 ,
1039 1639 1149 1670 summa

93 1677 126 1706 in
139 1675 207 1707 Vita
221 1676 270 1706 sibi
285 1686 379 1714 optare
392 1677 502 1715 posset,
522 1676 588 1707 Reli
613 1677 642 1710 io
658 1679 746 1714 vero,
765 1677 797 1706 &
814 1677 913 1707 Salutis
936 1687 1050 1708 aeternae
1071 1680 1149 1710 noti-

94 1715 151 1754 tia,
176 1715 191 1745 a
206 1714 275 1745 Deo
287 1715 350 1746 data
373 1715 431 1753 est,
455 1715 570 1746 Natura
591 1685 744 1745 {eroicum
769 1715 927 1753 Animum,
954 1716 1149 1747 felicissimum

94 1751 261 1792 Ingenium,
288 1755 321 1785 ὃ(
344 1755 495 1794 egregium
517 1763 666 1792 rarumque
682 1753 821 1790 Corporis
837 1754 935 1784 Decus
951 1765 985 1785 ac
1009 1756 1148 1794 Vigorem

92 1792 207 1830 tribuit,
225 1791 328 1829 Opum
343 1792 556 1823 &Divitiarum
572 1792 720 1822 aFortuna
734 1792 850 1823 abunde
865 1792 922 1831 est,
939 1793 1073 1824 inclitum
1087 1794 1148 1825 hoc

93 1829 234 1870 Regnum
255 1831 443 1861 Subditorum
467 1831 538 1861 Fide
557 1830 677 1861 firmum
697 1840 730 1861 ac
754 1830 868 1868 stabile,
885 1841 912 1862 at
928 1832 992 1862 haec
1007 1834 1104 1864 omnia
1117 1842 1150 1863 ut

198 1869 341 1907 splendida
355 1869 387 1899 &
403 1869 553 1908 magnifica
565 1869 629 1900 sunt
643 1869 780 1908 Caduca,
797 1870 831 1900 &
853 1870 902 1900 suo
920 1878 1048 1908 tempore
1063 1880 1152 1902 trans-

95 1908 185 1946 itura,
219 1907 314 1938 Virtus
336 1916 433 1938 autem
458 1907 644 1939 Sereniffirrae
666 1907 823 1945 Majestatis
842 1916 899 1950 tuae
921 1910 936 1938 a
958 1911 1072 1940 nemine
1091 1910 1152 1940 satis

95 1946 220 1985 laudata,
238 1956 324 1984 quarn
342 1946 395 1983 ipsa
410 1946 586 1977 Serenissitna
603 1946 737 1985 Majestas
751 1955 798 1976 tua
819 1947 833 1976 a
848 1950 875 1976 ie
897 1949 1004 1985 paravit
1028 1950 1151 1979 immor-

95 1985 156 2015 talis
170 1985 226 2023 est,
247 1986 404 2015 comitante
417 1995 481 2015 eam
497 1984 601 2015 Gloria
615 1985 687 2015 item
705 1985 880 2023 immortali,
905 1986 923 2016 si
937 1986 1013 2016 nulla
1028 1987 1092 2017 labe
1106 1989 1152 2018 in-

95 2024 244 2061 quinetur,
270 2023 350 2060 hujus
374 2023 469 2062 Regni
494 2024 527 2054 &
551 2023 695 2053 Nominis
719 2023 883 2061 decorisque
904 2034 991 2063 cura,
1016 2035 1075 2055 non
1101 2027 1152 2057 nisi

96 2071 165 2091 cum
185 2062 322 2092 omnium
347 2061 458 2091 Rerum
483 2062 672 2092 humanarum
696 2072 764 2092 cura
787 2062 972 2101 deponenda,
996 2065 1063 2094 nam
1084 2064 1152 2102 quid

97 2101 195 2138 magni
209 2101 238 2129 in
256 2099 373 2129 Mundo
386 2109 497 2139 partum
513 2101 612 2138 fucrit,
628 2100 648 2130 si
663 2109 723 2130 non
740 2102 779 2131 ita
793 2101 856 2131 aista
871 2101 952 2139 hujus
970 2101 1044 2132 Vitae
1061 2102 1154 2134 Fabu-

96 2138 123 2168 la
140 2146 172 2168 ut
186 2137 287 2168 stetisse
302 2138 427 2177 dicatur,
444 2138 473 2168 id
487 2138 545 2177 est,
563 2147 594 2168 ut
608 2138 693 2168 Bonis
707 2140 824 2176 probata
838 2139 884 2177 lit,
903 2140 1057 2177 Quantum
1074 2143 1153 2172 enim

100 2175 245 2206 Homines
262 2176 327 2206 mali
343 2178 532 2214 obloquantur
544 2199 554 2214 ,
579 2178 613 2209 &
626 2176 729 2207 Hostes
750 2177 876 2208 Virtutes
897 2178 1074 2218 detractent,
1093 2190 1154 2211 non

98 2215 270 2254 magnopere
294 2215 485 2253 morandum,
512 2214 541 2245 id
562 2215 742 2254 cavendum,
769 2217 807 2246 ne
832 2217 903 2246 boni
927 2216 1090 2257 Homines,
1116 2220 1154 2249 ne

97 2253 198 2284 Amici
216 2262 322 2283 veteres
336 2253 433 2284 finceri
448 2254 481 2285 &
497 2253 672 2292 constanteS,
688 2254 810 2285 habeant
824 2255 903 2292 quod
918 2257 1021 2287 merito
1035 2268 1154 2295 queran-

97 2299 160 2328 tur,
179 2291 224 2322 sed
240 2292 351 2329 longius
367 2301 415 2322 me
432 2292 565 2322 evectum
583 2292 674 2323 sentio
689 2303 774 2331 quarn
791 2293 865 2323 forte
880 2293 998 2333 deceat,
1016 2295 1155 2326 dumam-

98 2330 220 2359 bitiosius
235 2329 333 2359 studeo
348 2331 498 2367 impetrare
515 2330 590 2368 quod
605 2332 691 2361 volo:
712 2330 807 2369 Itaque
824 2331 872 2362 hic
888 2333 1041 2372 consistam
1054 2333 1150 2365 finem-

99 2378 156 2405 que
171 2368 277 2399 faciam
287 2390 295 2406 ‚
312 2367 430 2398 demiffe
444 2370 591 2399 obsecrans
604 2370 638 2401 &
653 2369 814 2407 obtestans,
832 2375 869 2400 116
889 2371 1071 2402 Serenissima
1085 2376 1155 2402 Ma-

98 2406 180 2446 iestas
201 2414 251 2436 tua
275 2406 338 2436 haec
365 2409 380 2437 a
403 2416 450 2437 me
471 2407 605 2438 aliorsum
628 2407 704 2438 dicta
726 2409 846 2445 accipiat
862 2410 948 2446 quam
966 2410 1074 2449 publici
1099 2410 1156 2441 Bo-

98 2449 130 2475 ni
156 2445 249 2475 studio
266 2467 276 2482 ‚
310 2445 347 2475 ⁴&
374 2445 476 2477 sincera
503 2455 568 2486 erga
589 2445 768 2485 Majestatem
789 2453 866 2476 tuam
890 2447 1067 2480 observantia
1085 2448 1154 2480 fide-

100 2493 183 2522 que,-
222 2484 302 2521 cujus
328 2481 437 2514 Gratiae
466 2494 499 2515 ac
524 2483 700 2515 Clementiae
725 2486 763 2515 ita
782 2494 828 2514 me
847 2486 1085 2518 commendatum
1103 2498 1156 2519 cu-

98 2523 152 2590 Ξίο
166 2545 177 2560 ,
212 2530 242 2553 ut
256 2522 303 2560 qui
322 2522 472 2554 humilime
489 2533 553 2554 mea
569 2522 658 2554 studia
675 2524 774 2555 omnia
791 2524 888 2555 defero
908 2547 919 2563 ,
943 2525 976 2556 &
997 2535 1045 2557 me
1060 2535 1156 2558 totum

120 2570 241 2592 evoveo.

205 2686 230 2712 *
255 2687 410 2732 Restitutio
431 2691 655 2737 Temporalium
674 2701 728 2736 pro
750 2692 888 2738 Epiftopo
911 2694 1040 2739 Bangor.

107 2772 274 2827 REgina,
291 2774 435 2807 Escaetori
449 2775 499 2806 suo
514 2778 544 2807 in
564 2776 716 2808 Comitatu
733 2777 850 2813 Angles.
877 2777 1013 2809 Salutem.

119 2850 123 2854 ¹
205 2812 331 2845 Vacante
362 2823 450 2854 nuper
488 2815 561 2846 Sede
593 2815 754 2855 Episcopali
787 2816 909 2856 Bangor.
947 2827 996 2854 per
1026 2817 1158 2848 Transsa-

103 2858 217 2881 tionem
238 2853 331 2882 ultimi
354 2853 484 2893 Episcopi
494 2853 607 2884 'ibidem
622 2854 657 2884 ad
672 2854 873 2894 Episcopatum
890 2855 1158 2886 Cestren.Decanus

102 2889 135 2918 &
159 2890 311 2928 Capitulum
326 2891 459 2922 Ecclefiae
472 2892 651 2923 Cathedralis
667 2892 784 2923 Banoor.
805 2893 936 2925 Licentia
957 2894 1054 2925 nostra
1069 2895 1158 2932 petita

104 2928 203 2964 pariter
218 2929 250 2960 &
263 2930 398 2968 obtenta,
415 2931 554 2962 dileetum
570 2932 652 2961 nobis
669 2931 700 2960 in
715 2916 853 2971 Christo,
876 2935 1024 2962 Henricum
1036 2933 1158 2964 Roulan-

104 2965 138 2994 de
162 2965 254 2998 Sacrae
272 2968 447 3005 Theologiae
466 2969 679 3007 Baccalareum,
696 2979 731 3000 ac
753 2981 841 3008 nuper
857 2971 1013 3002 Decanum
1035 2972 1157 3009 ejusdem

103 3003 240 3072 Pllcclesiae
256 3005 430 3037 Cathedralis
448 3007 569 3046 Bangor.
587 3008 616 3037 in
637 3017 738 3038 eorum
759 3008 989 3047 Episcopum,&
1010 3010 1158 3042 Pastorem

101 3052 117 3073 e
128 3052 264 3082 egerunt,

143 3081 204 3112 Cui
218 3083 333 3120 quidem
354 3082 497 3113 Eleffloni
516 3084 548 3114 &
564 3083 696 3114 Personae
716 3085 754 3114 fic
774 3085 873 3116 eleetae
886 3086 934 3117 Re
955 3087 1015 3117 ium
1029 3086 1159 3119 nostrum

104 3119 457 3152 Affensumadhibuimus
476 3123 508 3152 &
529 3121 685 3154 Favorem,
712 3122 847 3162 ipsiusque
872 3124 941 3155 Fide
954 3127 1051 3155 itatem
1074 3128 1159 3157 nobis

102 3158 229 3189 debitam
248 3170 300 3197 pro
317 3160 396 3190 dieto
409 3159 578 3198 Episcopatu
591 3161 765 3199 recepimus,
782 3171 816 3191 ac
836 3161 1020 3200 Temporalia
1033 3165 1159 3202 ejusdem

102 3195 291 3235 Episcopatus
310 3200 442 3238 (exceptis
453 3200 586 3229 omnibus
600 3198 754 3238 Maneriis,
778 3200 893 3238 Terris,
921 3201 1109 3234 Tenementis
1124 3205 1158 3235 ὃς

103 3234 354 3268 Haereditamentis
375 3247 445 3267 curn
465 3236 660 3276 Pertinentiis,
682 3238 822 3275 praedieco
844 3238 1027 3278 Episcopatui
1048 3242 1159 3273 dudum

103 3273 291 3312 spectantibus
312 3277 345 3307 &
365 3276 564 3312 pertinentibus
577 3298 587 3314 ,
615 3276 706 3306 modo
730 3277 760 3306 in
782 3287 881 3308 manus
908 3277 1031 3317 nostem,
1060 3282 1158 3320 vigore

104 3315 249 3352 cujuidam
271 3314 361 3345 Actus
382 3313 562 3344 Parliamenti
575 3336 585 3351 ,
623 3314 711 3344 Anno
733 3314 831 3351 Regni
852 3316 938 3347 nostri
953 3318 1064 3357 primo,
1094 3320 1161 3350 inde

108 3364 198 3392 nuper
220 3352 288 3382 editi
303 3354 336 3384 &
350 3352 471 3390 provisi,
492 3351 588 3381 cleeris
603 3352 636 3381 &
653 3353 753 3391 captis,
777 3354 797 3383 si
820 3364 883 3392 quae
903 3355 1066 3393 hujusmodi
1090 3358 1160 3397 sint,

107 3405 142 3425 ac
159 3394 188 3422 iri
206 3391 358 3422 Scaccario
374 3390 472 3421 nostro
484 3390 520 3420 de
532 3389 672 3420 Recordo
687 3393 856 3430 remanent.)
881 3394 909 3423 ei
933 3393 1099 3428 restituimus
1112 3406 1161 3435 per

105 3431 273 3463 Praesentes‘

141 3471 180 3501 Et
190 3469 257 3500 ideo
266 3454 325 3500 ⁷tibi
341 3469 536 3506 praecipimus,
556 3467 637 3505 quod
653 3467 769 3505 praefato
784 3468 879 3499 Eledlo
891 3470 1075 3508 Temporalia
1089 3482 1162 3511 prae-

107 3509 184 3540 dista
200 3517 269 3538 cum
284 3508 477 3544 Pertinentiis,
491 3507 520 3536 in
536 3505 640 3537 Balliva
654 3514 702 3537 tua
725 3507 867 3544 (exceptis
887 3512 1083 3548 praeexceptis)
1107 3512 1162 3541 una

107 3557 179 3578 cum
188 3546 318 3577 Exitibus
332 3547 365 3576 δε
380 3545 513 3575 Proficuis
528 3544 610 3583 inde,
625 3545 641 3573 a
657 3554 738 3574 nono
751 3546 797 3575 die
808 3546 877 3584 Julii
892 3547 980 3577 Anno
994 3548 1090 3588 Regni
1104 3560 1160 3580 no—

109 3585 159 3616 stri
177 3584 319 3616 tricesimo
338 3593 418 3614 nono
436 3584 578 3623 praeterito
605 3582 747 3621 hucusque
766 3586 996 3620 provenientibus
1015 3587 1071 3617 sive
1092 3588 1166 3618 cres-

111 3624 260 3691 cerlitibus,
273 3622 375 3662 absque
383 3622 556 3662 Compmo,
576 3621 632 3652 sine
646 3621 777 3653 dilatione
793 3622 926 3662 Liberes,
939 3623 1013 3656 salvo
1023 3624 1094 3664 Jure
1110 3636 1163 3657 cu-

111 3662 153 3699 jul
166 3662 232 3692 ibet.

149 3737 237 3805 Τὶίὶςε
250 3738 363 3778 Regina
376 3739 452 3778 apud
474 3738 752 3778 Wstmonasterium,
774 3737 892 3769 decimo
912 3740 1012 3777 quinto
1025 3740 1078 3773 die
1101 3741 1166 3773 De-

114 3784 180 3805 cem
202 3785 245 3806 ris.

670 3856 724 3884 Per
739 3857 834 3884 Breve
847 3854 880 3885 de
895 3856 1015 3886 Privato
1030 3856 1129 3895 Sigillo.

119 3926 244 3960 Confilia
255 3926 352 3960 Brevia
367 3928 520 3970 diriguntur
536 3930 733 3963 Escactoribus
754 3931 910 3970 subscriptis
928 3932 959 3964 in
978 3931 1170 3966 eomitatibus

465 3970 644 4009 subscriptis,
663 3969 813 4009 videlicet,

153 4041 297 4081 Efiaetori
307 4043 359 4082 fico
377 4047 407 4074 in
425 4048 496 4077 com.
515 4050 686 4078 Carnervon.

153 4081 292 4119 Esiaetori
304 4083 353 4121 sito
372 4086 403 4113 in.
420 4085 493 4114 Com.
507 4085 658 4124 Denbighe.

151 4123 225 4151 Tom.
242 4122 307 4152 VII.
322 4122 355 4151 P.
373 4123 397 4151 I.

1231 204 1702 250 PUBLICA.

2180 230 2259 265 209

1229 289 1428 330 Estaetorifto
1444 295 1472 322 in
1487 298 1559 324 Cam.
1575 298 1805 334 Mountgomeryel
2274 298 2404 334 Ann.D.¹

1235 330 1374 371 Esqaetori
1383 329 1434 369 fico
1447 335 1477 360 in
1492 337 1564 361 Com.
1580 335 1671 364 Midd.
2292 339 2376 376 1598.

1234 368 1378 404 Escaetori
1388 368 1439 407 fito
1455 373 1485 398 in
1504 374 1566 399 Com
1595 372 1761 401 Merioneth.
2267 384 2314 412 41.
2331 379 2399 415 eliz,

1230 404 1337 434 Dileo‘lo
1356 406 1393 440 όν
1404 407 1546 446 fidelisiaeo
1564 408 1710 447 Stephano
1729 410 1833 440 Soame
1851 412 1996 449 Armigero
2005 413 2112 451 Iliajori
2132 416 2244 444 Civita-

1267 447 1304 471 tis
1335 444 1431 484 nostrae
1462 446 1588 479 London.
1625 459 1656 476 ac
1686 449 1827 486 Escaetori
1848 452 1899 488 juo
1926 450 2002 487 mfra
2026 452 2139 482 eandem
2165 456 2245 484 Civi-

1265 488 1362 511 tatem.

2301 419 2358 451 Reg.

1218 557 1267 601 *Et
1290 560 1456 591 mandatum
1473 561 1513 592 est
1536 562 1698 601 Militibus,
1732 562 1822 592 liberis
1840 562 2033 603 Hominibus,
2059 568 2091 597 &
2111 568 2247 600 omnibus

1189 595 1247 625 aliis
1260 597 1441 630 Tenentibus
1456 601 1492 630 de
1506 600 1677 639 Episcopatu
1693 601 1932 639 praedittoffiuod
1947 603 2037 633 eidem
2055 605 2166 643 Elec‘i‘o,
2182 614 2245 636 tan-

1189 644 1275 671 quam
1291 636 1434 674 Episcopo
1449 640 1482 669 &
1508 640 1644 670 Domino
1665 641 1736 676 suo,
1760 641 1789 669 in
1811 640 1961 677 omnibus,
1987 651 2050 679 quae
2075 645 2109 672 ad
2126 643 2244 680 Episco-

1187 682 1301 742 patumd
1314 676 1486 711 praedictum
1508 680 1676 717 pertinent,
1707 677 1884 709 intendentes
1910 679 1962 708 sint
1991 681 2024 710 &
2050 680 2246 717 respondentes

1187 721 1271 747 prout
1303 722 1373 744 ecct.

1222 787 1257 819 In
1275 790 1354 828 cujus
1367 787 1425 830 161,
1441 793 1502 824 &c.

1235 866 1239 870 '
1260 865 1350 899 Teste
1369 877 1402 899 ut
1419 869 1506 907 supra.
2233 877 2249 886 ‘⁴

1644 958 2245 974 Ἣ

1282 1012 1332 1043 De
1352 1011 1546 1056 Restitutione
1566 1015 1790 1062 Umporalium
1808 1028 1864 1063 pro
1895 1021 2030 1066 Episcopo
2054 1022 2153 1055 Exon.

1189 1094 1344 1149 REgina
1359 1121 1368 1135 ,
1400 1098 1542 1129 Escaetori
1565 1100 1614 1130 suo
1638 1102 1667 1131 in
1687 1101 1835 1133 Comitatu
1856 1103 1974 1135 Devon.
2013 1105 2148 1137 Salutem.
2267 1120 2334 1151 An„
2353 1119 2393 1151 D*

1222 1173 1227 1178 .
1288 1135 1414 1180 Vacante
1433 1148 1521 1180 nuper
1540 1138 1710 1178 Episcopatu
1738 1140 1833 1171 Exon.
1858 1153 1906 1179 per
1933 1144 2154 1175 promotionem
2180 1147 2243 1178 ulti-
2293 1145 2367 1197 1533
2386 1144 2394 1152 ’
2434 1158 2436 1162 ’

1188 1181 1227 1201 mi
1248 1171 1381 1217 Episcopi
1399 1175 1506 1205 ibidem
1523 1177 1556 1206 ad
1578 1177 1780 1215 Episcopatum
1800 1181 1916 1217 Wigorn.
1935 1185 2061 1212 Dei-anus
2078 1184 2112 1214 &
2131 1187 2243 1224 capitu-
2293 1199 2350 1225 Md
2370 1182 2377 1189 '

1187 1209 1241 1239 lum
1260 1212 1393 1257 Eccleiiae
1414 1213 1585 1245 Cathedralis
1600 1216 1695 1246 Exon.
1715 1217 1847 1249 Licentia
1868 1219 1961 1250 nostrii
1981 1221 2068 1258 petita
2087 1224 2188 1261 pariter
2209 1225 2242 1255 &
2351 1218 2360 1226 ⁴

1187 1250 1307 1280 obtenta
1322 1274 1332 1288 ,
1364 1251 1501 1282 dilectum
1521 1254 1603 1283 nobis
1623 1256 1652 1285 in
1675 1253 1794 1285 Christo
1810 1278 1819 1293 ‚
1851 1257 2025 1288 Willielmum
2045 1263 2130 1289 Coton
2151 1261 2246 1293 Sacrae

1186 1287 1364 1326 Theologiae
1383 1290 1592 1330 Professorem,
1614 1293 1643 1322 in
1663 1302 1765 1324 eorum
1783 1293 1956 1333 Episcopum
1975 1299 2009 1329 δε
2028 1297 2176 1330 Pastorem
2191 1302 2248 1332 ele-

1184 1334 1304 1364 gerunt,-

1226 1364 1285 1395 Cui
1305 1366 1420 1404 quidem
1436 1367 1579 1399 Eleffloni
1597 1369 1630 1399 &
1646 1369 1777 1401 Personae
1791 1371 1829 1402 sic
1846 1373 1944 1403 eiectae
1966 1373 2095 1411 Regium
2112 1377 2245 1410 nostrum

1189 1403 1337 1447 Affensum
1359 1406 1536 1437 adhibuimus
1555 1407 1587 1437 &
1608 1407 1768 1447 Favorem,
1794 1411 1929 1448 ipsiusque
1953 1412 2126 1444 Fidelitatem
2147 1418 2247 1448 Nobis

1186 1441 1311 1485 debitam
1332 1453 1382 1480 pro
1401 1443 1481 1474 dieto
1499 1445 1665 1485 Episcopatu
1679 1446 1818 1477 Exonien.
1838 1451 2015 1488 recepimus,
2033 1463 2065 1482 ac
2083 1453 2247 1493 Tempora-

1187 1480 1222 1510 lia
1245 1480 1370 1526 ejusdem
1396 1481 1584 1523 Episcopatus
1611 1485 1751 1523 (exceptis
1776 1488 1914 1517 omnibus
1942 1487 2097 1527 Maneriis,
2129 1493 2245 1533 Terris,

1186 1518 1374 1550 Tenementis
1390 1522 1423 1551 &
1442 1521 1691 1554 Haereditamentis
1709 1533 1777 1554 cum
1802 1523 1998 1564 Pertinentiis,
2022 1529 2160 1564 praedieto
2178 1532 2250 1569 Epi..

1187 1558 1312 1594 scopatui
1337 1558 1446 1589 dudum
1471 1560 1657 1597 spectantibus
1674 1563 1707 1592 ὃς
1727 1564 1929 1598 pertinentibus
1942 1588 1951 1602 ,
1979 1566 2070 1596 modo
2090 1568 2119 1597 in
2143 1569 2252 1601 Manus

1188 1596 1313 1639 nostras,
1327 1598 1430 1640 ‘vigore
1448 1599 1591 1637 cujusdam
1609 1599 1703 1631 Actus
1721 1601 1916 1641 Parlianienti,
1941 1604 2030 1634 Anno
2048 1605 2145 1644 Regni
2163 1609 2251 1639 nostri

1188 1645 1306 1672 primo,
1324 1637 1389 1666 inde
1409 1646 1497 1674 nuper
1516 1638 1584 1668 editi
1603 1640 1636 1669 ὃς
1652 1640 1773 1676 provisi,
1789 1641 1885 1672 eleffls
1902 1644 1936 1673 &
1956 1643 2041 1681 captis
2077 1644 2096 1673 fi
2135 1656 2177 1676 uae
2197 1646 2251 1677 hu-

1185 1673 1310 1717 jusmodi
1335 1674 1403 1711 sint,
1430 1684 1463 1704 ac
1488 1676 1517 1705 in
1545 1675 1697 1707 Scaccario
1717 1678 1817 1709 nostro
1842 1680 1877 1710 de
1893 1680 2033 1713 Recordo
2049 1666 2118 1713 ken
2139 1686 2201 1722 en.)
2223 1687 2250 1717 ei

1191 1711 1363 1742 restituimus
1381 1722 1430 1749 per
1450 1713 1611 1745 Praesentes.

1227 1749 1265 1780 Et
1280 1750 1348 1780 ideo
1364 1752 1415 1781 ribi
1434 1753 1614 1789 praecipimus
1631 1754 1710 1792 quod
1731 1756 1848 1792 praefato
1870 1755 1965 1786 Eleae
1978 1758 2164 1798 Temporalia
2178 1773 2250 1800 prae-

1189 1789 1265 1819 dieta
1285 1799 1353 1831 curn
1371 1788 1552 1820 Pertinentiis
1573 1792 1714 1832 (exceptis
1733 1796 1932 1832 praeexceptis)
1961 1797 1990 1826 in
2009 1797 2111 1828 Balliva
2133 1809 2178 1831 tua
2199 1804 2253 1832 una

1189 1837 1260 1857 cum
1280 1826 1410 1858 Exitibus
1426 1830 1460 1860 &
1479 1828 1618 1860 Proficuis
1639 1833 1654 1847 ³*
1675 1831 1758 1870 inde,
1785 1834 1799 1862 a
1819 1833 1936 1864 decimo
1954 1834 2014 1866 Die
2032 1836 2172 1868 Octobris
2192 1842 2253 1870 An-

1190 1876 1230 1896 no
1254 1865 1348 1905 Regni
1375 1866 1463 1897 nostri
1490 1868 1633 1899 tricesimo
1661 1879 1742 1899 nono
1768 1870 1914 1910 hucusque
1942 1876 2172 1909 provenientibus
2197 1879 2255 1911 sive

1191 1903 1398 1943 crescentibus,
1417 1905 1474 1936 sine
1492 1906 1628 1937 dilatione
1646 1907 1778 1945 Liberes3
1801 1909 1875 1940 salvo
1890 1910 1958 1948 Jure
1975 1913 2129 1950 cujussibet.

2267 1243 2292 1275 p.
2310 1246 2355 1264 20.

2275 1853 2291 1871 ’¹‘
2319 1855 2402 1882 XVI.-

2315 1895 2377 1929 361.

1192 1981 1328 2051 DTesteb
1347 1981 1461 2026 'Regina
1496 1983 1571 2021 apud
1603 1984 1865 2025 Wstmonasterium
1884 2010 1894 2026 ‚
1931 1987 2047 2020 decimo
2074 1993 2174 2030 quinto
2207 1995 2254 2026 die

1225 2030 1307 2051 eccm
1330 2030 1377 2051 ris.

1682 2103 1736 2131 Per
1749 2104 1844 2134 Breve
1857 2104 1889 2134 de
1908 2107 2029 2136 Privato
2046 2107 2146 2144 Sigillo.

1192 2174 1360 2207 Consimilia
1376 2176 1476 2221 Brevia
1490 2176 1652 2225 diriguntur
1668 2179 1864 2225 Escaetoribus
1885 2181 2059 2226 subscriptis,
2078 2185 2108 2215 in
2123 2184 2255 2219 Comita-

1386 2216 1461 2246 tibus
1477 2217 1509 2248 &
1528 2216 1699 2249 civitatibus
1716 2219 1895 2258 subscriptis,
1915 2221 2062 2260 Videlicet,

1231 2291 1376 2331 Esc‘aetori
1390 2292 1436 2331 fiio
1451 2296 1480 2322 in
1497 2298 1568 2323 Com.
1585 2294 1701 2324 Cornub.

1230 2331 1338 2363 Majori
1361 2335 1495 2361 Civitatis
1508 2333 1569 2371 fita·
1588 2335 1684 2362 Exon.
1695 2343 1727 2362 ac
1742 2332 1938 2372 Escaetorifito
1951 2334 2031 2374 infra
2044 2338 2156 2368 eandem
2177 2342 2257 2370 Civi-

1266 2377 1365 2399 tatem.

1232 2444 1278 2475 Ac
1296 2446 1462 2477 mandatum
1480 2446 1521 2477 est
1541 2447 1706 2487 Militibus,
1724 2447 1836 2479 Liberis
1854 2448 2056 2490 Hominibus,
2073 2453 2107 2483 &
2123 2457 2259 2486 omnibus

1195 2481 1254 2513 aliis
1267 2484 1446 2515 Tenentibus
1455 2485 1492 2515 de
1508 2485 1533 2515 E
1554 2485 1679 2524 iscopatu
1696 2487 1939 2525 praedicfto‚qubd
1958 2490 2051 2520 eidem
2067 2491 2179 2530 Eleae,
2196 2502 2259 2524 tan-

1195 2531 1280 2558 quam
1302 2522 1446 2561 Episcopo
1469 2523 1502 2554 &
1552 2526 1653 2554 omino
1674 2524 1742 2562 suo,
1763 2526 1792 2555 in
1805 2527 1953 2565 omnibus,
1969 2537 2033 2566 quae
2051 2529 2084 2559 ad
2104 2529 2258 2575 Episcopa-

1195 2567 1259 2589 tum
1273 2561 1443 2598 praedictum
1465 2564 1626 2603 pertinent,
1653 2562 1829 2594 intendentes
1845 2564 1898 2596 sint
1915 2565 2111 2606 respondentes
2132 2569 2165 2599 &
2181 2579 2258 2601 auxi-

1194 2598 1292 2630 liantes
1307 2608 1390 2637 prout
1403 2599 1497 2631 decet.

1234 2676 1268 2707 In
1284 2678 1364 2716 cujus
1380 2679 1437 2717 rei,
1454 2678 1518 2709 &c.

1269 2754 1359 2786 Teste
1376 2763 1408 2786 ut
1427 2755 1514 2794 supra.

1278 2883 1327 2915 De
1349 2879 1542 2926 Restitutione
1566 2882 1790 2928 Dmporalium
1805 2894 1861 2930 pro
1884 2886 2023 2931 Epifiopo
2046 2890 2172 2940 Saru'm.

1199 2965 1367 3021 REgffia,
1384 2967 1528 2999 Escaetori
1545 2967 1594 2998 suo
1609 2969 1638 2997 in
1657 2967 1805 3000 Comitatu
1821 2968 1930 3000 Sussex.
1958 2970 2092 3002 Salutem.

1298 3006 1424 3037 Vacante
1449 3017 1538 3044 nuper
1559 3005 1733 3049 *Episcopatu
1751 3007 1851 3038 Sarum
1870 3031 1879 3046 ,
1917 3018 1967 3046 per
1987 3009 2115 3040 Mortem
2143 3020 2254 3045 natura·
2277 3002 2353 3033 ΑῙΠῚ·
2373 3003 2410 3035 D·

1198 3048 1256 3077 lem
1273 3045 1367 3076 ultimi
1384 3044 1518 3083 Episcopi
1538 3044 1664 3082 ejusdem
1681 3068 1691 3083 ,
1729 3048 1855 3076 Decanus
1877 3047 1910 3077 &
1935 3048 2089 3085 Capitulum
2118 3049 2256 3083 Ecclefiae
2302 3042 2382 3079 1598-

1199 3083 1376 3115 Cathedralis
1396 3083 1497 3114 Sarum
1519 3082 1684 3123 praedi&ae‚
1714 3083 1844 3115 Licentia
1866 3084 1962 3115 nostra
1985 3087 2070 3123 petita
2093 3090 2195 3125 pariter
2215 3092 2248 3121 δε
2279 3084 2298 3107 1¹
2301 3089 2392 3123 y²‚'·4¹·

1197 3122 1316 3153 obtentfi⁴
1330 3144 1340 3160 ,
1368 3121 1507 3152 (111εᾶ11111
1531 3121 1565 3151 &
1583 3120 1696 3152 fidelem
1721 3121 1848 3153 nostrum
1871 3125 2019 3153 Henricum
2045 3130 2143 3156 Cotton
2209 3129 2260 3159 Sa·
2282 3119 2350 3146 53¹²·
2366 3125 2391 3156 P·

1198 3159 1444 3230 6136ΊΙἿ1160108136
1462 3159 1671 3198 Proffifforem,
1688 3160 1719 3190 in
1747 3170 1850 3191 eorum
1881 3160 2062 3201 Episcopum
2095 3166 2128 3196 &
2159 3151 2260 3198 Pasto-
2284 3166 2328 3192 ²3-

1197 3210 1258 3231 rem
1271 3211 1287 3231 e
1298 3209 1313 3230 e
1333 3208 1428 3229 erunt·

1237 3238 1297 3269 Cui
1315 3207 1432 3276 {uideni
1448 3235 1589 3267 Eleffloni
1607 3237 1639 3267 &
1654 3236 1784 3268 Personae
1797 3238 1835 3268 fic
1850 3238 1967 3277 eleffle,
1984 3239 2111 3280 Regium
2130 3242 2257 3274 nostrum

1201 3277 1352 3309 Aflensum
1373 3276 1554 3307 adhibuimus
1575 3276 1607 3306 &
1633 3275 1791 3314 Favorem,
1816 3277 1952 3315 ipsiusque
1978 3278 2158 3310 Fidelitatem
2174 3282 2259 3311 nobis

1199 3317 1324 3347 debitam
1338 3324 1390 3352 pro
1405 3314 1485 3345 dieto
1506 3312 1678 3351 Episcopatu
1693 3316 1867 3352 recepimus,
1885 3326 1918 3345 ac
1935 3316 2117 3353 Temporalia
2135 3319 2259 3355 ejusdem

1201 3352 1389 3392 Episcopatus
1408 3353 1542 3390 (exceptis
1557 3353 1691 3382 omnibus
1707 3352 1859 3390 Maneriis,
1885 3354 1998 3391 Terris,
2016 3355 2203 3386 Tenementis
2223 3359 2257 3388 ὃς

1201 3393 1454 3424 Haereditamentis
1476 3400 1546 3421 curn
1574 3390 1752 3421 Pertinentiis
1780 3392 1918 3428 praedisto
1946 3392 2127 3435 Episcopatui
2149 3394 2258 3426 dudum

1200 3431 1386 3469 spectantibus
1398 3430 1431 3460 δί
1444 3429 1661 3466 pertinentibus,
1682 3430 1773 3459 modo
1789 3431 1817 3459 in
1833 3440 1932 3461 manus
1953 3432 2073 3468 nostras,
2091 3441 2191 3468 vigore
2207 3444 2260 3465 cu-

1199 3470 1308 3509 jusdam
1325 3468 1419 3499 Aetfis
1433 3467 1627 3505 Parliamenti,
1645 3469 1735 3498 Anno
1751 3468 1850 3505 Regni
1868 3468 1955 3498 nostri
1969 3470 2062 3507 primo
2079 3470 2143 3499 inde
2167 3481 2257 3512 nuper

1202 3508 1319 3539 editi&
1335 3506 1454 3545 provisi,
1479 3506 1574 3536 cleeris
1590 3507 1623 3536 ὃς
1646 3507 1749 3545 captis,
1775 3507 1794 3536 si
1818 3517 1881 3544 quae
1903 3506 2061 3549 bujulhiodi
2081 3507 2149 3546 lint,
2168 3520 2201 3540 ac
2225 3512 2256 3542 in

1204 3548 1355 3578 Scaccatio
1371 3545 1469 3576 nostro
1483 3544 1520 3574 de
1543 3543 1679 3573 Recordo
1709 3545 1864 3580 remaiien')
1891 3546 1910 3574 11
1929 3554 1993 3581 quae
2009 3545 2070 3574 talia
2088 3545 2176 3578 Terra
2194 3549 2258 3580 Te-

1204 3594 1337 3617 nementa
1355 3584 1401 3615 vel
1419 3581 1662 3613 Haereditamenta
1677 3581 1799 3612 existunt
1817 3582 1854 3612 fic
1873 3582 1954 3612 ele&
1973 3582 2016 3612 vel
2035 3584 2120 3621 caPt'.
2139 3586 2164 3616 ei
2178 3587 2256 3618 resti..

1204 3626 1309 3657 tuimus
1331 3632 1379 3661 per
1397 3621 1561 3652 Praesentes·

1242 3663 1281 3696 Et
1297 3661 1365 3692 ideo
1379 3661 1467 3691 vobis
1480 3644 1643 3689 mandamus
1653 3658 1866 3702 quod'praefato
1881 3658 1976 3702 Είεὲἶο
1993 3659 2175 3698 Temporalia
2190 3665 2260 3703 ejus-

1206 3703 1275 3733 dem
1291 3698 1478 3739 Episcopatus
1495 3706 1566 3740 cum·
1583 3697 1758 3740 Pertinentiis
1771 3707 1799 3726 in
1818 3696 1929 3740 *Balliva
1949 3706 1995 3728 tua
2023 3702 2030 3730 l
2040 3703 2166 3746 exceptis
2189 3713 2261 3740 prae-

1206 3734 1936 3816 {251213{¹⁵13233}l{⁰‘315353bgssssffeifg'fi{saffica
1949 3736 2194 3817 ,Zoffiffssnffiss'ss
2205 3741 2262 3811 {233

1208 3816 1409 3852 crescentibus,
1428 3813 1484 3844 sine
1495 3812 1629 3842 dilatione
1639 3811 1754 3848 liberes,
1772 3811 1849 3841 salvo
1859 3813 1921 3850 jure
1935 3813 2091 3849 cujussibet.

1245 3892 1337 3924 Teste
1348 3892 1465 3931 Regina
1476 3888 1550 3929 apud
1567 3886 1842 3927 Wstmonasterium‚
1864 3888 2001 3920 vicesimo
2015 3892 2100 3923 tertio
2122 3892 2182 3924 Die
2203 3894 2264 3926 De-

1211 3932 1343 3964 cembris.

1695 4004 1749 4033 Per
1767 4006 1859 4035 Breve
1874 4004 1905 4036 de
1923 4007 2044 4039 Privato
2061 4007 2165 4047 sigillo,
2208 4029 2210 4031 >

1667 4118 1698 4150 D
1707 4118 1725 4148 d
2198 4121 2279 4156 Con-
