2557 4279
14 314 89 347 Ann.
97 309 140 342 D.

34 351 120 389 1604.

13 388 138 456 23⁶5?

13 465 75 502 585-

28 3424 48 3444 ⁴*
54 3426 133 3456 XVI.

29 3463 90 3499 586.

702 218 807 260 ET
893 218 1165 261 ACTA
1249 218 1700 265 PUBLICA.

159 303 358 344 linquendain‚
375 302 411 335 ad
425 303 614 336 intentionem
633 304 712 343 quod
726 304 888 343 hujusmodi
909 303 1151 335 Commiffionarii
1168 311 1217 342 pa-

160 345 270 412 ratiorgs
284 343 333 411 Γιᾶιῑ
347 342 382 374 ad
395 342 557 381 hujusmodi
575 342 722 382 Negotia,
738 344 819 382 juxta
836 343 1049 381 Beneplacitum
1066 342 1215 380 nostrum,

160 390 241 413 inten
260 391 294 411 en
317 390 382 411 um·

200 420 219 440 ³*
239 403 406 457 Qodquss,
420 419 498 458 super
513 418 598 450 talem
613 418 886 460 Praemonitionem‚
905 420 934 449 in
949 420 1042 450 forma
1065 418 1215 459 praedicta,

161 457 323 500 hujusmodi
338 458 597 500 Commiffionadriis
616 466 650 488 ex
666 467 743 497 parte
758 460 853 499 Regni
869 459 955 488 nostri
973 458 1077 489 Scotiae
1092 457 1215 488 dandam

162 502 197 532 &
209 495 431 534 nominandam,
446 498 465 525 ii
485 497 590 534 praeiati
613 495 859 529 Commissionarii
877 497 965 527 nostri
988 506 1022 527 ex
1045 504 1124 534 parte
1144 496 1214 526 dieti

160 537 256 576 Regni
270 534 359 565 nostri
375 535 480 565 Scotiae
495 536 528 565 ad
546 534 706 572 hujusmodi
722 535 812 566 Diem
826 536 859 566 &
882 535 1000 565 Locum
1021 544 1080 564 non
1101 534 1215 565 accide—

159 576 232 613 rint,
250 573 284 604 ad
299 572 465 612 hujusmodi
474 573 602 613 Negotia
615 573 710 604 nostra
725 575 863 613 agendum
878 575 911 605 ὃς
922 573 1214 611 ίηῑεηάεηάυῑη,ῑυηε

158 613 308 651 νοΙυιηυε,
328 614 361 642 ὃς
374 620 422 651 per
437 611 588 642 Praesentes
604 612 785 650 mandamus,
805 611 885 650 quod
901 611 1008 648 praefati
1022 610 1215 641 Commiffio—

157 653 229 682 narii
242 651 334 681 nostri
347 650 503 688 procedatis
517 673 528 689 ,
550 656 597 680 aut
616 650 721 688 septem
747 649 792 680 sex
812 651 935 688 quinque
955 657 1003 679 aut
1024 657 1145 688 quatuor
1165 660 1215 680 ve—

159 688 252 720 striim
278 691 421 729 (quorum
449 698 502 720 vos
522 688 652 727 praefatos
670 686 830 726 Johannem
850 686 977 726 Johnsbn
997 688 1030 718 &
1054 686 1215 725 Johannem

159 728 294 759 Goodwz'n
310 729 380 759 duos
391 727 448 758 effe
461 725 610 763 volumus)
631 726 788 764 procedant
808 726 842 756 ad
867 727 1067 757 executionem
1088 725 1213 757 Praesen-

161 768 237 798 tium
251 767 308 798 fine
322 767 446 798 ulteriori
455 765 603 801 dilatione,

197 805 401 837 Mandavimus
424 812 481 836 tarn
503 802 678 833 vicecomiti
702 802 801 833 nostro
821 799 989 832 Comitatus
1009 801 1097 833 nostri
1115 801 1214 834 Nort-

162 844 304 875 humbriae
333 845 418 882 quam
446 841 618 872 vicecomiti
642 840 742 871 nostro
762 839 927 871 Comitatus
951 839 1040 871 nostri
1064 840 1215 871 Cumbriae

161 884 243 923 quod
256 883 290 913 ad
303 890 394 914 certos
407 878 496 910 Diem
512 881 545 910 &
566 879 698 917 Locum,
726 879 797 910 Dies
815 879 848 909 &
872 878 955 909 Loca
974 888 1047 917 quos
1072 889 1143 917 vos,
1167 887 1215 910 aut

162 930 283 960 quatuor
296 921 351 951 five
364 920 455 958 plures
465 916 599 948 vestrfim
616 919 666 956 (ut
680 917 847 955 praeferturl
873 917 943 948 scite
966 917 1102 955 feceritis,
1120 919 1215 948 venire

163 961 266 991 faciant
278 960 374 990 coram
387 958 484 994 vobis,
502 964 622 995 quatuor
639 958 685 986 vel
701 956 827 995 pluribus
842 955 967 986 vestrum
981 959 1029 992 (ut
1046 954 1215 995 praefertur)

162 1006 210 1030 tot
223 1000 256 1030 δε
270 997 335 1027 tales
349 997 454 1034 probos
468 997 501 1026 &
514 994 612 1033 legales
626 993 769 1024 Homines
787 993 823 1025 de
841 993 955 1026 Ballivis
979 995 1031 1025 iuis
1043 1018 1053 1032 ,
1072 1003 1122 1033 per
1142 1003 1215 1033 quos

163 1039 203 1070 rei
222 1036 318 1066 veritas
336 1034 433 1064 melius
451 1033 513 1063 sciri
529 1033 633 1072 poterit
646 1033 678 1063 &
691 1033 806 1073 inquiri.

198 1074 309 1105 Damus
331 1073 419 1102 etiam
444 1072 579 1102 omnibus
605 1072 638 1102 &
664 1072 773 1110 singulis
799 1070 959 1109 Majoribus
988 1071 1219 1102 Vicecomitibus

163 1113 273 1145 Ballivis
286 1121 320 1142 ac
346 1111 403 1142 aliis
425 1109 578 1140 officiariis
604 1109 746 1141 Ministris
770 1110 803 1141 ὅς
828 1110 953 1140 Subditis
978 1108 1078 1140 nostris
1105 1110 1220 1147 quibus-

165 1159 311 1189 cumque,
330 1158 454 1187 quorum
471 1148 584 1180 interest
602 1148 631 1178 in
649 1149 705 1180 hac
721 1156 815 1187 parte,
831 1148 950 1179 Tenore
969 1148 1217 1195 PraesentiumZfir—

163 1190 248 1220 miter
266 1190 295 1219 in
313 1187 478 1226 Mandatis,
495 1187 574 1226 quod
593 1188 690 1225 vobis,
715 1196 833 1226 quatuor
855 1187 900 1217 vel
922 1187 1046 1227 pluribus
1071 1186 1218 1224 vestrum,

162 1228 194 1258 in
213 1227 379 1258 executione
394 1226 470 1256 istius
487 1225 706 1257 Commiffionis
723 1236 757 1257 ac
777 1223 907 1255 Mandati
925 1225 1031 1262 nostri,
1057 1234 1169 1264 pareant
1184 1236 1219 1255 o-

164 1266 279 1297 bediant
297 1266 330 1297 δε
348 1265 494 1297 intendant
515 1266 546 1296 in
566 1265 703 1296 omnibus
727 1271 813 1303 prout
830 1263 930 1303 decet,
953 1264 1005 1295 sub
1023 1264 1157 1295 Periculo
1174 1264 1220 1294 in-

163 1306 325 1335 cumbenti.

200 1343 235 1373 In
249 1345 327 1381 cujus
344 1343 399 1381 rei,
416 1343 478 1374 &c.

201 1381 292 1413 Teste
310 1381 392 1422 Rege
404 1381 479 1419 apud
493 1379 768 1420 Wflmonasterium,
784 1379 861 1411 sexto
878 1378 936 1411 Die
953 1378 1084 1417 Augusti.

811 1458 866 1486 Per
884 1456 967 1496 ipfhm
985 1458 1090 1494 Regem.

290 1598 479 1644 Confirmatio
495 1598 656 1631 TraHatus
671 1598 821 1645 Hispaniae
844 1601 881 1636 (ῤ’
905 1595 1094 1644 Burgundiae.

139 1709 148 1718 .
165 1683 295 1742 REX,
312 1684 374 1716 ὅτε.
391 1684 528 1714 omnibus
542 1683 577 1715 &
591 1682 705 1722 singulis
716 1683 751 1715 ad
770 1693 842 1723 quos
862 1683 1010 1722 praesentes
1032 1680 1136 1711 Literae
1158 1689 1223 1718 per-

236 1724 383 1760 venerint,
399 1722 533 1753 Salutem.

198 1761 280 1792 Cum
292 1760 445 1792 Traetatus
457 1760 575 1800 quidam
590 1759 680 1791 firmae
698 1761 844 1792 Amicitiae
857 1762 890 1793 δε
905 1760 987 1790 Pacis
1007 1765 1170 1796 perpetuae,
1187 1765 1221 1785 ac

120 1825 128 1832 .
163 1799 361 1838 Commercii‚
380 1800 452 1830 inter
467 1798 690 1830 Commiffario's
702 1801 736 1831 &
751 1800 911 1838 Deputatos
924 1797 1036 1828 nostros
1049 1798 1082 1828 &
1097 1794 1220 1826 Serenis-

136 1861 143 1868 .
164 1839 300 1871 fimorum
313 1838 481 1876 Principum
491 1863 501 1875 ,
518 1836 633 1877 Philippi
646 1841 725 1876 Regis
737 1837 947 1878 Hispaniarum,
965 1838 1026 1868 &c.
1044 1844 1078 1866 ac
1094 1833 1221 1870 Alberti,

165 1877 203 1913 ὠ·
217 1875 343 1918 Ishbellae
362 1876 451 1906 Clarae
467 1879 596 1914 Eugeniae
611 1877 799 1907 Archiducum
820 1876 942 1916 Austriae
963 1878 1070 1904 Ducum
1091 1875 1222 1909 Burgun-

116 1941 123 1946 .
165 1917 235 1956 diae,
253 1918 315 1948 &c.
331 1915 464 1946 Fratrum
490 1916 525 1947 &
544 1914 830 1955 Consanguineorum
850 1915 1012 1944 nostrorum
1034 1910 1219 1942 Chariffimo-

108 1979 114 1985 .
168 1966 251 1995 rum,
270 1954 409 1992 Londini,
427 1954 543 1984 decimo
558 1953 665 1986 oeiavo
679 1954 738 1985 Die
761 1953 882 1993 Augusti
903 1952 976 1983 Stilo
1001 1959 1115 1988 vetere,
1135 1949 1223 1979 Anno

165 1995 291 2025 Domini
306 1993 454 2023 millesimo
471 1987 672 2023 sexcentesimo
689 2001 790 2031 quarto
797 2015 808 2031 ,
830 1991 1022 2023 concordatus
1042 1990 1076 2022 ὅτ.
1101 1987 1223 2019 conclu-.

162 2033 207 2064 fiis
223 2033 325 2071 fuerit,
342 2031 415 2070 cujus
431 2034 515 2061 Tenor
521 2030 666 2071 sequitur,

202 2108 356 2140 Noverint
370 2117 471 2139 omnes
484 2107 629 2148 &singuli
641 2109 739 2148 quod,
764 2108 828 2147 post
849 2108 1031 2144 diuturnum,
1052 2106 1086 2137 &
1108 2100 1220 2133 saeviffi·

165 2157 248 2178 mum
263 2147 406 2178 Bellorum
424 2147 607 2184 incendium,
625 2158 685 2186 quo
706 2147 875 2178 Christianae
894 2145 1058 2176 Provinciae
1077 2152 1125 2181 per
1148 2141 1222 2171 mul·

165 2194 211 2216 tos
223 2185 325 2216 Annos
340 2186 440 2223 insigni
452 2185 563 2224 jactura
577 2186 785 2225 conflagrarunt
800 2185 897 2223 Deus,
917 2186 946 2215 in
962 2184 1041 2222 cujus
1055 2191 1139 2212 manu
1155 2188 1220 2209 om-

165 2225 214 2255 nia
229 2223 316 2261 posita
330 2223 410 2262 sunt,
428 2233 462 2255 ex
478 2224 534 2254 alto
547 2223 713 2264 respiciens,
732 2225 765 2254 &
789 2224 827 2254 sui
851 2223 971 2262 Populi,
995 2223 1040 2253 cui
1063 2229 1092 2251 ut
1114 2219 1221 2262 Pacem

163 2261 276 2293 afferret
290 2264 324 2294 &
337 2263 506 2300 relinqueret
519 2264 666 2302 proprium
683 2262 854 2301 Sanguinem
871 2262 1018 2293 effundere
1033 2269 1092 2290 non
1108 2258 1221 2301 dubita-³.

165 2302 225 2338 vit,
250 2300 430 2332 Calamitates
452 2301 609 2339 miseratus,
636 2300 902 2333 Potentiffimorum
924 2298 1078 2331 Christiani
1106 2296 1222 2334 Imperii

165 2338 335 2378 Principum
357 2339 448 2370 stabili
470 2341 696 2379 conjunctione,
721 2341 880 2371 saevientem
902 2339 1003 2378 Ignem
1028 2344 1158 2374 potenter
1179 2343 1222 2378 re-

165 2376 293 2416 strinxit,
309 2378 342 2408 &
358 2378 446 2409 Diem
465 2378 564 2417 Pacis,
584 2379 675 2409 Diem
701 2378 941 2416 Tranquillitatis,
966 2376 1110 2413 hucusque
1133 2382 1223 2417 magls

166 2424 297 2453 optatam
311 2418 398 2455 quam
415 2416 569 2455 speratam,
592 2417 805 2448 misericorditer
830 2417 938 2454 attulit,
963 2414 1103 2457 devolutis
1128 2421 1222 2450 enim,

165 2464 217 2493 per
230 2455 312 2492 ipsius
328 2454 386 2485 Dei
399 2456 515 2486 maximi
528 2455 677 2494 Gratiam,
702 2455 736 2486 ad
756 2455 917 2494 eittirpanda
942 2453 1155 2484 Discordiarum
1173 2450 1223 2480 Se·

167 2494 263 2532 mina,
281 2493 395 2533 Angliae
410 2494 443 2524 &
458 2493 609 2525 Hibemiae
624 2493 731 2533 Regnis
740 2494 774 2524 ad
790 2493 1003 2524 Sereniffimum
1014 2490 1150 2530 Jacohum
1163 2492 1225 2519 Sco-

168 2535 216 2561 tiae
231 2535 347 2570 Regem,
365 2530 527 2571 sublatisque
543 2532 607 2563 ideo
622 2533 671 2562 illis
693 2531 909 2564 Diffentionum
929 2531 1026 2561 Cauiis
1049 2538 1114 2567 quae
1134 2528 1226 2573 Bella,

167 2571 240 2600 inter
253 2570 448 2600 Antecess'ores
461 2570 712 2601 Sereniffimorum
722 2570 890 2609 Principum
933 2569 1014 2606 acobi,
1042 2568 1099 2597 Dei
1114 2565 1225 2605 Gratia,

169 2607 287 2645 Angliae
300 2611 395 2638 Scotiae
409 2611 533 2638 Franciae
549 2608 587 2644 ὠ·
606 2609 745 2640 Hiberniae
765 2612 843 2646 Regis
866 2609 897 2638 Fi
918 2609 945 2637 ei
967 2606 1146 2643 Defensoris,
1162 2605 1223 2634 &c.

167 2647 203 2678 &
219 2646 336 2685 Philippi
351 2650 437 2676 Tertii
451 2647 650 2687 Hispaniarum
662 2650 758 2686 Regis,
777 2649 809 2678 ὃς
826 2647 941 2677 Alberti
956 2656 987 2675 ac
1009 2643 1136 2685 Ifizbellae
1158 2642 1223 2673 Cla·

165 2694 207 2714 ηε
218 2688 349 2723 Eugeniae
364 2684 486 2726 Austriae
500 2686 685 2716 Archiducum
698 2687 736 2722 ὠν
752 2688 859 2715 Ducum
875 2684 1055 2722 Burgundiae,
1074 2684 1133 2714 &c-
1150 2689 1223 2712 tam-

166 2723 216 2754 diu
231 2723 372 2762 aluerunt,
392 2724 650 2756 animadverterunt
665 2724 733 2756 dieti
746 2734 848 2755 omnes
862 2724 1006 2761 Principes
1020 2722 1108 2759 (Deo
1123 2720 1223 2765 Corda

164 2762 280 2792 illorum
295 2762 489 2799 illuminante)
509 2762 579 2794 nihil
594 2763 728 2801 superesse
741 2773 791 2793 cur
807 2763 908 2801 Odiis,
926 2772 990 2800 quae
1010 2769 1155 2798 nunquam
1180 2769 1224 2789 in-

167 2808 211 2830 ter
226 2799 296 2838 ipsos
308 2802 480 2840 enitemur,
497 2811 652 2841 certarent,
671 2803 716 2833 vel
734 2802 830 2833 Armis
843 2803 859 2832 a
876 2802 978 2839 quibus
1002 2798 1133 2837 Majores
1148 2798 1221 2835 ipso-

167 2847 233 2869 rum
247 2839 353 2876 semper
368 2839 578 2878 abstinuerunt,
602 2841 807 2872 contenderent
823 2862 832 2879 ,
851 2841 884 2871 &
903 2841 939 2870 ab
962 2836 1173 2877 antiquiffimo,
1190 2847 1224 2867 ac

169 2876 250 2913 super
272 2876 436 2907 Hominum
458 2880 646 2919 memoriam,
669 2878 814 2911 custodito
834 2878 954 2909 Foedere
975 2876 1165 2912 discederent,
1183 2886 1225 2905 ar—

169 2914 347 2953 &iffimaque
359 2916 582 2947 Neceffitudinis
597 2928 661 2956 quae
675 2918 815 2956 praedieto
831 2917 1016 2947 Sereniisimo
1031 2918 1096 2952 Regi
1113 2913 1225 2951 Angliae

171 2962 240 2984 eum
260 2953 444 2984 Sereniffimis
468 2955 616 2995 Austrt'aca
636 2953 674 2990 ό·
701 2956 874 2993 Burgundica
904 2955 1028 2985 Familiis
1060 2953 1227 2991 intercedit,

169 2992 284 3036 yincula
296 2992 516 3032 disrumperent,
540 3004 573 3024 ac
594 3004 722 3024 veterem
745 2995 914 3025 Amicitiam
929 3016 939 3032 ,
966 2994 1048 3023 novis
1068 2991 1176 3029 semper
1194 3002 1227 3021 ac

168 3030 259 3062 indies
272 3030 418 3062 cumulatis
432 3033 537 3062 amoris
552 3041 585 3063 ac
599 3031 814 3064 Benevolentiae
829 3031 944 3063 Officiis
955 3032 1095 3063 excultam
1104 3051 1114 3068 ,
1135 3029 1224 3060 viola-

167 3076 248 3106 rent,

204 3106 377 3145 Propterea,

207 3144 316 3175 Audito
330 3144 367 3175 de
382 3144 565 3176 Succeffione
587 3145 657 3176 dicti
672 3144 846 3177 Sereniffimi
862 3148 956 3175 Scotiae
973 3148 1049 3182 Regis
1063 3144 1096 3176 ad
1122 3143 1227 3179 Regna

167 3183 281 3222 Angliae
293 3184 327 3215 ὅτ.
340 3182 504 3220 Hiberniae,
524 3185 680 3222 miffisque,
697 3193 730 3215 ex
747 3191 825 3222 parte
838 3182 1008 3215 Sereniffimi
1026 3187 1103 3221 Regis
1124 3181 1226 3220 Hispa-

168 3225 298 3259 niarum,
315 3221 450 3252 Domino
463 3221 597 3260 Johanne
616 3226 702 3254 Taxio
729 3225 831 3252 comite
854 3225 881 3252 V
883 3221 939 3252 illae
963 3223 1122 3257 Medianae,
1138 3221 1171 3251 &
1190 3229 1226 3252 ex

166 3268 245 3299 parte
273 3260 418 3291 dictorum
442 3260 689 3292 Sereniffimorum
721 3260 918 3292 Archiducum
934 3285 943 3297 ,
976 3261 1110 3298 Domino
1130 3258 1226 3290 Carolo

166 3301 292 3338 Principe
306 3302 407 3328 comite
420 3299 602 3338 Arenbergii,
619 3301 668 3339 qui
684 3300 718 3332 de
733 3299 827 3337 Regni
852 3299 1034 3331 Succeffione
1052 3322 1062 3337 ,
1087 3298 1225 3329 Nomine

167 3337 415 3369 Sereniffimorum
436 3337 603 3377 Principum
614 3338 766 3377 respective
802 3339 981 3369 ratularentur
1003 3338 1083 3369 dieto
1103 3337 1224 3368 Screnis-

168 3376 240 3407 fimo
254 3379 320 3413 Regi
333 3374 448 3413 Angliae
462 3399 472 3412 ,
497 3385 582 3416 eaque
608 3376 762 3415 Legatione
807 3377 984 3408 umanissime
1005 3375 1128 3413 suscepta
1165 3375 1224 3406 Le-

167 3415 291 3454 gatisque
305 3414 325 3435 ²¹³
342 3413 530 3445 amantiffime
549 3416 683 3455 receptis,
702 3416 834 3446 certiores
848 3415 946 3446 redditi
961 3416 1076 3446 fuerunt
1088 3399 1157 3445 dieii
1172 3415 1225 3444 Se-

166 3454 305 3484 renissimi
321 3456 382 3483 Rex
395 3452 593 3492 Hispaniarum
606 3451 812 3485 &Archiduces
824 3462 838 3484 a
854 3454 906 3484 suis
922 3454 1033 3494 Legatis
1047 3454 1083 3484 de
1100 3462 1224 3492 propen-

168 3493 196 3523 sa
211 3491 383 3523 Sereniffimi
398 3491 510 3530 Angliae
531 3494 608 3530 Regis
631 3492 658 3522 V
661 3492 786 3524 oluntate
802 3515 811 3530 ,
834 3492 941 3524 nedum
961 3492 995 3524 ad
1015 3491 1223 3523 observandum

169 3532 282 3570 antiqua
296 3530 434 3568 Foedera,
452 3531 495 3560 sed
511 3529 562 3561 alia
574 3531 594 3561 si
608 3539 678 3568 opus
689 3530 762 3561 foret
779 3531 898 3562 arctiora
920 3532 952 3561 &
976 3531 1102 3562 firmiora
1122 3532 1223 3561 ineun-

169 3566 223 3607 da,
241 3569 339 3608 Quare
352 3569 388 3598 ab
404 3569 465 3608 ipsis
481 3569 551 3599 nihil
567 3569 842 3606 praetermittendum
857 3569 914 3600 effe
928 3577 1059 3607 putarunt
1079 3578 1138 3609 quo
1161 3570 1224 3609 pos-

170 3607 210 3637 iet
221 3609 384 3639 communis
397 3607 576 3646 Reipublicae
591 3606 759 3637 Christianae
775 3607 972 3646 Tranquillitas
988 3610 1173 3647 promoveri,
1189 3610 1223 3641 &

169 3645 350 3684 Populorum
371 3647 424 3677 sibi
441 3645 664 3677 commissorum
684 3645 810 3676 Utilitati
832 3646 968 3685 prospici:
985 3647 1042 3686 Et,
1069 3656 1100 3678 ut
1124 3657 1224 3686 quam-

171 3684 296 3722 primum
312 3685 345 3716 &
368 3685 467 3716 sedulo
491 3684 575 3722 Opus
594 3692 652 3715 tarn
674 3685 753 3721 pium
779 3683 980 3723 conficeretur,
1005 3683 1225 3718 Commiffarios

172 3721 233 3752 suos
245 3732 278 3753 ac
293 3722 492 3754 Procuratores
502 3723 643 3762 generales
657 3732 690 3752 ac
708 3722 837 3759 speciales
850 3721 1069 3762 constituerunt,
1077 3735 1145 3755 cum
1163 3735 1222 3755 am-

171 3759 290 3802 pliffima
302 3761 433 3793 facultate
443 3762 478 3793 ad
493 3762 614 3793 ineunda
628 3770 660 3792 ac
676 3760 837 3791 stabilienda
849 3760 971 3790 Foedera
982 3771 1053 3793 cum
1066 3764 1126 3801 ipso
1140 3763 1223 3794 Sere-

171 3797 284 3829 mffimo
296 3801 365 3837 Rege
377 3800 510 3838 Angliae,
525 3802 587 3832 δερ.
604 3799 820 3838 renovandaque
834 3798 939 3835 jamdiu
963 3800 1114 3832 intermiffa
1129 3802 1223 3832 Com-

174 3837 298 3880 mercia,
313 3836 476 3878 Pacemque
488 3848 522 3869 ac
538 3838 709 3870 Amicitiam
724 3839 863 3876 perpetuo
878 3837 1037 3869 duraturam
1052 3840 1124 3871 inter
1147 3842 1224 3881 ipsos

170 3867 318 3911 Principes
335 3876 568 3909 confirmandam.
1034 3902 1037 3905 ,

210 3910 330 3949 Qiapro
364 3924 410 3953 er,

207 3947 419 4019 Nossamlqs
431 3957 520 3984 eomes
533 3953 565 3984 de
583 3954 686 3993 Dorset
706 3954 783 3983 Baro
803 3953 835 3982 de
854 3951 1004 3992 Buckhurlt
1024 3951 1223 3986 Thesaurarius

268 3996 299 4017 us
345 3999 363 4018 n
392 3999 425 4020 1ae

193 4063 199 4069 ⁸
212 4024 324 4068 quvltoe
334 3997 424 4071 §iffgmes
432 4012 657 4068 ’Nottinghamiae
669 4032 745 4060 Baro
760 4029 892 4059 Howard
909 4029 942 4058 de
965 4029 1139 4069 Effingham‚
1163 4030 1222 4062 Ca-

170 4063 260 4105 1>Ιῑ2118
267 4062 440 4101 lutheranus
452 4069 485 4100 &
494 4068 668 4107 justiciarius
680 4068 815 4101 itinerans
826 4069 964 4100 omnium
987 4069 1170 4101 forestarum
1182 4071 1222 4100 ci-

2245 244 2260 273 1
2276 244 2322 287 17

1254 311 1296 347 tra
1309 303 1468 348 Trentam,
1486 304 1610 344 Magnus
1626 308 1797 340 Admirallus
1816 311 1946 351 Angliae,
1965 315 1997 346 ὃ(
2016 313 2169 346 prefectus
2185 314 2313 347 Genera—

1257 343 1440 386 lis'omnium
1455 342 1591 374 Classiam
1607 346 1640 376 ὃ(
1659 346 1785 377 Marium
1802 348 1975 387 Regnorum
2003 354 2112 393 Angliae
2134 354 2259 385 Franci-:e
2279 357 2311 385 &

1256 379 1404 410 Hibermae
1420 391 1454 411 ac
1474 380 1627 412 Insularum
1644 384 1677 414 &
1694 384 1900 418 Dominiorurii
1921 392 2104 430 eorumdem,

1293 418 1404 463 Carolus
1422 422 1511 448 Comes
1529 423 1666 450 Devoniae
1680 426 1755 453 Baro
1781 425 1813 454 de
1834 429 1996 466 ll10u71tjuy,
2028 430 2239 462 Locumtenens
2257 441 2310 469 pro

1256 456 1440 487 Serenisfimo
1458 460 1527 494 Rege
1545 458 1672 496 Angliae,
1691 462 1750 491 &c.
1770 463 1798 492 iri
1815 463 1923 500 Regno
1938 467 1986 495 suo
2012 468 2177 506 l-liberniae,
2206 470 2308 499 Muni-

1254 495 1367 539 tionum
1384 495 1551 539 bellicarum
1567 496 1738 536 Praefectus,
1757 499 1939 533 Gubernator
1957 505 2065 542 Oppidi
2090 506 2191 538 lnsulae
2205 510 2237 539 ὃς
2252 508 2310 538 Ca-

1254 532 1302 563 stri
1317 534 1352 563 de
1367 533 1578 572 Portismouth,

1262 580 1264 583 ’
1293 571 1464 602 Praenobilis
1479 572 1596 602 Ordinis
1611 572 1736 604 Garterii
1752 574 1858 606 Milites
1868 600 1876 614 ,

1293 611 1426 641 Henricus
1439 614 1529 640 Comes
1542 611 1934 652 Northamptoniae,Dominus
1952 618 2082 647 Howard
2094 620 2125 648 de
2145 620 2304 651 Iilarnehill

1254 648 1359 718 CiJEstos
1378 649 1410 680 &
1424 649 1594 680 Admirallus
1612 650 1749 689 Quinque
1763 650 1900 683 Portuum
1916 656 2122 687 maritimorum
2143 681 2152 695 ‚
2300 644 2310 660 ²

1319 697 1329 718 t

1279 711 1425 769 'Rolertus
1439 729 1573 756 Dominus
1588 725 1671 756 Cecill
1684 729 1760 757 Baro
1777 727 1809 756 de
1822 729 1849 757 E
1846 725 1961 766 ffi'nden,
1983 730 2132 762 Primarius
2146 733 2212 764 dieii
2226 735 2306 766 Sere-

1255 763 1360 808 niffimi
1377 764 1466 803 Regis
1479 765 1667 804 Secretarius‚
1687 765 1825 805 Magister
1843 767 1939 796 Curiae
1955 768 2130 800 Wardoruni
2146 773 2178 802 ὃς
2194 773 2309 805 Libera-

1253 810 1384 836 tionum,

1290 840 1448 872 Consiliarii
1465 843 1482 872 ὲ
1497 842 1702 873 Secretioribus
1715 841 1856 872 Conciliis
1868 841 2040 873 Sereniffimi
2063 846 2138 882 Regis
2162 848 2273 884 Angliae

1289 877 1426 917 Deputati
1443 881 1475 911 &
1490 880 1688 911 Commissarii
1703 890 1754 917 pro
1767 880 1846 910 dic'to
1863 880 2044 911 Serenislimo
2059 886 2127 920 Rege
2140 886 2262 924 Angliae,
2277 872 2308 917 sit

1254 924 1331 954 patet
1347 927 1381 948 ex
1397 917 1556 957 Mandato,
1574 919 1651 949 faeto
1667 921 1697 949 in
1710 918 1815 949 Palatio
1833 919 1889 949 suae
1904 919 2061 958 Majestatis
2077 921 2310 962 Wstmonastcrii,

1254 957 1304 986 sub
1320 956 1379 986 Die
1397 965 1477 986 nono
1493 956 1568 987 Maii
1580 957 1652 987 Stilo
1669 966 1774 995 vetere,
1792 957 1880 988 Anno
1896 957 2021 989 Domini
2036 960 2185 990 milleiimo
2199 961 2311 992 sexcen-

1254 994 1354 1025 tesimo
1371 1003 1471 1032 quarto
1486 995 1598 1025 inferius
1612 996 1803 1034 registrando,

1291 1032 1440 1071 Johannes
1456 1032 1608 1073 Velaschius
1623 1034 1752 1064 Castellae
1775 1036 1807 1066 &
1833 1034 1970 1074 Legionis
1995 1035 2222 1075 Connestabilis,
2241 1035 2311 1070 Dux

1255 1070 1383 1101 Civitatis
1398 1071 1531 1110 FriensiS,
1547 1071 1657 1102 Comes
1677 1072 1748 1103 Hari
1770 1095 1781 1111 ,
1806 1072 1955 1103 Dominus
1980 1073 2117 1104 Villarum
2145 1074 2310 1112 Villalpandi

1256 1110 1289 1140 &
1306 1109 1449 1139 Pedraciae
1462 1109 1533 1140 della
1550 1110 1657 1149 Sierra,
1673 1110 1818 1141 Dominus
1833 1110 1951 1142 Domus
1973 1111 2129 1143 Velaschiae
2152 1114 2184 1144 ὃς
2205 1114 2309 1151 septem

1255 1147 1408 1178 infantium
1425 1148 1461 1178 de
1479 1148 1566 1186 Lara,
1583 1148 1781 1180 Cubicularius
1798 1149 1894 1188 Major
1907 1149 2080 1181 Sereniffimi
2096 1151 2213 1191 Philippi
2227 1157 2310 1182 Tertii

1255 1185 1471 1225 Hispaniarum,
1488 1185 1548 1221 &c.
1567 1190 1660 1225 Regis,
1680 1199 1713 1217 ac
1726 1188 1786 1217 suus
1808 1189 1838 1218 in
1861 1189 2067 1225 pertinentibus
2089 1190 2122 1220 ad
2145 1191 2255 1221 Statum
2278 1201 2311 1222 ac

1255 1224 1364 1254 Bellum
1381 1224 1578 1264 Consiliarius,
1594 1236 1627 1256 ac
1645 1226 1747 1257 Praeses
1764 1225 1869 1263 Italiae,

1291 1263 1463 1294 Procurator
1479 1265 1512 1295 ὃς
1527 1264 1745 1294 Commissarius
1758 1263 1878 1303 specialis
1891 1275 1907 1294 a
1920 1267 2003 1301 Regia
2019 1265 2160 1296 catholica
2177 1267 2310 1305 Mayesla-

1256 1307 1284 1330 te
1300 1301 1488 1340 constitutus,
1509 1302 1544 1332 ad
1566 1303 1699 1339 pize-dicta
1719 1304 1751 1334 ὃς
1776 1303 1950 1338 infrascripta
1975 1306 2074 1333 omnia
2097 1304 2259 1336 stabilienda
2277 1308 2311 1337 ὃς

1255 1341 1410 1378 peragenda
1424 1350 1492 1370 cum
1508 1340 1674 1378 amplisfima
1690 1340 1840 1377 facultate,
1857 1350 1886 1371 ut
1904 1350 1979 1378 patet
1994 1343 2022 1371 in
2043 1343 2176 1373 mandato
2196 1344 2309 1382 Regio,

1256 1378 1334 1409 facio
1348 1380 1376 1408 iri
1395 1378 1544 1408 Valladolit
1559 1380 1652 1416 primo
1670 1378 1726 1409 Die
1741 1379 1898 1416 Octobris,
1918 1379 2008 1409 Anno
2027 1381 2177 1412 millesimo
2196 1382 2310 1412 sexcen-

1257 1417 1358 1447 tesimo
1376 1418 1479 1456 tertio,
1497 1417 1589 1448 Manu
1612 1417 1725 1455 propria
1745 1418 1814 1447 dieii
1837 1417 1967 1446 Catholici
1993 1420 2070 1455 Regis
2088 1419 2262 1458 subscripto,
2279 1423 2313 1452 ὃς

1256 1456 1306 1524 {juo
1321 1456 1418 1494 sigilio
1433 1457 1510 1496 regio
1526 1457 1655 1494 munito,
1672 1456 1708 1486 de
1721 1457 1811 1487 verbo
1825 1455 1859 1485 ad
1882 1457 2003 1486 verbum
2026 1458 2141 1487 inferius
2163 1459 2310 1497 registran-

1277 1503 1313 1531 o,

1295 1532 1334 1563 Et
1350 1533 1518 1572 nobiscum,

1297 1570 1443 1608 Johannes
1457 1573 1561 1600 Taxius
1577 1575 1666 1601 Comes
1679 1569 1760 1601 Villae
1774 1569 1914 1600 Medianae
1930 1592 1940 1606 ,
1955 1579 1971 1599 a
1990 1570 2136 1610 Cubiculo
2161 1571 2264 1611 Regis,
2281 1575 2314 1605 &

1259 1607 1418 1639 Curiorum
1431 1611 1458 1639 in
1474 1610 1581 1648 Regnis
1598 1611 1629 1640 &
1646 1609 1793 1639 Dominiis
1805 1609 1874 1640 dicti
1892 1607 1984 1644 Regis
2004 1610 2149 1640 Catholici
2170 1610 2317 1643 Generalis

1259 1647 1433 1691 Praefodius,
1454 1648 1487 1678 &
1506 1658 1520 1678 a
1543 1648 1634 1686 Regia
1661 1647 1814 1679 Catholica
1838 1646 1983 1686 Majestate
1998 1648 2032 1678 ad
2050 1649 2216 1679 Tractatum
2236 1649 2318 1681 Pacis

1256 1695 1431 1723 nominatus,

1296 1723 1332 1752 Et
1349 1723 1517 1753 Alexander
1533 1725 1661 1754 Ronidius
1679 1723 1788 1761 collegii
1812 1724 2030 1756 Mediolanensis
2047 1724 2265 1763 Jiirisconsultus
2281 1727 2313 1757 δε

1259 1761 1476 1792 Mediolanensis
1492 1761 1794 1802 Provinciae,Senator
1812 1775 1826 1794 a
1841 1763 2077 1800 nobis,Nomine
2086 1763 2186 1802 Regiae
2200 1764 2313 1795 cathon

1257 1800 1321 1830 licae
1339 1800 1507 1839 Majestatis,
1525 1803 1707 1839 nominatus,
1727 1803 1759 1833 ὅτ
1774 1812 1789 1832 a
1811 1803 1892 1832 nobis
1916 1802 2017 1839 pariter
2030 1821 2041 1838 2
2061 1803 2092 1832 &
2116 1802 2188 1832 dum
2212 1812 2314 1841 prope-

1256 1847 1346 1869 rantes
1362 1840 1388 1869 in
1410 1839 1546 1876 Angliam
1562 1839 1772 1878 superveniente
1787 1839 1991 1878 Invalitudine,
2010 1841 2039 1869 in
2055 1840 2146 1877 Belgio
2165 1841 2314 1872 distinere-

1258 1886 1340 1915 mur,
1357 1878 1463 1908 virtute
1480 1877 1627 1908 Facultatis
1643 1877 1744 1918 Regiae
1760 1879 1842 1908 nobis
1864 1879 2018 1916 conceiiae,
2045 1878 2078 1907 ad
2099 1880 2183 1915 ipsam
2208 1880 2313 1911 Pacem

1261 1917 1380 1954 interea,
1399 1925 1467 1947 cum
1486 1916 1582 1946 eadem
1600 1916 1742 1947 Facultate
1756 1918 1788 1947 &
1805 1917 2007 1948 Aucthoritate
2023 1926 2087 1953 quae
2110 1918 2191 1947 nobis
2210 1920 2314 1950 tributa

1257 1953 1364 1992 fuerat,
1380 1955 1575 1992 tractandum,
1590 1956 1645 1985 una
1659 1965 1726 1985 curn
1742 1955 1824 1986 dieto
1849 1959 1951 1986 Comite
1973 1953 2055 1985 Villae
2076 1955 2233 1994 Medianae,
2250 1957 2315 1987 sub-

1258 1992 1383 2031 stitutus,
1404 2001 1434 2023 ut
1450 2001 1525 2031 patet
1540 1994 1569 2022 in
1589 1993 1744 2032 Mandato,
1763 1994 1841 2024 facto
1857 1996 1885 2024 iii
1900 1993 1971 2025 Villa
1986 1995 2081 2030 Bergis
2103 1994 2195 2023 Sandli
2218 1998 2317 2026 Wino-

1256 2032 1440 2100 kigfiecitgio
1458 2032 1561 2070 quinto
1575 2032 1635 2063 Die
1648 2031 1738 2071 Maii,
1758 2033 1845 2072 1604.
1863 2032 1977 2063 inferius
1991 2032 2027 2061 de
2043 2032 2132 2063 verbo
2147 2033 2180 2062 ad
2196 2034 2319 2065 verbum

1256 2079 1317 2107 regi
1345 2078 1392 2100 ran
1414 2080 1449 2107 o,

1296 2109 1407 2140 Omnes
1420 2108 1618 2140 Commiffarii
1632 2116 1665 2139 ex
1681 2114 1757 2147 parte
1781 2109 1850 2141 dicti
1871 2108 2041 2140 Serenisfimi
2062 2110 2139 2146 Regis
2167 2109 2317 2150 Hispania-

1257 2157 1316 2177 rum
1393 2175 1396 2178 ⁴

1295 2171 1407 2216 C'arolus
1423 2187 1548 2225 Princeps
1563 2187 1653 2215 Comes
1670 2186 1842 2224 Arembergii
1856 2186 1947 2224 Eques
1961 2185 2077 2215 Ordinis
2091 2183 2177 2217 Aurei
2191 2186 2319 2228 Veneris,

1254 2237 1270 2258 a
1288 2225 1428 2255 Conciliis
1442 2234 1534 2254 rerum
1551 2223 1663 2262 Statiis,
1684 2225 1864 2256 Admirallius
1889 2224 2051 2261 Generalis,
2068 2225 2128 2255 &c.
2319 2224 2323 2226 ⁴

1292 2263 1440 2303 Johannes
1459 2261 1643 2293 Richardotus
1658 2262 1767 2303 Eques,
1784 2263 1893 2296 Secreti
1905 2263 2033 2295 Concilii
2055 2261 2180 2302 presses,
2194 2263 2226 2295 &
2243 2264 2260 2295 a
2276 2260 2319 2296 re-

1259 2313 1322 2372 ωῐὲ
1339 2301 1433 2333 Status
1447 2302 1606 2340 Conciliis,

1323 2350 1334 2372 t

1293 2364 1449 2410 Laiiovicus
1466 2378 1607 2409 Verret'ken
1623 2377 1718 2418 Eques
1735 2401 1746 2417 ,
1770 2377 1922 2411 Primarius
1945 2377 2115 2410 Secretarius
2134 2377 2168 2408 &
2191 2375 2318 2408 Audien-

1258 2420 1351 2450 tiarius

1297 2443 1542 2487 Sereniffimorum
1559 2454 1726 2492 Principum
1742 2453 1927 2485 Archiducum
1945 2455 2043 2494 Legati
2060 2454 2092 2485 ὃς
2112 2453 2267 2492 Deputati,
2288 2462 2318 2485 ut

1260 2503 1334 2534 patet
1348 2505 1381 2526 ex
1402 2495 1540 2525 Mandato
1555 2493 1631 2523 faffiio
1648 2493 1803 2531 Bruxellis,
1823 2493 1881 2524 Die
1899 2494 2072 2522 duodecimo
2089 2491 2195 2522 Mentis
2212 2492 2318 2529 Aprilis

1262 2535 1348 2572 1604.
1367 2533 1482 2564 inferitis
1497 2541 1614 2570 quoque
1636 2533 1824 2571 registrand03
1851 2531 2002 2562 Praemissis
2023 2532 2098 2570 prius
2125 2531 2253 2567 diligenti
2275 2541 2319 2560 re-

1260 2582 1323 2602 rum
1339 2573 1470 2602 omnium
1484 2571 1614 2600 examine
1629 2571 1660 2600 ec
1681 2569 1867 2606 discussione,
1885 2569 2021 2606 sacrisque
2037 2569 2159 2607 pluribus
2181 2568 2317 2599 Sessioni-

1258 2613 1311 2642 bus
1324 2610 1357 2640 &
1372 2609 1580 2646 Conferentiis,
1599 2618 1631 2638 ac
1646 2608 1708 2645 post
1723 2609 1885 2638 diuturnam
1903 2607 2148 2645 Disceptatioriem
2162 2629 2171 2644 ,
2191 2607 2224 2636 ad
2241 2607 2318 2637 Orn-

1259 2649 1414 2686 nipotentis
1431 2647 1489 2678 Dei
1505 2647 1637 2677 Gloriam
1648 2670 1656 2684 ,
1675 2648 1761 2677 totius
1777 2646 1932 2676 Christiani
1949 2645 2036 2675 Orbis
2054 2645 2319 2682 Beneficium,St=b-

1258 2688 1442 2724 ditorumque
1457 2686 1600 2716 diciorum
1619 2684 1867 2715 Sereniisimoi-um
1884 2685 1902 2704 ἢ*
1925 2684 2092 2721 Principum
2110 2684 2270 2714 Utilitatem
2287 2686 2319 2715 ὃς

1260 2726 1414 2762 Quietem,
1437 2725 1487 2755 fuit
1511 2733 1559 2763 per
1584 2722 1648 2753 Nos
1678 2723 1847 2754 conclusum
1876 2722 2031 2753 stabilitum
2053 2732 2085 2753 ac
2108 2723 2319 2753 concordatum

1260 2773 1343 2803 prout
1358 2764 1432 2794 infra
1450 2764 1622 2793 continetur.

1298 2841 1417 2872 PRrMo
1429 2862 1438 2877 ,
1456 2837 1634 2868 Conclusum
1650 2836 1807 2867 stabilitum
1826 2837 1859 2867 δε
1881 2837 2066 2867 accordatum
2087 2836 2140 2866 fuit
2160 2838 2194 2868 δε
2210 2836 2266 2873 est,
2287 2846 2318 2868 ut

1261 2880 1297 2910 ab
1311 2879 1396 2909 hodie
1413 2880 1521 2908 inantea
1537 2877 1569 2907 sit
1583 2877 1659 2907 bona
1675 2876 1781 2906 sincera
1798 2885 1862 2905 vera
1878 2875 1958 2905 firma
1983 2877 2015 2905 ὅ(
2038 2876 2159 2912 perf-ecia
2183 2875 2319 2906 Amicitia

1263 2919 1295 2949 &
1312 2916 1551 2953 Confoederatio,
1568 2925 1601 2945 ac
1620 2915 1676 2945 Pax
1699 2915 1837 2953 perpetuo
1859 2913 2005 2950 duratura,
2032 2923 2096 2950 quae
2122 2913 2319 2944 inviolabiliter

1263 2957 1422 2986 observetur
1441 2956 1512 2985 inter
1529 2954 1741 2984 Sereniffimurn
1763 2954 1857 2990 Regem
1878 2951 2007 2989 Angliae,
2033 2952 2094 2982 &o
2121 2953 2152 2981 ὅ(
2175 2950 2320 2981 Serenissi-

1266 3005 1348 3025 mum
1363 2997 1464 3030 'Regem
1479 2992 1688 3031 Hispaniarum,
1708 2992 1766 3023 &Q
1793 2992 1827 3021 &
1848 2990 2041 3020 Sereniisirnos
2064 2989 2231 3019 Archiduces
2254 2993 2320 3019 Au-

1256 3033 1334 3072 striae
1351 3031 1439 3062 Duces
1451 3030 1629 3068 Burgundiae,
1656 3031 1716 3061 &c
1742 3037 1899 3066 eorumque
1922 3028 2058 3058 Haeredes
2082 3030 2114 3059 &
2137 3028 2319 3059 Successores

1265 3071 1478 3109 quoscumque,
1497 3078 1657 3106 eorumque
1672 3067 1793 3106 Regna,
1811 3067 1934 3105 Patrias,
1949 3066 2105 3104 Dominia,
2122 3067 2241 3104 Terras,
2260 3066 2320 3096 Po*

1264 3110 1362 3147 pulos,
1380 3108 1525 3139 Homines
1540 3108 1645 3146 ligcos,
1660 3116 1693 3136 ac
1709 3107 1843 3136 Subditos
1858 3108 2044 3143 quoscunque
2066 3105 2208 3141 praesentcs
2224 3107 2256 3137 ὃς
2274 3106 2319 3135 fu-

1263 3157 1358 3185 turos,
1378 3146 1572 3185 cujuscunque
1588 3144 1763 3175 conditionis
1775 3145 1914 3183 dignitatis
1934 3145 1967 3175 &
1990 3143 2093 3180 gradus
2108 3143 2241 3181 existant,
2259 3152 2317 3173 tam

1262 3196 1311 3223 per
1322 3186 1445 3216 Terram
1459 3186 1542 3223 quatri
1558 3194 1607 3222 per
1623 3183 1705 3213 Mare
1718 3184 1750 3214 ὃς
1768 3183 1862 3221 Aquas
1878 3182 1989 3221 dulces,
2008 3183 2044 3212 ita
2059 3191 2087 3212 ut
2103 3182 2231 3219 prcediCti
2250 3180 2317 3211 Vas-

1262 3225 1318 3254 salli
1334 3234 1367 3254 ac
1382 3223 1493 3254 Subditi
1511 3223 1560 3252 sibi
1576 3223 1701 3253 invicem
1716 3222 1810 3252 favere
1825 3222 1858 3253 ὃς
1875 3222 1977 3252 mutuis
1991 3220 2117 3259 prosequi
2134 3219 2264 3257 Officiis,
2282 3229 2315 3250 ac

1261 3262 1382 3293 honesta
1396 3262 1552 3292 affeetione
1565 3262 1688 3291 invicem
1700 3260 1725 3290 se
1736 3261 1854 3290 traetare
1867 3259 2004 3294 habeant‚·
2025 3259 2165 3296 cessetque
2181 3257 2317 3297 imposte-

1264 3302 1331 3332 rum
1345 3302 1440 3331 omnis
1459 3299 1604 3330 Hostilitas
1620 3309 1652 3329 ac
1667 3299 1835 3336 Iiiitiiicitia,
1855 3297 2071 3328 Offeiiiionibus
2086 3298 2218 3327 omnibus
2238 3295 2316 3334 Inju-

1264 3342 1310 3370 riis
1326 3349 1357 3370 ac
1375 3339 1511 3373 Damnis,
1535 3348 1599 3377 quae
1618 3338 1735 3368 durante
1753 3337 1894 3367 bellorum
1914 3336 2048 3365 incendio
2071 3336 2164 3365 Partes
2186 3344 2316 3372 quoquo-

1263 3378 1355 3408 modo
1371 3377 1573 3416 percepissent,
1592 3375 1700 3406 sublatis
1716 3386 1750 3406 ac
1771 3375 1911 3405 oblivioni
1932 3374 2055 3411 traditis,
2082 3374 2119 3403 ita
2142 3379 2173 3402 ut
2189 3372 2316 3410 inposte-

1264 3418 1327 3446 rt'irn
1345 3417 1414 3447 nihil
1430 3417 1496 3446 alter
1510 3416 1546 3446 ab
1562 3415 1651 3445 altero
1666 3437 1675 3452 ,
1695 3414 1845 3444 occasione
1864 3421 2108 3450 quorumcumque
2130 3411 2316 3442 Damnorum

1263 3455 1465 3486 Offensionum
1481 3453 1659 3493 Captionum
1682 3461 1727 3482 aut
1751 3452 1912 3490 Spoliorum
1928 3473 1937 3488 ,
1957 3450 2130 3488 praetendere
2152 3449 2249 3488 poffit,
2270 3450 2316 3481 sed

1262 3495 1396 3524 omnium
1411 3493 1528 3524 abolitio
1545 3492 1592 3529 sit,
1610 3493 1642 3522 &
1657 3491 1798 3520 censeatur
1813 3490 1886 3520 fasta
1901 3491 1936 3519 ab
1951 3488 2037 3519 hodie
2055 3489 2083 3517 in
2099 3496 2189 3529 antea,
2205 3489 2316 3518 omnis-

1261 3543 1316 3571 que
1334 3533 1423 3563 Aetio
1436 3531 1558 3561 extinCta
1572 3530 1705 3559 habeatur
1720 3528 1813 3566 (salvo
1830 3529 1862 3558 ὃς
1876 3535 2059 3565 praeterquam
2074 3525 2316 3564 reipestcaptio-

1262 3582 1333 3601 num
1349 3571 1484 3600 factarum
1499 3579 1513 3598 a
1533 3568 1590 3598 Die
1602 3566 1721 3606 viccfimo
1734 3574 1833 3607 quarto
1848 3565 1954 3604 Aprilis
1981 3565 2062 3604 1603.
2088 3566 2156 3594 citra
2171 3588 2178 3602 ,
2197 3567 2259 3602 quia
2279 3565 2316 3596 de

1262 3610 1316 3640 iliis
1332 3609 1447 3639 debebit
1465 3607 1530 3637 redd
1561 3607 1723 3640 rationem)
1740 3605 1974 3640 abstinebuntque
1989 3603 2017 3632 iri
2034 3605 2160 3632 fututum
2175 3604 2211 3633 ab
2232 3605 2313 3633 omni

1263 3648 1361 3678 Praeda
1377 3646 1520 3685 Captione
1534 3643 1705 3674 Offensiorie
1724 3653 1756 3673 ac
1778 3642 1878 3679 Spolio
1900 3642 1927 3670 in
1956 3641 2181 3684 quibuscumque
2204 3641 2314 3681 Regnis

1263 3686 1408 3718 Dominiis
1425 3685 1511 3714 Locis
1527 3693 1559 3712 ac
1578 3682 1742 3712 Ditionibus
1758 3680 1910 3711 alterutrius
1928 3680 2016 3708 ubiv1s
2033 3679 2103 3716 sitis,
2121 3688 2179 3710 tam
2196 3681 2223 3709 in
2237 3681 2311 3710 Ter-

1261 3735 1288 3756 ra
1304 3725 1389 3763 quam
1406 3725 1434 3753 iri
1453 3722 1527 3752 Mari
1542 3722 1574 3750 δε
1591 3720 1679 3758 Aquis
1693 3719 1823 3749 dulcibus
1838 3727 1891 3747 nec
1907 3726 1955 3755 per
1977 3716 2040 3747 suos
2062 3716 2199 3748 Vassallos
2223 3717 2309 3749 Inco-

1262 3764 1300 3794 las
1313 3764 1356 3794 vel
1373 3761 1506 3792 Subditos
1521 3758 1624 3796 aliquid
1637 3767 1670 3788 ex
1683 3757 1823 3794 praedietis
1839 3755 1894 3786 fieri
1917 3755 2109 3794 consentient,
2133 3766 2312 3795 omnemque

1260 3801 1384 3841 praedam
1399 3800 1528 3838 Spolium
1544 3807 1576 3827 ac
1592 3796 1763 3835 Captionem
1783 3804 1818 3825 ac
1842 3794 1992 3824 Damnum
2013 3794 2092 3832 quod
2110 3795 2176 3825 inde
2199 3795 2245 3825 fiat
2269 3796 2315 3826 vel

1263 3841 1375 3871 dabitur
1392 3838 1494 3869 restitui
1508 3836 1619 3865 facient.

1302 3878 1411 3913 ITEM,
1431 3874 1525 3914 Qod
1543 3873 1634 3904 nullus
1658 3871 1803 3902 dictorum
1831 3869 1998 3908 Principum
2020 3870 2192 3909 suorumque
2212 3870 2315 3901 Haere-

1263 3916 1334 3946 dum
1350 3917 1383 3946 &
1397 3912 1598 3945 Succefforum
1611 3918 1878 3948 quorumcumque,
1897 3918 1946 3945 per
1960 3908 2002 3946 se,
2018 3919 2108 3948 neque
2124 3919 2173 3948 per
2187 3911 2316 3947 quemvis

1262 3955 1368 3991 alium,
1388 3961 1488 3984 contra
1501 3951 1585 3980 alium
1603 3949 1635 3979 &
1649 3949 1694 3979 sua
1709 3948 1809 3987 Regna
1826 3947 1933 3976 Patrias
1956 3948 2093 3977 Dominia
2117 3958 2315 3985 quaecunque,

1263 3994 1417 4031 quicquam
1431 3998 1493 4029 aget
1507 3989 1589 4018 faciet
1604 3987 1731 4017 traetabit
1748 3986 1791 4015 vel
1807 3985 1952 4015 attentabit
1968 3995 2140 4023 quocunque
2156 3988 2184 4015 iri
2198 3987 2274 4022 loco,
2284 3991 2315 4014 ii-

1263 4040 1298 4061 ve
1313 4032 1341 4060 in
1358 4030 1448 4059 Terra
1465 4028 1521 4057 sive
1537 4028 1566 4056 in
1581 4025 1673 4063 Mari,
1690 4024 1838 4054 Portubus
1852 4023 1898 4053 vel
1917 4024 2004 4062 Aquis
2021 4026 2149 4053 dulcibus
2164 4047 2173 4062 ,
2192 4032 2316 4063 quacunj

1262 4077 1317 4108 que
1328 4067 1478 4099 occasione
1497 4065 1543 4096 vel
1562 4063 1660 4102 causa,
1681 4071 1735 4093 nec
1759 4061 1842 4130 alilgui
1866 4060 1944 4092 Bello
1966 4059 2106 4092 Concilio
2129 4061 2319 4125 Attentationi1

1832 4107 1847 4138 3
2274 4105 2309 4124 ve

2331 317 2406 347 Ann.
2416 315 2459 349 D,

2346 356 2431 394 1604.

2327 393 2457 432 zJac.i.

2337 2690 2351 2703 '⁵
2367 2687 2452 2717 xvi.

2335 2725 2402 2761 583.
