2557 4279
690 180 801 226 ET
885 175 1150 224 ACTA

2 275 104 310 nn.D.
124 276 288 308 fridericum
313 267 492 306 Wlhelmum
516 270 621 302 Dutem
644 272 770 301 Saxoniae
794 268 829 301 &
848 264 982 300 saxonici
998 261 1178 298 Elenoratfis

0 307 77 354 i592.
121 314 408 349 Administratorem,
425 310 474 341 etsi
492 319 540 354 per
558 310 585 340 se
599 317 746 352 promptus
763 315 847 346 atque
865 317 972 352 paratus
989 306 1049 344 est,
1066 304 1174 336 cohor-

0 366 18 392 1..
34 355 104 385 Eliz.
120 356 173 386 tari
188 361 281 384 tamen
299 359 352 390 pro
370 348 504 381 consensu
522 347 576 379 isto
591 348 674 379 nobis
691 357 782 387 neque
808 346 980 378 laboriosum
998 354 1089 383 neque
1105 351 1171 373 mo-

30 403 41 420 e
60 414 68 421 .
140 414 142 417 -
192 400 222 421 m
240 398 301 420 erit.
1041 420 1044 421 γ

9 398 56 430 ng
120 391 233 460 ,αξ-1366
248 428 306 458 fere
321 426 356 458 ad
370 429 460 464 Regiae
473 423 571 466 vestrae
585 428 741 463 Dignitatis
757 422 941 468 Literasquae
961 423 998 467 ab
1014 422 1130 468 optimo
1145 429 1175 450 a·

120 470 203 501 nimo
217 466 398 505 ejusdemque
411 464 655 495 observantiffimo
668 464 767 503 scripta
788 463 845 493 efle
867 462 1030 504 ludicabit,
1041 462 1115 505 bene
1137 466 1172 488 ac

120 507 236 538 feliciter
251 507 337 542 Regia
354 507 488 541 Dignitas
503 502 597 543 vestra
610 503 716 541 valeat,
735 501 822 540 fitque
833 501 892 532 Dei
904 499 1085 530 Protedtiom
1097 495 1174 529 mul—

120 546 154 577 tis
168 543 261 575 modis
275 542 489 575 commendata.

155 620 241 652 Darae
256 621 397 658 Neuburgi
410 620 451 649 ad
461 618 619 650 Danubium
632 617 691 651 Die
704 615 813 648 Menfis
827 614 940 647 decima
947 613 1028 646 tertia
1036 612 1177 649 Novem?

119 661 193 701 bris,
210 661 300 693 Anno
315 658 442 691 Domini
460 667 543 697 1592.

436 738 469 768 V-
484 737 521 765 Rs
541 736 581 765 D.

754 805 995 850 Obftrvatisfimus
1003 809 1013 847 ,⁴

432 886 618 958 Pnssshlpws
637 887 829 919 Lubov1cus
857 890 950 917 Comes
969 882 1118 915 Palatinus
1137 881 1180 912 ad

533 938 619 957 enum.

20 1059 110 1087 XVI.
124 1053 149 1081 *
171 1058 205 1088 A
227 1053 403 1098 Praeconficle
425 1055 462 1090 ὠ·
498 1052 621 1097 Confitle
646 1055 791 1085 Civitatis
817 1049 991 1098 Elbtgenfiss
1010 1046 1100 1095 fhper
1119 1048 1177 1079 Re·

7 1106 69 1134 ¹79·
154 1101 285 1147 sidentia
315 1104 530 1135 Mercatorum
556 1101 671 1147 Angliae
694 1099 825 1142 ibidem,
851 1103 888 1138 ὠ·
914 1099 950 1133 de
971 1097 1178 1132 Matrimonia

161 1153 249 1198 Regis
265 1150 320 1196 fiai
342 1162 410 1184 cum
431 1150 512 1185 Ft'lia
534 1148 717 1182 Archiducis
741 1147 879 1193 Austriae.

0 1244 99 1275 ,tucn-
114 1235 320 1294 SErenisfima
337 1238 442 1273 Regina
459 1234 650 1274 Potentifima
667 1237 792 1274 Princeps
807 1245 838 1264 ac
852 1236 972 1264 Domina
986 1234 1107 1263 Domina
1115 1228 1176 1261 cle-

0 1294 27 1312 n.
36 1287 99 1311 Nm
169 1274 351 1316 mentisfima,
372 1273 518 1312 Maiestati
536 1274 635 1305 vestrae
653 1273 701 1304 Re
722 1275 786 1304 inali
805 1273 1033 1316 Incolumitatem
1051 1271 1086 1301 &
1105 1269 1178 1317 Pro5

0 1331 41 1352 .2.
49 1320 99 1359 fol.
114 1316 271 1355 speritatem
289 1324 409 1344 omnem
426 1336 436 1351 ,
472 1312 689 1352 felicissimaque
738 1313 803 1352 egni
823 1312 922 1353 inclyti
940 1308 1141 1355 Gubernacula
1159 1318 1175 1337 a

0 1369 39 1398 ¹3·
112 1356 181 1387 Deo
194 1353 370 1422 Pfraepotenti
385 1359 565 1392 exoptantes,
583 1351 751 1382 humillimae
778 1351 975 1383 Veneratioms
997 1347 1102 1380 nostrae
1116 1346 1176 1377 stu-

241 1402 264 1421 rr
331 1413 338 1421 .

112 1392 428 1469 dissizeestamitstsvfflrae
445 1427 582 1466 Reginalis
601 1427 801 1466 benigniffime
817 1428 853 1459 ad
871 1427 940 1458 Nos
963 1426 1075 1466 scriptae
1096 1424 1176 1469 Lite-

113 1481 154 1502 rae
171 1467 357 1506 superioribus
373 1465 521 1498 Menfibus
538 1466 617 1497 reete
635 1468 719 1497 nobis
736 1467 852 1497 redditae
870 1466 947 1496 fuere
965 1488 976 1504 ,
1012 1474 1046 1496 ex
1072 1464 1176 1507 quibus

89 1541 91 1543 ,
123 1508 203 1547 Maje
227 1515 274 1537 ate
291 1505 384 1546 vestra
402 1508 487 1542 Regia
505 1506 534 1535 in
555 1504 703 1542 Responso
730 1503 902 1536 Sereniffimi
921 1505 955 1535 &
981 1502 1177 1546 Clementiffi-

118 1549 162 1579 mi
211 1547 270 1583 egis
287 1555 320 1576 ac
340 1543 471 1574 Domini*
483 1543 572 1573 nostri
589 1543 735 1573 Prioribus
751 1542 905 1582 Comitiis,
922 1542 1040 1573 Oratori
1054 1541 1126 1571 illius
1134 1544 1175 1570 D.

123 1581 307 1626 christophoro
326 1582 506 1620 Parchingio‚
523 1580 559 1611 de
578 1580 749 1612 Refidentiae
769 1581 1016 1619 Confirmatione,
1033 1580 1176 1617 dato,ac-

139 1625 276 1661 uiescere,
300 1621 332 1653 &
351 1623 390 1651 D.
405 1619 536 1658 Stephani
550 1623 629 1657 Regis
647 1620 800 1650 decefloris
818 1618 1016 1651 Conceffione
1034 1619 1086 1648 niti
1139 1627 1174 1648 ac

128 1664 170 1694 uis
193 1671 324 1700 praeterea
350 1659 534 1698 peculiaribus
558 1658 593 1689 ad
620 1658 837 1689 Sereniffimum
854 1658 1020 1697 Principem
1043 1667 1082 1687 no
1110 1666 1175 1700 rum

115 1702 234 1738 Literis,
250 1700 279 1730 id
297 1698 388 1736 ipsum
411 1697 576 1736 Negotium
593 1696 793 1737 benignissime
819 1697 964 1736 prosequi,
989 1694 1174 1727 libentissimis

113 1740 216 1771 animis
235 1737 446 1776 cognovimus5
468 1736 536 1774 Qia
553 1736 588 1767 de
603 1746 631 1766 re
653 1746 769 1773 magnas
786 1738 958 1774 Bem'gnitati
977 1735 1075 1776 vcstrae
1093 1736 1174 1772 Regi-

113 1777 174 1810 nali
188 1777 301 1809 Gratias
315 1776 429 1814 agimus
447 1776 480 1807 &
498 1775 651 1813 habemus,
661 1774 848 1813 impostenim
864 1784 978 1814 quoque
991 1774 1101 1812 optima
1115 1773 1174 1812 spe·

113 1825 218 1848 rantes:

156 1854 322 1891 Caeterum,
342 1852 422 1891 quod
442 1851 672 1890 Responfionem
684 1852 828 1890 nostram,
842 1851 1015 1890 jampridem
1030 1850 1176 1897 debitam,

116 1893 299 1931 adhucusque
315 1891 516 1928 distulerimus,
534 1891 562 1921 in
577 1892 656 1922 causa
670 1891 729 1922 fere
743 1890 923 1929 potiffimum
939 1891 994 1922 fuit
1003 1890 1176 1922 Conventus

115 1933 217 1969 Regni
232 1931 331 1969 hujus,
357 1933 374 1960 a
391 1930 484 1960 multis
498 1939 556 1959 non
571 1930 755 1961 mediocriter
771 1927 931 1968 desiderati,
961 1930 1106 1960 concitata
1126 1937 1177 1958 ex-

114 1971 257 2011 pectatim
277 1979 368 2006 neque
383 1969 460 1998 enirn
476 1967 622 2007 Majellati
637 1968 735 2010 vestrae
751 1968 876 2006 Reginali
894 1969 1028 2006 ignotum
1052 1967 1099 1998 vel
1114 1977 1177 1997 non

117 2010 246 2041 auditum
268 2008 325 2038 esse
345 2007 553 2045 existimamus,
577 2007 645 2047 quid
666 2007 764 2038 exacta
776 2006 872 2038 aestate
887 2007 990 2037 hocin
1015 2006 1119 2046 Regno
1140 2006 1177 2037 de

119 2051 210 2084 Regiae
233 2044 392 2085 Majestatis
411 2044 532 2075 Domini
555 2045 641 2076 nostri
655 2044 877 2076 Clementiffimi
894 2044 1087 2076 Matrimonio
1107 2055 1178 2076 cum

116 2086 247 2117 defuncti
271 2082 441 2114 Sereniffimi
461 2082 624 2114 Archiducis
638 2083 730 2113 Caroli
747 2083 888 2124 Austriaci
902 2083 974 2114 Filia
991 2087 1083 2115 Anna
1103 2084 1178 2114 inito

119 2125 209 2163 (quod
232 2123 348 2161 publice
370 2123 558 2160 privatimque
580 2126 655 2152 Deus
670 2125 796 2161 Optimus
809 2124 952 2152 Maximus
973 2122 1135 2154 feliciffime
1148 2133 1178 2154 6-

117 2164 215 2194 venire
236 2161 320 2198 velit)
340 2161 490 2191 tractatum
506 2161 658 2199 adtumque
681 2161 786 2198 fuerit‚·
806 2161 885 2200 quod
901 2169 997 2193 tamen
1018 2162 1177 2200 priusquam

118 2201 296 2241 Nuptiarum
310 2199 471 2230 solennibus
485 2197 694 2231 Festivitatibus
707 2209 902 2240 perageretur,
919 2211 980 2231 non
995 2201 1080 2239 pauci
1094 2201 1111 2230 ὲ
1126 2200 1178 2230 Se-

117 2242 230 2272 natorio
248 2239 282 2270 &
304 2237 431 2278 Equestri
451 2236 562 2268 Ordine
588 2247 700 2278 magnae
724 2238 889 2270 Autoritatis
919 2240 972 2270 viri
995 2246 1176 2270 conventum

118 2279 219 2316 Regni
236 2278 331 2308 haberi
348 2278 382 2308 &
398 2276 557 2314 praecedere
571 2277 768 2316 postularunt,
785 2277 831 2309 sed
845 2277 922 2315 dies,
942 2286 1006 2309 turn
1020 2279 1077 2317 ejus
1091 2277 1178 2308 Con-

118 2317 220 2349 ventus
241 2325 352 2353 certus,
375 2315 410 2346 ad
434 2315 512 2345 diem
536 2324 562 2353 7.
584 2315 693 2346 Mensis
707 2316 883 2354 Septembris
897 2317 1007 2356 dictus,
1031 2318 1106 2356 isque
1121 2316 1176 2347 fre-

143 2363 210 2387 uens
223 2354 378 2385 celebratus
393 2352 463 2391 fuit,
487 2354 518 2382 in
535 2364 595 2391 quo
608 2355 657 2385 etfi
673 2364 733 2385 non
747 2365 853 2394 pauca,
877 2365 965 2393 eaque
977 2355 1061 2387 ardua
1071 2378 1080 2393 ,
1103 2365 1177 2386 con-

121 2366 302 2431 sultationum
317 2391 419 2430 Capita
430 2393 551 2429 proponi
569 2401 651 2430 cepta
666 2392 797 2432 fuissent,
823 2394 960 2425 Attamen
981 2403 1096 2432 propter
1118 2395 1176 2431 pri-

122 2441 200 2463 vatas
220 2430 352 2470 quasdam
374 2430 612 2461 Adversationum
634 2430 809 2462 difficultates
828 2433 1060 2472 intervenientes,
1084 2433 1117 2464 &
1133 2433 1176 2463 ob

122 2470 229 2502 diversa
243 2471 364 2510 partium
380 2468 467 2499 studia
482 2468 518 2499 slC
533 2469 711 2507 impedita&
725 2469 854 2501 distracta
868 2470 1037 2509 fuerunt,ut
1052 2471 1179 2509 tandem,

124 2510 262 2540 omnibus
275 2509 304 2537 in
319 2506 444 2545 suspenso
457 2506 561 2538 relietis
576 2508 609 2538 &
625 2508 738 2538 infectis
755 2509 853 2547 rebus,
873 2508 1044 2540 Conventus
1059 2509 1105 2539 ille
1124 2509 1179 2539 dis-

123 2548 226 2579 solutus
239 2547 320 2577 fuerit
335 2558 345 2584 3
363 2547 401 2577 sic
418 2545 543 2584 fadium,
561 2554 592 2576 ut
608 2556 662 2576 nec
677 2547 713 2577 de
728 2546 898 2577 Residentiae
915 2547 1018 2578 nostrae
1043 2548 1176 2587 Negotio

122 2587 278 2625 quidquam
298 2585 366 2614 certi
378 2584 421 2623 agi
436 2585 576 2623 potuerit,
595 2593 781 2624 praeterquam
802 2585 880 2624 quod
904 2585 1062 2627 Majestatis
1082 2585 1180 2626 vestrae

122 2625 230 2656 Literas
246 2622 421 2653 Internuncii
434 2621 521 2652 nostri
535 2625 624 2660 Regiae
637 2623 782 2662 Majellati
796 2634 845 2663 per
859 2623 1114 2656 Procancellarium
1122 2624 1183 2655 Re-

123 2664 176 2701 gni
190 2661 342 2693 reddendas
355 2661 494 2698 curarint,
512 2660 627 2698 quando
641 2661 854 2694 subolfeciffent
871 2662 992 2694 Vicinos
1005 2664 1118 2695 nostros
1131 2664 1183 2694 ali-

125 2701 194 2740 quid
212 2700 256 2731 vel
272 2701 301 2729 in
313 2699 506 2730 Refidentiam
520 2699 566 2729 vel
582 2699 754 2731 Societatem
772 2701 845 2732 hanc
868 2702 979 2740 moliri,
1003 2702 1037 2733 &
1057 2702 1184 2733 nonnul-

123 2740 165 2770 los
179 2739 214 2770 de
235 2738 374 2769 Societate
387 2737 537 2768 iniimulari
551 2738 736 2777 audivissent,
753 2740 831 2777 quod
846 2749 914 2770 cum
929 2739 1064 2772 Portorio
1079 2741 1187 2780 Regio,

129 2788 190 2808 non
202 2777 261 2807 satis
283 2776 361 2807 bona
381 2775 454 2813 fide,
515 2785 612 2815 erent,
637 2778 715 2816 quod
731 2785 829 2809 tamen
845 2778 932 2809 nostri
947 2779 1125 2818 excusarunt,
1149 2780 1184 2810 &

130 2816 280 2855 postquam
302 2814 414 2845 seorsim
433 2817 447 2844 'a
468 2814 489 2844 l&
507 2815 634 2853 agnifico
654 2816 688 2847 &
710 2815 860 2848 Generoso
882 2820 999 2848 Domino
1023 2817 1186 2848 Gwilhelmo

132 2854 218 2892 Polo,
234 2855 282 2891 qui
295 2853 323 2883 id
339 2854 474 2891 temporis
490 2854 521 2884 in
538 2854 608 2884 Aula
623 2854 717 2892 Regia
732 2855 786 2885 fuit
798 2855 940 2895 secretius,
958 2856 1115 2888 submoniti
1123 2856 1188 2888 fuis-

133 2893 194 2923 sent
205 2895 314 2929 Regiam
330 2891 504 2932 Majestatem
519 2892 555 2924 de
571 2893 680 2932 Legatis
693 2893 857 2931 quibusdam
880 2895 915 2925 ad
938 2895 1115 2935 Majestatem
1138 2907 1190 2925 ve-

133 2931 220 2971 stram
235 2932 263 2960 in
279 2930 416 2967 Angliam
431 2931 576 2961 mittendis
591 2932 720 2968 cogitare
732 2955 741 2970 ,
758 2933 952 2973 Gedanenfium
973 2935 1015 2971 (ut
1033 2935 1190 2965 arbitraba-

133 2970 188 3006 tur)
211 2968 344 2999 instindm
366 2969 399 2999 &
419 2977 537 3007 rogatu,
557 2970 572 2999 a
593 2971 694 3007 quibus
708 2971 740 3001 ὃς
757 2971 889 3008 Sumptus
905 2972 1014 3003 Itineris
1029 2973 1062 3003 &
1086 2982 1190 3011 magna.

134 3007 270 3038 Pecuniae
286 3006 407 3036 Summa
419 3016 566 3045 propterea
579 3008 786 3048 expectaretur,
795 3010 851 3040 slve
866 3019 896 3041 ut
911 3010 948 3041 de
961 3010 1122 3042 Residentia
1136 3013 1190 3043 hac

135 3046 295 3084 Dantiscum
317 3044 505 3075 transferenda
522 3068 533 3083 ,
569 3046 626 3076 five
651 3046 686 3076 de
704 3047 762 3077 aliis
787 3048 822 3078 ad
841 3047 971 3079 Civitatis
994 3049 1066 3079 illius
1083 3051 1117 3082 &
1138 3049 1191 3080 Ci-

134 3085 216 3114 vium
241 3084 361 3112 rationes
384 3084 584 3120 pertinentibus
609 3094 678 3114 cum
706 3085 856 3125 Majestate
881 3087 975 3126 vestra
991 3090 1074 3124 Regia
1092 3098 1191 3124 agere-

135 3131 181 3153 tur
200 3133 211 3160 ,
249 3130 303 3158 qua
319 3129 415 3164 tamen
432 3121 467 3150 de
485 3131 515 3151 re
535 3144 543 3159 ,
579 3121 598 3152 fi
615 3122 683 3161 quid
699 3124 752 3152 erit
770 3125 857 3168 certi,
875 3125 1054 3165 Majestatem
1072 3127 1192 3166 vestram

137 3158 293 3198 Reginalem
309 3160 346 3189 ab
363 3159 423 3196 ipso
441 3163 480 3189 D.
499 3159 562 3190 Polo
577 3161 713 3191 maturius
729 3162 762 3192 &
779 3162 887 3200 planius
904 3165 1088 3202 cognituram
1106 3165 1194 3203 spera-

133 3208 206 3229 mus,

174 3236 244 3267 Nos
265 3235 396 3273 quidem,
421 3236 526 3267 tametfi
549 3247 580 3268 ea
600 3237 694 3269 adhuc
717 3248 772 3270 nec
790 3238 851 3270 satis
864 3240 1004 3278 explorata
1024 3240 1192 3282 habeamus,

136 3286 192 3307 nec
218 3274 334 3312 publica
356 3274 473 3305 Senatus
494 3276 648 3308 Autoritate
668 3276 728 3307 fieri
749 3277 883 3315 sciamus,
903 3287 999 3310 tamen
1013 3279 1031 3309 fi
1047 3280 1091 3310 vel
1105 3291 1190 3313 certae

135 3316 191 3352 spei
211 3313 295 3355 causa
314 3312 379 3342 fiant
391 3337 397 3349 ,
425 3313 611 3344 nihilominus
633 3315 810 3354 Majestatem
823 3316 943 3356 vestram
958 3319 1115 3355 Reginalem
1138 3331 1192 3358 pro

136 3352 267 3389 singulari
278 3352 409 3388 {apientia
422 3353 455 3383 &
469 3351 618 3382 clementia
631 3353 675 3383 sua
688 3353 770 3385 facile
783 3355 991 3392 prospesturam
1013 3357 1045 3387 δε
1071 3357 1192 3389 aestima-

136 3394 228 3422 turam
252 3389 440 3428 confidimus,
467 3390 534 3428 quid
554 3390 590 3420 de
610 3390 652 3420 his
665 3391 860 3431 statuendum,
882 3394 916 3424 &
931 3403 1069 3432 quantum
1086 3398 1191 3437 cuique

135 3429 318 3460 tribuendum
335 3429 381 3466 (it,-
400 3428 469 3459 Nec
483 3428 644 3459 dubitamus
678 3431 726 3460 uin
740 3431 874 3471 Majestas
885 3432 977 3472 vestra
986 3434 1123 3471 Reginalis
1138 3435 1193 3473 qua

138 3467 309 3506 clementia,
326 3467 359 3497 &
376 3467 531 3497 Civitatem
545 3469 579 3499 &
592 3466 659 3497 Refi
679 3469 783 3499 entiam
798 3471 873 3500 hanc
895 3471 1067 3503 confirmato
1076 3473 1193 3512 judicio

141 3508 190 3537 suo
210 3506 294 3537 semel
309 3505 468 3543 complecti
481 3505 596 3542 dignata
611 3505 669 3545 est,
687 3507 785 3538 eadem
804 3509 837 3540 &
851 3508 886 3539 de
906 3517 1009 3541 caetero
1024 3511 1194 3549 benigniffi-

141 3545 191 3576 me
205 3545 423 3586 prosequutura,
447 3554 539 3582 neque
562 3543 597 3574 de
612 3544 657 3575 illa
671 3546 816 3578 voluntate
838 3546 883 3577 sua
903 3547 943 3577 ob
957 3549 1038 3579 ullius
1052 3552 1194 3588 privatum

142 3582 351 3614 Commodum
372 3591 418 3614 aut
440 3583 579 3614 alfedi-um
601 3583 754 3621 quidquam
776 3585 923 3615 remissura
936 3586 980 3617 vel
994 3588 1194 3629 immutatum,

141 3621 186 3652 sed
202 3621 345 3659 promiffae
361 3622 544 3658 Benignitatis
562 3621 633 3659 suae,
660 3623 693 3654 &
708 3621 811 3653 nostrae
825 3623 860 3653 de
881 3623 980 3654 eadem
996 3636 1147 3665 conceptae
1162 3628 1194 3658 fi-

140 3660 250 3698 d'uciae,
271 3668 355 3697 atque
376 3662 406 3691 in
430 3659 568 3691 Subditos
592 3660 662 3690 illius
678 3660 820 3698 fingularis
833 3660 953 3693 affectfis
971 3664 1004 3695 ὃ(
1017 3665 1120 3704 studii,
1138 3667 1196 3698 cle-

144 3698 348 3730 mentiffimam
362 3700 499 3730 rationem
513 3699 639 3730 habitura
654 3699 699 3729 sit:

183 3737 202 3757 ²*
221 3737 289 3767 Nos
302 3739 372 3768 vero
385 3738 471 3769 etiam
484 3737 556 3777 qua,
576 3746 607 3768 ut
622 3739 653 3767 in
671 3735 847 3806 Majei-{latem
862 3738 981 3780 vestram
997 3745 1197 3781 Regiamffler-

149 3775 230 3812 petua
244 3775 448 3814 observantia,
466 3777 499 3808 &
516 3777 544 3805 in
556 3775 727 3807 Societatem
765 3786 817 3807 anc
833 3779 932 3808 animo
945 3778 1030 3810 semel
1043 3781 1101 3812 esse
1118 3784 1196 3820 cepi-

151 3821 231 3851 mus,
255 3813 288 3844 &
303 3813 479 3854 adhucusque
495 3814 588 3845 sumus
604 3817 632 3845 in
655 3815 774 3853 eodem,
799 3815 933 3854 deinceps
950 3816 1011 3849 fore
1032 3819 1118 3858 Nos,
1144 3831 1198 3852 nec

152 3849 325 3881 Commodis
339 3852 605 3884 Subditorumillius
624 3854 774 3891 (quantum
789 3855 818 3882 in
834 3855 917 3884 nobis
931 3856 1025 3894 fuerit)
1046 3858 1200 3898 defuturos,

150 3889 184 3919 &
205 3890 345 3920 concessas
365 3891 468 3922 eisdem
494 3891 648 3923 Libertates
664 3902 730 3922 cum
747 3891 869 3922 Civibus
889 3903 1077 3934 communes,
1100 3897 1201 3929 Pacta-

149 3935 207 3964 que
227 3926 391 3968 Conventa,
417 3930 536 3961 libenter
558 3931 711 3961 servaturos
722 3930 907 3970 pollicemur,
930 3935 1021 3964 modo
1044 3935 1094 3971 ipsi
1113 3937 1201 3966 etiam

152 3965 236 4008 rebus
248 3964 300 4008 suis
314 3976 374 3997 non
390 3968 495 4007 delint,
511 3971 544 4000 ὅ(
559 3971 845 4006 circumspectionem
859 3979 977 4001 omnem
990 3972 1159 4012 adhibeant,
1170 3974 1204 4004 fi-

154 4004 224 4042 quid
239 4012 322 4033 ettam
339 4006 487 4043 aliquando
501 4007 545 4038 vel
560 4008 747 4039 Difficulratis
771 4007 814 4039 vel
837 4008 1032 4041 Dubitationis
1055 4021 1205 4052 occurret,

0 3749 21 3771 0
44 3751 127 3778 XVI.

39 3789 103 3818 180.

156 4043 193 4071 de
208 4052 242 4071 eo
259 4043 353 4072 amice
367 4044 503 4075 admoniti
520 4046 682 4084 cequiffimis
699 4045 793 4076 modis·
808 4047 936 4077 invicem
957 4057 1094 4089 agemus,
1113 4052 1146 4084 &
1162 4061 1206 4084 ra-

156 4081 249 4112 tiones
261 4080 365 4112 nostras
378 4084 581 4121 requirentibus
596 4086 715 4123 probare
728 4084 915 4116 studebimus:

1233 172 1266 217 P
1303 174 1349 218 U
1389 177 1422 219 B
1452 178 1486 219 L
1513 178 1534 221 1
1569 181 1608 221 C
1642 181 1694 223 A.
2217 200 2294 243 ¹03

1266 260 1359 302 Qod
1378 260 1463 296 restat
1484 264 1661 305 Majestatem
1684 264 1803 306 vestram
1825 269 1978 308 Reginalem
1994 269 2166 304 'feliciffime
2181 272 2214 305 &
2229 274 2294 305 diu·
2313 269 2392 304 Ann.
2406 270 2451 308 DJ

1228 300 1335 332 tiffime
1350 303 1465 342 vivere,
1482 305 1671 344 omnibusque
1684 307 1767 336 rebus
1785 307 1912 340 secundis
1925 310 1981 341 frui
1995 320 2135 350 optamus*

1259 385 1486 432 Darae—Elbingae
1500 391 1639 436 vicefimo
1654 393 1739 423 tertio
1761 386 1869 423 Menfis
1889 389 2081 438 Decembris,
2106 396 2197 430 Anno
2219 393 2288 438 Ποῖ

1223 433 1298 457 mini
1316 427 1469 461 millesimo
1483 430 1714 470 quingentesimo
1725 432 1910 471 nonagesimo
1924 433 2058 467 secundo.

1745 519 1905 560 Mayestatis
1922 522 2019 562 vestrae
2039 527 2177 563 Reginalir

1930 610 2108 649 Devotisfimi
2114 635 2125 650 ,

1517 687 1730 772 Pnaechsut.
1757 700 1804 726 m·
1829 692 2008 727 consutas
2038 700 2172 730 Civitatis
2190 701 2289 735 Eli-inf}

1561 743 1613 771 gen
1624 743 1655 762 ις.

1227 877 1423 913 Ana-retes
1445 877 1580 912 accordes
1598 889 1680 912 entre
1705 879 1748 914 les
1771 879 1939 927 Seigneurs
1963 878 2003 915 de
2023 881 2149 929 Sancy,
2175 882 2216 918 de
2233 886 2287 920 Saa

1272 925 1372 972 lignac
1397 930 1434 965 ὠ
1459 925 1497 961 (16
1523 926 1715 969 Rothieres,
1742 931 1872 975 Deputes
1888 939 1948 974 par
1963 929 2003 975 stt
2024 929 2163 974 Majeste
2189 933 2286 967 Tres-

1274 973 1423 1009 christien
1440 985 1519 1021 pour
1540 979 1629 1008 venir
1648 977 1773 1010 traiffer
1794 989 1869 1010 avec
1884 979 1924 1009 les
1943 977 2108 1013 Colonells
2124 983 2161 1018 ὦ*
2181 980 2290 1027 Reyt·

1271 1021 1429 1064 maistres,
1462 1027 1515 1070 qui
1536 1026 1605 1069 sbnt
1635 1037 1728 1058 venus
1752 1038 1787 1059 en
1809 1028 1926 1059 france
1940 1024 2034 1072 sbubs
2055 1026 2088 1060 la
2110 1026 2221 1075 charge
2250 1030 2289 1064 de

1273 1069 1446 1106 Monfieur
1469 1072 1497 1105 16
1524 1072 1636 1108 Prince
1659 1072 1831 1108 d’Anhalt.

1227 1159 1257 1220 I
1267 1156 1294 1188 L
1312 1167 1350 1187 ne
1365 1157 1419 1189 sera
1432 1159 1492 1188 rien
1510 1159 1627 1189 rabbatu
1640 1170 1676 1191 au
1691 1159 1840 1191 Paiement
1854 1160 1891 1191 de
1904 1169 1939 1192 ce
1953 1159 2045 1200 Moys
2058 1159 2096 1193 de
2112 1171 2147 1194 ce
2162 1170 2218 1202 que
2230 1164 2290 1196 leur
2314 1167 2445 1199 Biblon}

1278 1206 1294 1226 a
1307 1195 1364 1226 este
1378 1207 1483 1227 avance
1493 1220 1501 1235 ,
1511 1197 1570 1228 leur
1584 1197 1639 1229 sera
1654 1199 1680 1228 le
1696 1198 1780 1229 Mois
1796 1198 1863 1228 Paie
1876 1206 1938 1230 tout
1957 1203 2056 1230 entier.
2311 1210 2444 1235 romoalt&

1262 1234 1340 1265 Mais
1351 1234 1486 1266 d'aultant
1500 1246 1554 1274 que
1568 1235 1593 1265 le
1606 1239 1662 1272 Roy
1677 1238 1753 1267 avoit
1775 1236 1843 1267 fai&
1864 1236 1933 1267 estat
1946 1247 2002 1276 que
2023 1238 2066 1269 sur
2088 1246 2123 1271 ce
2139 1239 2289 1274 Paiement
2308 1246 2371 1281 gula
2378 1250 2407 1273 Ε.
2418 1245 2447 1274 8.

1225 1272 1286 1303 leur
1306 1273 1392 1304 seroit
1412 1275 1529 1305 rabbatu
1549 1284 1584 1305 ce
1606 1285 1661 1314 que
1680 1275 1741 1305 leur
1762 1285 1778 1305 a
1791 1274 1848 1306 este
1865 1285 1970 1306 avance
1985 1286 2023 1317 cy
2042 1277 2149 1310 devant
2161 1288 2241 1319 tant,
2257 1283 2291 1314 δε
2307 1283 2360 1322 fol.
2378 1284 2445 1320 48⁹.

1226 1321 1298 1342 nous
1322 1312 1442 1343 n'avons
1462 1322 1511 1350 pas
1533 1323 1549 1343 a
1569 1321 1632 1343 orte
1651 1313 1688 1343 de
1707 1323 1783 1352 quoy
1805 1323 1823 1353 y
1837 1316 1959 1351 pouvoir
1982 1314 2113 1347 satisfaire
2129 1327 2202 1358 pour
2215 1319 2292 1351 ceste
2438 1313 2447 1322 ⁴

1223 1352 1358 1381 occafion
1378 1351 1416 1382 les
1434 1322 1568 1395 Colonelss
1586 1352 1620 1382 &
1640 1353 1829 1391 Reytmestres,
1847 1362 1920 1383 nous
1942 1352 2108 1385 donnerons
2131 1365 2222 1388 terme
2233 1359 2292 1397 jus-

1225 1398 1293 1427 ques
1308 1400 1343 1420 au
1361 1398 1406 1420 10.
1423 1389 1461 1420 du
1478 1389 1560 1420 Mors
1580 1390 1736 1429 prochain,
1765 1390 1835 1421 dans
1854 1390 1945 1429 lequel
1962 1401 2035 1422 nous
2055 1403 2196 1432 payerons
2218 1399 2294 1428 Dix-

1223 1427 1299 1457 huic‘l
1314 1431 1404 1459 Centz
1424 1428 1510 1467 Escus
1525 1439 1541 1459 a
1556 1428 1679 1460 chascun
1695 1429 1732 1459 de
1748 1429 1890 1469 Mesfieurs
1904 1429 1936 1459 de
1951 1431 2109 1471 Berbistorf
2121 1434 2152 1463 de
2170 1438 2291 1466 Donan-

1223 1465 1248 1495 Io
1261 1467 1295 1497 &
1310 1468 1341 1496 de
1356 1471 1491 1506 creange,
1507 1467 1546 1497 les
1562 1467 1640 1506 quels
1652 1477 1724 1498 nous
1739 1476 1935 1505 promettonS,
1955 1478 1992 1498 en
2016 1470 2112 1501 nostre
2132 1482 2234 1511 propre
2254 1477 2291 1506 δε

1223 1506 1304 1542 prive
1321 1504 1408 1536 Nom
1423 1529 1433 1545 ,
1450 1506 1508 1537 leur
1523 1507 1599 1546 paier
1610 1529 1621 1545 ,
1639 1507 1672 1538 δε
1686 1505 1801 1545 Qatre
1816 1510 1899 1536 Cents
1914 1505 1999 1543 Eftus
2016 1517 2031 1537 a
2046 1508 2170 1541 chascun
2187 1511 2236 1542 des
2251 1514 2291 1545 fix

1222 1544 1398 1583 Reytmeslres
1414 1546 1454 1575 du
1469 1544 1626 1584 Regiment
1641 1545 1678 1575 de
1691 1545 1841 1575 Monlieur
1857 1545 1883 1574 le
1891 1547 1990 1574 Prince
2004 1545 2151 1577 d'Anhalt
2159 1549 2294 1588 ,lesquels

1222 1582 1255 1612 ils
1265 1593 1336 1613 nous
1359 1590 1411 1613 ont
1429 1583 1521 1621 preste
1536 1593 1611 1621 pour
1626 1583 1785 1621 parfournir
1799 1584 1826 1614 16
1838 1582 1985 1614 Paiement
2006 1583 2046 1614 du
2063 1584 2124 1617 dict
2140 1586 2247 1627 Moys,
2261 1590 2289 1621 le

1226 1630 1271 1650 10.
1287 1621 1326 1652 du
1343 1621 1433 1660 Moys
1446 1621 1482 1652 de
1496 1621 1611 1652 Feurier
1628 1622 1783 1659 prochain,
1809 1621 1829 1652 il
1844 1621 1901 1652 sera
1934 1621 1991 1652 deu
2004 1632 2052 1652 aus
2074 1623 2135 1655 di&
2158 1629 2293 1659 Cotonells

1224 1659 1463 1737 {ZiRsZssY-uaglres
1475 1669 1573 1698 quatre
1587 1659 1688 1699 Mois,
1697 1670 1752 1700 que
1766 1660 1792 1690 le
1804 1664 1859 1700 Roy
1873 1661 1933 1691 leur
1947 1661 2003 1691 fera
2017 1662 2094 1699 paier
2110 1673 2147 1694 en
2159 1664 2185 1695 la
2198 1666 2294 1699 forme

1418 1721 1430 1737 9

1262 1736 1423 1774 Ascavoir,

1263 1774 1288 1805 Il
1309 1775 1367 1806 leur
1387 1775 1444 1806 sera
1467 1775 1529 1813 paie
1549 1775 1623 1807 deux
1646 1775 1733 1806 Moix
1748 1775 1792 1806 sur
1807 1775 1846 1806 les
1861 1776 1964 1807 Vieulx
1988 1776 2109 1809 Roolles
2133 1789 2169 1811 en
2184 1779 2297 1815 bonnes

1224 1812 1400 1853 affurances,
1416 1814 1466 1853 qui
1479 1815 1538 1845 leur
1552 1814 1645 1845 seront
1660 1815 1770 1845 baillees
1785 1824 1802 1845 a
1817 1815 1895 1852 paier
1907 1815 1976 1846 dans
1993 1818 2099 1847 certain
2116 1825 2209 1857 temps
2234 1822 2296 1853 don

1226 1851 1374 1884 Monfieur
1398 1853 1424 1884 le
1447 1854 1542 1883 Prince
1562 1852 1708 1883 d’Anhalt
1731 1854 1909 1884 convicndra
1930 1864 2000 1885 avec
2016 1855 2042 1885 le
2063 1858 2119 1895 Ray
2154 1860 2188 1890 &
2203 1844 2296 1892 seron:

1226 1890 1361 1921 Monstre
1382 1893 1416 1924 &
1432 1901 1556 1923 noveaus
1585 1891 1702 1922 Roolles
1715 1891 1741 1922 le
1763 1902 1808 1922 10.
1827 1890 1899 1929 Jour
1921 1892 1957 1923 de
1981 1892 2095 1925 Fevrier
2114 1880 2250 1937 liiyvant,
2269 1899 2296 1930 le

1225 1930 1290 1967 quel
1305 1930 1403 1962 Roole
1419 1929 1452 1960 ils
1473 1937 1643 1968 recepuront
1664 1930 1690 1961 16
1712 1930 1863 1969 Payement
1879 1930 1916 1961 de
1937 1930 2011 1962 deux
2032 1931 2141 1973 Moys,
2158 1936 2296 1976 asfavok,

1226 1967 1265 1998 les
1281 1968 1355 2000 deux
1367 1970 1431 2000 tiers
1444 1979 1482 2000 en
1498 1969 1609 2006 Argent
1624 1977 1760 2008 contant,
1779 1969 1822 1999 sur
1836 1969 1864 1999 le
1878 1970 1942 2007 quel
1964 1970 2023 2000 leur
2039 1970 2094 2002 sera
2118 1973 2212 2006 rabatu
2231 1984 2296 2006 tou-

1226 2014 1271 2037 tes
1284 2008 1323 2041 les
1337 2007 1478 2039 advances
1491 2018 1507 2038 a
1519 2017 1574 2038 eux
1589 2007 1706 2046 fames,
1723 2016 1783 2039 tant
1806 2007 1842 2037 de
1862 2017 1896 2039 ce
1913 2007 1994 2046 qu’ils
2016 2009 2156 2042 doibuent
2181 2023 2237 2051 que
2259 2013 2298 2044 de

1225 2046 1325 2077 aultres
1339 2056 1475 2084 avanceS,
1494 2047 1527 2078 ὃς
1541 2046 1637 2077 l’autre
1653 2047 1716 2077 tiers
1734 2047 1794 2077 leur
1805 2045 1862 2076 sera
1878 2048 1939 2084 paie
1953 2056 1991 2077 en
2000 2047 2061 2078 Vin
2077 2048 2172 2088 Draps
2184 2061 2222 2082 ou
2230 2052 2293 2083 aul-

1226 2092 1281 2115 tres
1298 2084 1530 2124 Marchandises‚
1545 2084 1618 2116 dont
1639 2085 1671 2115 ils
1686 2093 1788 2116 auront
1809 2094 1825 2114 a
1840 2084 1918 2116 faire.

1273 2123 1377 2162 Qant
1388 2133 1441 2154 aux
1455 2124 1528 2155 troix
1544 2123 1613 2154 Solz
1626 2133 1699 2163 pour
1713 2124 1801 2155 Piece
1814 2133 1869 2162 que
1877 2122 2014 2163 Monfieur
2020 2125 2052 2154 de
2059 2127 2297 2166 Turenne,estant

1226 2171 1263 2192 en
1279 2163 1469 2200 Allemagne,
1488 2162 1548 2192 leur
1563 2173 1579 2192 a
1596 2165 1702 2200 promis
1718 2161 1787 2193 faire
1802 2171 1886 2212 payer
1901 2173 1916 2193 a
1937 2165 1962 2193 la
1980 2165 2120 2200 premiere
2142 2165 2296 2206 Monstre,

1225 2201 1251 2231 le
1269 2201 1416 2232 Tresorier
1431 2200 1604 2238 Allemand,
1621 2202 1669 2239 qui
1685 2211 1701 2231 a
1716 2203 1810 2232 maine
1826 2200 1973 2241 lArgent,
1990 2201 2110 2234 dreffera
2123 2215 2162 2235 un
2178 2206 2245 2236 estat
2260 2207 2299 2236 de

1226 2249 1262 2270 ce
1278 2250 1332 2278 que
1347 2240 1474 2270 samonte
1489 2240 1515 2269 le
1529 2239 1749 2278 Suppleement,
1765 2241 1798 2271 &
1812 2249 1847 2270 ce
1861 2250 1915 2278 que
1927 2240 1953 2271 se
1968 2249 2097 2273 trouvera
2113 2252 2227 2275 montet
2240 2244 2298 2275 leur

1227 2278 1284 2309 sera
1297 2288 1368 2319 paye
1382 2279 1409 2309 le
1426 2287 1471 2308 10.
1486 2277 1521 2309 de
1538 2278 1656 2316 Januier
1678 2279 1825 2317 prochain.

1227 2425 1254 2453 ste
1277 2423 1471 2457 Ait-nemas
1495 2422 1639 2456 accora'ez
1664 2433 1746 2456 entre
1773 2425 1928 2469 Monsteur
1945 2424 1974 2460 le
1997 2426 2139 2462 Viconte
2158 2425 2199 2463 de
2220 2429 2299 2464 Tu-

1273 2483 1369 2507 renne
1393 2473 1512 2505 Comte
1545 2470 1585 2505 de
1608 2471 1776 2506 Montfort
1812 2471 2037 2519 Ambaffizdeur
2059 2486 2136 2521 pour
2163 2477 2204 2523 fh
2228 2478 2301 2512 Ma-

1274 2518 1351 2564 jeste
1375 2517 1648 2554 Treschristienne
1673 2532 1739 2553 aux
1763 2524 1881 2554 Princes
1902 2523 1945 2554 du
1969 2524 2018 2557 St.
2041 2523 2174 2570 Empire
2204 2551 2214 2568 ,
2262 2530 2300 2564 &-

1276 2567 1441 2603 Christien
1467 2567 1579 2602 Prince
1610 2567 1768 2603 d'Anhalt
1803 2572 1981 2603 Lieutenant
2015 2572 2150 2608 General
2169 2583 2246 2621 pour
2259 2575 2301 2621 sb:

1274 2615 1336 2650 dite
1357 2614 1498 2662 Majeste
1524 2628 1560 2650 en
1576 2617 1633 2663 fin
1656 2619 1772 2652 Armee
1797 2617 1982 2653 Alemande.

2341 2452 2454 2483 *va

2373 2490 2436 2519 181.

1278 2702 1568 2742 Rsnmmmmr,

1313 2742 1358 2772 Le
1370 2741 1415 2772 dit
1427 2744 1551 2779 Seigneur
1566 2741 1730 2773 dentre-nne
1743 2749 1857 2781 promet
1871 2740 1908 2773 de
1930 2742 2000 2774 faire
2012 2743 2108 2775 baillet
2132 2743 2297 2785 l’Auritgelt
2321 2754 2455 2784 Barca,-

1234 2790 1250 2810 a
1266 2789 1339 2811 mon
1352 2780 1394 2810 dit
1411 2779 1548 2820 Seigneur
1564 2782 1660 2810 Prince
1675 2781 1807 2820 Christien
1819 2781 1852 2811 de
1863 2781 1995 2820 Anhalt,
2012 2783 2045 2814 &
2076 2784 2183 2815 accord
2203 2796 2251 2825 par
2273 2786 2298 2817 la
2323 2795 2455 2822 tomenti-

1234 2819 1293 2848 dite
1309 2818 1506 2861 Capitulation*
1517 2828 1532 2847 a
1548 2817 1667 2849 Deffaw
1683 2820 1708 2849 le
1723 2820 1877 2850 troifiesme
1895 2821 1962 2858 jour
1983 2820 2021 2851 de
2045 2821 2119 2860 May
2141 2825 2297 2863 prochain,
2322 2832 2387 2869 gula
2396 2832 2455 2860 ΕΒ.

1235 2858 1320 2887 vieux
1335 2856 1420 2895 Stile,
1438 2867 1454 2887 a
1469 2857 1559 2887 raison
1574 2857 1610 2888 de
1625 2857 1705 2887 xviii.
1719 2857 1790 2889 Batz
1804 2859 1831 2889 le
1846 2859 1933 2889 thaler
1948 2859 1974 2890 le
1982 2859 2078 2889 Florin
2091 2860 2168 2891 d’Or
2181 2863 2215 2892 &
2230 2862 2298 2893 Phi·
2314 2871 2365 2909 fol.
2387 2871 2457 2907 480-

1239 2895 1314 2934 lippe
1341 2895 1416 2925 dalet
1433 2905 1448 2926 a
1467 2904 1512 2925 xx.
1530 2895 1615 2928 Batz‚
1634 2895 1728 2927 l’Escu
1748 2895 1798 2926 Sol
1815 2907 1832 2927 a
1857 2906 1922 2928 xxv.
1941 2898 1975 2929 &
1992 2897 2077 2938 demy
2105 2899 2132 2928 le
2150 2899 2268 2931 Pistolet
2285 2912 2302 2933 a
2452 2902 2455 2904 ’

1236 2935 1319 3002 {vingt
1337 2935 1440 2973 cinqe,
1458 2935 1492 2965 &
1507 2943 1579 2971 pour
1596 2934 1623 2965 le
1640 2932 1731 2976 Moys
1749 2935 1786 2965 de
1805 2943 1898 2966 retour
1912 2935 2085 2967 s'observera
2111 2938 2217 2970 mesme
2236 2949 2303 2971 eva-

1249 2982 1363 3003 uaclon.

1273 3010 1314 3042 Et
1338 3019 1513 3050 moyennant
1533 3010 1560 3041 16
1582 3010 1626 3041 dit
1653 3011 1811 3049 Aurritgelt
1825 3021 1897 3043 mon
1912 3012 1954 3044 dit
1973 3016 2100 3051 Seigneur
2116 3015 2212 3045 Prince
2233 3025 2304 3057 pro-

1238 3057 1299 3079 met
1326 3049 1403 3090 auffy
1419 3052 1453 3081 ὅτ,
1468 3049 1592 3087 s’oblige
1613 3049 1656 3080 sur
1672 3050 1722 3080 son
1738 3050 1899 3090 Honneur,
1926 3052 1962 3082 de
1985 3051 2011 3082 se
2031 3053 2129 3083 rendre
2164 3064 2233 3085 avec
2249 3055 2303 3086 son

1237 3087 1280 3118 dit
1296 3087 1459 3125 Regiment
1471 3098 1506 3119 au
1522 3087 1575 3118 lieu
1590 3088 1629 3118 du
1644 3087 1870 3128 Rendez-vous,
1889 3091 1938 3128 qui
1954 3090 2011 3120 leur
2019 3090 2072 3121 iera
2085 3091 2184 3122 donne
2201 3092 2302 3131 depuis

1239 3126 1265 3156 le
1284 3126 1460 3164 cinquiesme
1476 3126 1573 3165 Juillet
1590 3126 1687 3166 jusque
1711 3138 1746 3158 au
1765 3128 1946 3166 douziesme,
1967 3130 2050 3158 vieux
2071 3129 2156 3168 Stile,
2173 3140 2245 3170 pour
2261 3142 2299 3162 en

1239 3167 1324 3204 partir
1340 3168 1365 3195 le
1380 3166 1546 3204 treizieme,
1562 3166 1595 3196 &
1610 3176 1644 3196 au
1659 3165 1714 3196 lieu
1729 3166 1765 3197 de
1786 3167 1812 3197 la
1825 3167 1905 3205 place
1921 3166 2047 3198 monstre
2069 3167 2194 3207 deffigne
2208 3179 2256 3208 par
2270 3170 2299 3200 la

1239 3203 1297 3234 dite
1311 3202 1506 3241 Capitulation
1522 3204 1548 3235 le
1566 3212 1612 3242 25.
1627 3204 1665 3234 du
1680 3204 1721 3235 dit
1737 3205 1828 3246 Moys
1842 3205 1878 3236 de
1885 3205 1991 3242 Juillet.

1275 3242 1313 3273 Et
1326 3252 1398 3281 pour
1413 3241 1537 3273 declarer
1552 3242 1577 3273 le
1591 3243 1645 3273 lieu
1657 3242 1695 3273 du
1710 3244 1918 3274 Rendez-vous
1932 3254 1971 3274 ou
1994 3243 2198 3282 lammelplatz‚
2219 3244 2238 3274 il
2256 3243 2298 3276 est

1239 3281 1380 3319 accorde,
1399 3281 1526 3319 qu'entre
1541 3281 1566 3310 le
1581 3281 1722 3313 troisieme
1738 3282 1772 3312 &
1788 3282 1813 3312 16
1829 3282 1966 3312 Dixieme
1988 3282 2024 3312 de
2043 3282 2156 3320 Juillet,
2174 3292 2215 3312 on
2239 3283 2300 3314 fera

1240 3329 1354 3350 trouver
1369 3319 1406 3349 (16
1421 3328 1482 3357 part
1497 3320 1530 3350 &
1544 3318 1650 3349 d’autre
1661 3319 1708 3350 des
1724 3320 1880 3351 Personnes
1893 3328 1988 3357 expres
2003 3330 2055 3350 aux
2063 3321 2145 3350 Villes
2160 3321 2192 3349 de
2209 3320 2296 3350 Glen-

1240 3357 1341 3397 hausen
1356 3358 1388 3388 ὃς
1405 3357 1547 3395 Fridberg,
1567 3368 1639 3395 pour
1655 3368 1691 3388 en
1707 3358 1777 3389 estre
1792 3359 1889 3389 donne
1913 3358 2072 3390 affeurance
2093 3360 2126 3390 &
2148 3358 2298 3397 esclaircifi

1239 3397 1347 3428 sement
1360 3406 1376 3426 a
1391 3405 1463 3426 mon
1478 3396 1520 3426 dit
1535 3399 1661 3434 Seigneur
1679 3399 1783 3427 Prince.

1276 3434 1316 3465 Et
1331 3445 1346 3465 a
1362 3433 1401 3465 fin
1419 3444 1474 3472 que
1491 3444 1561 3465 mon
1579 3435 1622 3465 dit
1639 3438 1763 3472 Seigneur
1776 3437 1870 3465 Prince
1887 3434 1976 3466 estant
1995 3436 2084 3466 arrive
2102 3445 2136 3466 au
2154 3434 2196 3467 dit
2213 3435 2301 3468 Rem

1240 3474 1384 3511 dezvous‚
1405 3483 1475 3504 avec
1489 3473 1539 3503 son
1560 3473 1739 3512 Regiment,
1756 3484 1792 3505 ne
1807 3475 1860 3504 soit
1875 3484 1911 3504 en
1930 3475 2012 3510 piene
2029 3473 2066 3503 de
2083 3473 2121 3504 scs
2141 3473 2246 3514 Logis,
2260 3478 2297 3508 &

1240 3511 1288 3550 n’y
1313 3513 1351 3542 ait
1371 3512 1454 3548 point
1478 3510 1514 3540 de
1539 3511 1680 3542 difficulte
1697 3514 1731 3544 &
1750 3513 1890 3550 opofition
1909 3522 1958 3549 par
1976 3512 2013 3541 les
2037 3512 2153 3543 Princes
2178 3524 2217 3544 ou
2237 3515 2300 3545 Sei-

1241 3560 1346 3587 gneurs
1363 3549 1562 3589 Proprietaires
1576 3550 1612 3580 de
1630 3550 1669 3580 les
1686 3552 1812 3581 recevoir
1829 3560 1858 3580 es
1874 3550 1927 3580 dits
1946 3550 2036 3589 Logis
2053 3572 2063 3588 ,
2091 3551 2116 3581 le
2140 3551 2202 3582 Felt
2217 3552 2304 3584 Mar-

1242 3588 1311 3620 shall
1334 3589 1369 3620 &
1393 3588 1419 3618 16
1443 3587 1645 3618 Commiffaire
1671 3588 1794 3619 General
1812 3589 1837 3618 se
1855 3597 2023 3618 trouveront
2048 3599 2084 3619 au
2101 3590 2143 3620 dit
2161 3590 2304 3621 Rendez-

1242 3637 1318 3697 {ous'
1331 3636 1404 3664 pour
1422 3636 1439 3667 y
1457 3625 1622 3667 Pourveoyr
1640 3628 1673 3658 &
1692 3626 1752 3657 leur
1768 3628 1878 3657 donner
1893 3627 1930 3656 les
1945 3627 2153 3664 departements
2175 3630 2211 3661 de
2229 3630 2305 3661 leurs

1272 3676 1291 3696 o
1312 3675 1342 3695 is.

1306 3713 1318 3735 t
1329 3703 1457 3735 traiCtera
1469 3714 1539 3734 mon
1554 3703 1594 3734 dit
1609 3703 1744 3742 Seigneur
1758 3703 1784 3733 le
1802 3704 1896 3733 Prince
1911 3702 2043 3743 Chrtstien
2063 3704 2210 3736 aeAnhalt
2230 3716 2303 3738 avec

1243 3743 1284 3774 les
1300 3745 1409 3772 Princes
1424 3745 1559 3781 Seigneurs
1572 3743 1604 3773 ὃ(
1619 3743 1699 3773 Villes
1714 3741 1885 3780 Imperiales,
1905 3752 1954 3780 par
1977 3745 2014 3773 les
2033 3743 2136 3775 Terres
2155 3746 2203 3775 des
2226 3747 2307 3783 quels

1243 3782 1296 3812 son
1321 3780 1493 3812 Excellence
1515 3791 1579 3811 aura
1599 3791 1614 3811 a
1630 3781 1717 3819 paffer
1730 3790 1798 3810 avec
1814 3780 1864 3810 son
1882 3780 2058 3820 Regiment,
2083 3793 2099 3813 a
2123 3793 2157 3813 ce
2170 3783 2238 3824 qu'il
2252 3786 2306 3816 soit

1246 3830 1375 3890 Ξοὲἑζω
1389 3830 1404 3850 ³
1418 3818 2311 3900 Ῑεὲξῑῖἃίὲἒὲἓὸῐῗῃὲῗῑὲτέἷὲἷξῖεέῗὸεὲῑῗ3ξῇιὲῗῗέε1ἆῖἶῖίὲἳέ

1248 3897 1317 3935 qu'il
1329 3898 1388 3927 leur
1401 3897 1496 3928 faudra
1512 3881 1520 3896 ³
1553 3906 1584 3926 ur
1598 3896 1680 3932 loger
1695 3895 1729 3926 &
1742 3896 1903 3934 sejoutner,
1918 3906 1957 3926 ou
1969 3897 1989 3926 il
2003 3897 2058 3928 sera
2083 3899 2219 3938 besoing,
2237 3910 2253 3931 a
2267 3899 2310 3929 fin

1249 3935 1367 3967 d’eviter
1389 3944 1452 3966 tout
1473 3936 1502 3964 di
1514 3934 1597 3963 ordre
1604 3935 1643 3975 ⁴&
1657 3934 1734 3964 foule
1750 3935 1788 3965 du
1802 3934 1927 3972 Peuple3
1947 3935 1989 3965 s’il
2012 3936 2145 3967 advenoit
2169 3948 2223 3976 que
2238 3947 2310 3968 mon

1255 3974 1296 4005 dit
1311 3978 1437 4012 Seigneur
1450 3975 1544 4002 Prince
1558 3972 1651 4002 faisant
1666 3972 1692 4002 sa
1700 3972 1796 4003 Levee
1811 3972 1867 4003 fust
1882 3974 2031 4011 cmpesche
2047 3985 2094 4013 par
2101 3976 2223 4015 quelque
2232 3976 2314 4006 Prin-

1253 4023 1288 4043 ce
1307 4023 1343 4043 en
1363 4013 1387 4042 la
1401 4012 1457 4042 dite
1476 4012 1571 4041 Levee
1589 4020 1628 4040 ou
1648 4020 1664 4041 a
1681 4010 1732 4041 son
1750 4011 1908 4051 paffage,le
1927 4012 2033 4044 deffaut
2051 4015 2084 4045 &
2102 4021 2317 4052 manquement,

1252 4051 1340 4091 qu'en
1361 4060 1463 4089 pourra
1480 4048 1596 4079 advenit
1611 4071 1622 4087 ‚
1647 4059 1684 4079 ne
1702 4050 1749 4090 luy
1766 4050 1823 4080 sera
1842 4051 1952 4087 impure
1972 4073 1982 4089 ,
2019 4062 2146 4090 pourveu
2165 4052 2233 4090 qu’il
2251 4051 2315 4081 face

1255 4093 1410 4122 deuement
1438 4088 1545 4126 aparoir
1571 4087 1613 4119 du
1636 4087 1719 4120 susdit
1743 4088 1973 4127 empeschement
1991 4112 2003 4128 ,
2040 4091 2074 4123 &
2107 4091 2169 4128 quil
2193 4099 2229 4121 ne
2255 4089 2317 4119 leue

2260 4136 2323 4166 quc
