2557 4279
722 190 830 242 ΕΤ
914 178 1184 241 Aci-A

0 278 65 310 3¹¹⁰·
82 277 124 308 D¹
180 287 331 327 Cumque,
350 283 512 318 Chariffimi
526 285 842 318 Confoederatissn-ostri
861 309 871 325 ‚
896 286 1012 317 ordines
1038 286 1198 314 Provincia-

11 317 96 347 1610.

0 356 77 394 Εἵπ-
91 366 113 385 ¹·
142 375 207 435 311ae
219 364 283 408 ipris
295 372 373 393 nunc
389 363 530 401 militant,
549 363 661 394 dictum

3 1806 113 1842 *va

142 337 204 358 rum
219 329 367 358 Unitarum
380 325 518 355 inferioris
532 325 700 357 Germaniae
716 334 750 356 ex
763 326 864 363 Copiis
872 325 1000 364 Anglicis
1014 322 1194 358 Scoticisque

676 348 847 396 N³umerum
860 373 980 402 quatuor
994 362 1116 393 millium
1138 359 1193 404 Pe-

163 405 233 435 itum
251 412 281 432 in
293 401 513 439 Expeditionem
529 402 602 432 hanc
618 403 844 441 mittendorum,
862 404 896 434 &
920 401 1020 433 nostris
1042 398 1194 438 stipendiis

142 441 325 477 alendorum,
343 441 427 471 nobis
442 442 469 470 se
488 441 654 477 praebituros
672 441 766 472 assensi
785 441 907 480 fuerint,
1167 476 1173 482 ⁴

176 479 274 510 Sciatis
290 479 371 517 igitur
386 478 465 516 quod
486 478 571 516 Nos,
597 479 633 509 de
656 480 724 511 Fide
746 480 895 510 Probitate
925 478 1096 510 Strenuitate
1117 476 1150 506 &
1166 485 1194 505 in

143 518 191 549 Re
207 516 327 547 Militari
343 516 522 555 Experientia
537 516 645 548 Diieeti
669 520 700 549 ὃς
723 517 822 548 Fidelis
845 516 935 548 nostri
957 516 1095 546 Edwardi
1112 513 1199 553 Cecyll

141 555 254 593 Equitis
270 555 386 594 Aurati,
406 556 467 586 &c.
488 556 595 591 plenius
611 555 801 593 confidentes,
819 556 941 585 eundem
957 554 1194 591 Edwardum,di-

140 595 258 624 <storum
273 602 369 631 quater
386 594 469 624 Mille
486 594 619 625 Peditum
634 604 681 631 per
693 594 811 623 Ordines
824 596 1033 623 Provinciarum
1049 592 1196 629 praediCta-

140 634 206 662 'rum
226 632 474 671 Praebendorum,
492 641 551 663 tarn
570 633 729 671 Angloi·um
745 632 832 669 quam
851 631 1027 669 Scotorum,
1047 630 1198 661 CAPiTA-

142 678 246 700 NEUM
267 670 494 701 GENERALEM
512 672 545 702 δε
562 670 765 700 DucToRssM
784 669 906 700 fecimus
921 669 954 700 ὃς
977 668 1197 708 constituimus,

143 718 177 740 ac
192 718 243 745 pei·
258 708 415 740 Praesentes
427 710 546 740 facimus
561 708 594 739 &
609 707 827 745 constituimus,

183 747 293 777 Dantes
307 757 341 778 ac
356 749 547 778 concedentes
565 746 655 777 eidem
678 746 820 776 Edwardo
842 745 1002 783 Capitaneo
1022 746 1055 776 ὃ(
1077 745 1198 776 Condu-

144 785 217 816 &ori
234 784 369 816 Generali
379 786 491 823 plenam
507 784 680 815 potestatem
698 785 732 815 &
757 785 966 815 Auctoritatem
987 784 1080 814 dictos
1102 793 1199 821 quater

146 823 233 855 Mille
249 823 377 862 Pedites,
393 834 424 862 a,
443 821 616 853 Chariffimis
631 821 844 853 Confoederatis
856 822 975 860 nostris,
992 822 1133 860 praediffls
1142 822 1200 852 Or-

145 862 260 892 dinibus
273 865 480 892 Provinciarum
498 864 644 891 Unitarum
662 861 693 891 in
706 861 858 891 Germania
875 861 1007 891 inferiore
1026 860 1200 899 recipiendi,

146 901 180 932 &
197 901 310 931 eosdem
325 902 354 930 in
372 899 465 930 Partes
478 898 576 928 Cliviae
592 898 702 937 Juliaci
717 899 888 937 Bergharum
906 900 940 930 &
954 898 1075 929 aliorum
1091 898 1200 938 Domi-

146 940 264 969 niorum
280 937 478 976 praedieiorum
491 937 613 967 ducendi
625 938 654 966 in
668 937 828 968 Subfidium
842 938 875 968 δε
891 937 1039 967 Auxilium
1055 937 1200 967 dietorum

149 977 387 1008 Chariffimorum
419 974 705 1015 Conianguineorum
725 976 890 1007 nostrorum
922 978 1076 1014 Principum
1109 974 1201 1004 eadem

148 1018 298 1045 Territoria
316 1012 504 1051 Pqffi'a'entium
515 1038 523 1051 ,

186 1052 315 1083 Necnon
332 1051 441 1082 Bellum
466 1061 513 1084 aut
536 1051 670 1083 Praelium
690 1063 760 1085 cum
779 1052 875 1084 Hoste
895 1054 941 1085 vel
965 1052 1108 1083 Hostibus
1131 1061 1203 1091 quo·

147 1094 270 1129 eumque
284 1089 328 1120 vel
339 1090 565 1129 quibuscumque
578 1092 779 1123 committendi
793 1094 826 1124 &
840 1091 1014 1129 conserendi,
1024 1092 1057 1121 ὃς
1071 1090 1204 1129 aliaquae-

149 1138 276 1166 cumque
294 1128 386 1158 Manu
402 1129 513 1160 militari
529 1130 670 1168 faciendi,
693 1141 774 1170 quae,
799 1130 833 1161 ad
855 1131 1000 1161 dictorum
1023 1129 1205 1168 Consangui-

149 1175 270 1197 neorum
297 1166 459 1197 nosti-orum
480 1169 514 1198 ὃ(
534 1178 633 1198 eorum
658 1169 866 1200 Dominiorum
894 1169 1153 1200 Conservationem
1173 1169 1206 1199 &

147 1204 317 1235 Tuitionern
327 1228 336 1243 ,
355 1207 398 1236 seu
414 1205 514 1236 Hostis
526 1207 571 1237 vel
585 1206 723 1237 Hostium
738 1207 952 1239 infestationem
975 1206 1204 1238 Debellationem

146 1242 353 1313 ¹(liz'pipulfionem
369 1246 402 1276 &
428 1244 676 1284 profligationem,
703 1246 874 1278 videbuntur
895 1256 947 1285 pro
970 1254 1101 1285 ternpore
1123 1253 1206 1282 expe-

169 1292 228 1320 ire,

186 1320 297 1351 Damus
313 1329 445 1359 praeteiea
459 1322 553 1354 eidem
569 1326 610 1353 Ca
626 1326 717 1353 itaneo
732 1322 819 1363 nostro
837 1322 966 1354 Generalt'
980 1323 1091 1360 plenam
1113 1322 1201 1353 Pote-

149 1357 250 1390 statem
264 1361 298 1391 &
312 1360 520 1392 Auctoritatem
535 1371 588 1399 qua
601 1372 726 1400 cumque
741 1362 945 1392 Ordinationes
968 1361 1058 1400 Leges
1078 1361 1110 1391 &
1134 1360 1204 1390 Pro-

149 1397 334 1429 clamationes
344 1400 379 1430 de
399 1408 528 1438 tempore
544 1402 572 1430 iri
587 1408 700 1438 tempus
724 1400 917 1431 constituendi
935 1401 969 1432 ·&
989 1399 1112 1430 faciendi
1124 1422 1133 1437 ,
1152 1408 1205 1437 pro

147 1435 358 1467 Conducrione
370 1438 451 1470 bono
469 1438 514 1468 Re
535 1439 623 1468 imine
638 1438 896 1469 &Gubernarione
910 1438 1077 1469 Hominum
1092 1437 1204 1468 nostro-

148 1484 215 1517 rum
232 1475 452 1514 praedictorum,
479 1487 508 1507 ea
521 1477 586 1507 dem
611 1477 715 1507 realiter
739 1479 771 1509 &
795 1476 980 1507 effeeiuahter
1002 1477 1141 1506 observari
1162 1476 1204 1506 fa-

151 1514 264 1551 ciendi,
282 1514 316 1544 ad
331 1514 416 1553 idque
431 1515 625 1553 quoscumque
638 1514 804 1545 Hominum
819 1515 977 1546 nostrorum
993 1514 1207 1554 praedictorum,

151 1551 211 1620 {ive
225 1551 343 1621 Militesi
346 1555 468 1596 gregarii
483 1554 588 1584 fuerint
613 1553 668 1584 five
689 1553 814 1585 Munere
833 1554 926 1592 aliquo
951 1555 1067 1592 publice
1086 1553 1207 1592 fungan-

167 1599 212 1626 ur,
232 1600 268 1620 co
287 1600 321 1619 en
346 1601 353 1620 i

193 1627 237 1658 Ac
253 1599 372 1666 iiigsuper’
381 1629 511 1660 audiendi
534 1629 712 1660 examinandi
731 1630 764 1660 δε
788 1629 957 1661 terminandi
976 1629 1080 1668 perse,
1094 1629 1140 1659 vel
1157 1638 1206 1666 per

149 1665 331 1706 Deputatum
347 1666 426 1697 suum
440 1667 484 1698 seu
501 1677 550 1706 per
564 1667 722 1705 Depuratos
735 1668 797 1698 suos
812 1669 841 1697 in
855 1669 909 1698 hac
926 1677 1004 1705 parte
1018 1668 1209 1698 sufficientem

150 1705 198 1736 “vel
211 1704 401 1745 sufficientes,
419 1715 522 1736 omnes
538 1705 642 1738 Causas
661 1706 833 1743 criminales,
860 1705 1121 1743 Murmurationes,
1141 1704 1209 1736 Dis-

151 1744 341 1780 obedientias,
359 1743 553 1783 Desertiones,
570 1744 760 1775 Defeetiones
771 1746 785 1775 a
798 1744 958 1781 Capitaneis
974 1746 1006 1775 &
1022 1744 1209 1775 Gubernato-

152 1783 228 1812 ribus
241 1782 409 1813 Hominum
424 1782 587 1814 nostrorum
602 1783 822 1821 praedietorum,
840 1784 873 1814 ὃ(
896 1784 995 1813 omnia
1015 1783 1065 1813 alia
1086 1782 1208 1813 Malefa-

153 1821 201 1851 (sta
217 1823 232 1839 ⁸⁵
252 1824 423 1860 perpetrata,
442 1822 589 1860 cujuscum
615 1832 647 1852 ue
663 1830 769 1852 naturae
794 1822 917 1853 nominis
941 1822 987 1852 vel
1014 1821 1113 1859 speciei
1138 1821 1209 1859 fint,

152 1859 199 1891 vel
211 1860 335 1898 aliquam
356 1859 507 1890 Personam
526 1832 730 1891 five<1³³ers0nas
753 1861 782 1890 in
805 1861 893 1899 copiis
913 1859 1083 1890 Hominum
1103 1859 1206 1897 praedi—

151 1898 287 1936 kstorum,
304 1908 337 1929 ac
350 1898 542 1937 delinquentes
558 1899 588 1929 in
601 1898 751 1929 Praemiffis
762 1897 932 1936 castigandi,
950 1898 1110 1936 Poenasque
1125 1897 1211 1928 Mor-

151 1938 189 1968 tis
203 1937 236 1968 &
253 1937 458 1967 Membrorum
470 1960 479 1975 ,
497 1937 541 1968 vel
556 1937 618 1967 alias
636 1937 743 1967 Poenas
755 1936 927 1975 corporales,
939 1937 1018 1974 juxra
1033 1945 1132 1966 eorum
1148 1936 1213 1966 De-

149 1977 254 2046 gneffita
269 1975 437 2015 infligendi,
452 1975 608 2006 secundum
624 1975 716 2015 Leges
730 1976 764 2006 ὃ(
788 1975 1004 2006 consuetudines
1027 1974 1163 2006 martiales
1178 1976 1212 2007 &

210 2024 280 2045 icas·

192 2052 231 2084 Et
248 2038 332 2083 et’iarn
345 2052 378 2083 ad
392 2053 565 2084 audiendum
579 2052 612 2085 δὲ
626 2052 844 2091 terminandum,
862 2052 954 2083 modo
970 2051 1212 2092 supradietomm-

153 2093 205 2123 'nes
219 2090 314 2123 civiles
340 2090 445 2122 Causas
466 2092 642 2124 Contractus
664 2092 800 2131 Querelas
821 2093 957 2122 omnium
978 2092 1012 2123 &
1036 2091 1211 2131 singulorum

153 2129 322 2161 Hominum
336 2130 372 2160 de
388 2129 486 2168 Copiis
499 2131 640 2168 praediffis
653 2132 684 2160 in
699 2131 820 2169 partibus
835 2131 889 2160 illis
910 2131 1128 2169 contingentes,
1152 2139 1210 2160 cae-

152 2169 269 2206 {eraque
284 2169 382 2199 omnia
401 2169 433 2199 &
450 2169 552 2206 lingula
565 2169 688 2200 faciendi
702 2168 830 2208 exigendi
844 2169 877 2200 &
892 2168 1081 2208 perimplendi
1098 2178 1163 2207 quae
1178 2167 1212 2200 ad

153 2205 297 2237 Officium
311 2207 463 2244 Capitanei
476 2207 626 2238 Generalis
638 2208 792 2245 pertinent:

189 2244 303 2276 Damus
315 2254 448 2283 praeterea
459 2246 553 2277 eidem
567 2249 716 2284 capitaneo
730 2246 816 2285 nostro
827 2244 957 2275 Generali
970 2244 1084 2284 plenam
1099 2244 1211 2276 Audio—

153 2283 269 2314 ritatem
284 2285 317 2316 &
338 2283 527 2322 Potestatem,
552 2294 612 2315 non
632 2285 722 2315 solum
740 2284 913 2324 gubernandi
932 2284 965 2315 δε
986 2284 1117 2323 regendi,
1131 2284 1213 2322 juxta

152 2321 326 2360 Praemissa,
351 2330 455 2353 omnes
476 2324 544 2353 alios
567 2323 712 2354 Homines
740 2323 853 2353 nostros
883 2323 948 2360 qui,
978 2322 1014 2352 de
1033 2324 1163 2361 ternpore
1182 2323 1211 2352 in

152 2366 282 2399 tempus,
296 2363 325 2391 in
341 2360 579 2398 Supplementum
596 2362 665 2392 diCci
680 2361 806 2392 Numeri
821 2369 939 2399 quatuor
955 2360 1083 2391 Millium
1096 2360 1213 2391 m'itten-

155 2401 219 2436 tur,
232 2398 278 2429 sed
293 2400 380 2429 etiam
397 2398 519 2430 Munera
535 2400 567 2430 ὃς
585 2399 689 2429 Officia
707 2405 770 2438 quae
784 2401 814 2430 in
828 2398 929 2437 Copiis
946 2399 1088 2437 praedietis
1112 2408 1211 2429 vacare

156 2438 330 2476 contigerint
346 2437 509 2476 supplendi,
527 2439 559 2470 ὅ(
573 2437 720 2468 Homines
734 2438 850 2470 idoneos
859 2438 937 2474 juxta
950 2437 1043 2467 sanam
1059 2437 1135 2468 suam
1144 2437 1213 2467 Dis-

155 2476 319 2507 cretionem
335 2476 369 2506 ad
383 2476 483 2506 eadem
497 2477 635 2515 eligendi,
652 2477 686 2507 &
702 2476 807 2507 eisdem
822 2475 1006 2514 praeficiendi,

197 2513 312 2551 Insuper
328 2522 358 2544 ut
372 2515 475 2552 etiam,
491 2514 527 2546 de
543 2516 674 2554 te'mp‘ore
695 2516 724 2544 in
744 2523 854 2554 tempus
876 2524 924 2550 per
944 2513 1053 2544 Literas
1074 2515 1150 2552 suas,
1169 2514 1215 2544 vel

158 2562 210 2596 pei·
228 2552 325 2583 Billarn
342 2552 435 2582 Manu
450 2552 497 2583 suri
513 2553 668 2592 signatum,
687 2552 772 2584 faciat
785 2553 853 2583 solvi
869 2553 902 2582 δε
919 2551 1038 2590 expendi
1054 2556 1099 2583 to't
1116 2553 1213 2583 Dena-

159 2592 271 2621 rior'um
286 2591 419 2622 Summas
430 2591 466 2621 de
479 2591 626 2623 Thesauro
638 2591 754 2629 nostro,
772 2601 824 2629 pro
847 2590 996 2625 Solutione
1018 2590 1051 2620 &
1071 2590 1217 2621 Sustenta-

159 2630 240 2660 tione
257 2628 424 2659 Hominum
440 2629 597 2668 Copiarum
612 2629 811 2668 praediecarum
858 2630 934 2667 juxta
957 2628 1066 2659 Rarum
1091 2628 1216 2666 expresse

160 2675 331 2699 contentum
347 2668 377 2698 in
391 2668 512 2698 Scedula
525 2669 570 2699 vel
583 2668 726 2705 Scedulis,
745 2669 793 2706 per
835 2667 986 2697 onfiiiarios
1002 2666 1114 2697 nostros
1127 2667 1217 2706 ligna-

160 2707 214 2744 tis,
234 2707 267 2737 ὃς
281 2705 364 2736 dieto
376 2709 525 2746 Capitaneo
548 2706 634 2745 'nostro
657 2707 787 2737 Generali
804 2706 959 2743 tradendis,
984 2713 1038 2743 pro
1063 2705 1158 2736 Vadiis
1183 2706 1217 2736 &

162 2743 316 2782 Stipendiis
327 2746 459 2775 omnium
483 2746 517 2777 δε
540 2745 710 2782 lingularum
735 2745 923 2777 Personarum
947 2744 1048 2775 Nobis
1065 2745 1117 2775 sub
1137 2744 1217 2774 dieto

164 2783 264 2813 'nostro
278 2785 424 2822 Capi'taneo
436 2783 563 2814 Geni-redi
576 2785 794 2815 deservientium
813 2807 822 2822 ‚
847 2785 931 2821 prout
951 2782 1046 2813 eidem
1069 2786 1218 2822 Capitaneo

164 2821 254 2860 inostro
270 2821 416 2859 Generali,
433 2822 507 2856 iuxta
520 2822 612 2853 (anam
630 2822 705 2853 suam
721 2822 936 2853 Diseretionem
950 2822 1049 2852 melius
1075 2823 1216 2852 videbitur

167 2859 311 2898 expedire,
329 2859 464 2898 quodque
478 2859 636 2899 hujusmodi
653 2861 758 2892 Lite'rae
772 2862 818 2893 seu
834 2860 930 2898 Billae,
949 2859 1043 2890 Manu
1063 2859 1108 2891 sua
1122 2860 1172 2898 sic,
1188 2869 1219 2891 ut

167 2898 367 2966 praemittitur,
388 2897 500 2934 signatae
513 2920 523 2936 ,
546 2909 611 2937 quae
633 2899 788 2938 dirigentur
809 2899 1018 2937 Thesaurario,
1042 2899 1087 2930 vel
1112 2900 1219 2938 Agenti

199 2936 254 2966 ices
270 2935 619 2974 ThesaurariiCopiaruiri
636 2937 804 2969 Hominum
831 2937 1034 2975 praedistorum
1046 2957 1055 2973 2
1077 2947 1127 2975 per
1149 2938 1218 2967 Nos

169 2973 334 3012 Deputar'o,
350 2975 382 3005 ὃς
395 2974 453 3005 aliis
470 2974 625 3006 officiariis
650 2976 751 3007 nostris
777 2978 861 3007 eriint
873 2975 1014 3006 sufficiens
1032 2972 1221 3007 Warrantum

168 3011 272 3042 eisdem
281 3012 466 3043 Thesauiario
481 3014 523 3044 vel
537 3013 621 3044 Vices
633 3014 810 3045 Thesaurarii
821 3015 937 3053 Agenti,
953 3013 1150 3045 &Officiariis
1165 3024 1219 3045 no-

168 3051 249 3089 stris,
267 3060 320 3091 pro
337 3052 504 3081 executione
515 3051 683 3081 eorumdem
693 3074 703 3090 ,
717 3053 873 3083 secundiirn
890 3052 1063 3083 Mandatum
1078 3055 1111 3083 ac
1127 3053 1218 3091 Affig-

170 3090 334 3125 nationem,
348 3098 382 3118 ac
394 3088 548 3119 secundum
561 3089 685 3120 formam
699 3090 839 3120 dietarum
861 3089 992 3121 Scedulae
1016 3090 1061 3121 seu
1084 3090 1218 3122 Scedula-

170 3137 236 3158 rum
250 3128 278 3157 in
295 3137 328 3157 ea
342 3135 418 3165 parte
430 3126 508 3156 didio
523 3131 669 3165 Capitaneo
684 3128 770 3166 nostro
791 3127 922 3158 Generali
942 3128 1072 3159 datarum
1095 3131 1128 3160 &
1150 3130 1221 3160 dan-

169 3166 271 3197 darum
281 3189 289 3203 ,
309 3168 342 3197 &
359 3165 515 3195 secundum
529 3166 607 3206 quod
620 3166 654 3196 ad
670 3166 813 3198 Officium
834 3169 978 3206 capitanei
1004 3167 1146 3198 Generalis
1160 3178 1223 3207 per-

165 3206 237 3236 tine't
251 3201 284 3235 sc
297 3204 355 3235 fieri
368 3203 526 3234 consuevit:

205 3243 318 3274 Damus
332 3242 441 3279 insuper
456 3241 586 3272 univer-fis
599 3243 633 3273 &
647 3242 757 3281 singulis
772 3242 953 3281 Capitaneis,
976 3243 1144 3282 Colo'nellis‚
1166 3245 1219 3277 Vi-

162 3282 350 3319 cecapitaneis
364 3304 374 3319 ,
400 3280 677 3313 Locumtenentibiis
689 3305 699 3321 ,
725 3281 888 3320 Militibus,
917 3281 1070 3313 Officiariis
1087 3306 1097 3321 ,
1125 3284 1218 3315 Mini-

167 3321 246 3359 stris,
264 3321 297 3352 δε
312 3319 434 3350 Subditis
450 3319 785 3363 nostrisqquibuicumque
797 3322 827 3351 in
843 3320 944 3358 Copiis
956 3320 1122 3352 Hominum
1146 3329 1220 3361 prae'-

169 3359 315 3390 dictorum
331 3358 446 3389 retentis
459 3358 492 3387 &
506 3358 669 3397 retinendis,
689 3359 808 3391 Tenore
823 3359 1015 3398 Praesentium,
1035 3360 1083 3391 sub
1099 3361 1170 3392 Fide
1184 3364 1218 3394 &
1266 3374 1269 3377 ’

168 3397 319 3437 Ligeantia
331 3397 431 3435 quibus
448 3396 532 3426 nobis
544 3402 686 3435 tenentur,
703 3397 820 3428 firmiter
842 3399 870 3428 in
892 3397 1036 3428 Mandatis
1050 3421 1060 3437 ,
1078 3401 1158 3435 quod
1177 3403 1219 3431 ei-

167 3436 236 3468 dem
252 3437 396 3466 Edwardo
410 3433 566 3473 Capitaneo
580 3434 678 3465 nostro
691 3435 843 3474 Generali,
860 3437 890 3466 in
910 3436 1063 3467 Praemiffis
1084 3438 1220 3470 faciendis

166 3476 337 3544 exequedndis
349 3476 382 3506 ὅτ
397 3473 527 3512 agendis,
544 3473 692 3504 intendant
705 3476 838 3506 obediant
856 3475 979 3506 affistant
1000 3476 1035 3507 &
1056 3477 1220 3509 auxilientur

188 3524 250 3545 tout
287 3522 347 3545 ecet
358 3525 365 3530 ·
561 3545 563 3549 ,

165 3524 186 3554 P
206 3552 250 3585 Ac
263 3537 385 3590 deniqiie
399 3551 531 3581 volumus
545 3551 579 3582 &
593 3549 794 3592 concedimuS,
810 3558 862 3589 per
875 3551 1045 3590 praesentes,
1062 3552 1143 3592 quod
1166 3553 1219 3585 Li>-

166 3594 235 3622 terae
252 3591 356 3622 nostrae
372 3592 501 3621 l’atentes
515 3597 614 3626 erunt,
631 3598 693 3619 tam
708 3589 804 3619 eidem
820 3589 965 3620 Edwardo
982 3590 1140 3630 Capitaneo
1161 3603 1216 3623 no-

169 3629 229 3660 stro
246 3629 398 3667 Generali,
417 3630 502 3666 quam
518 3629 654 3658 omnibus
665 3627 723 3657 aliis
740 3626 897 3666 Militibus,
923 3628 1082 3666 Capitaneis
1095 3653 1105 3668 ,
1125 3629 1215 3662 Colo-

169 3668 250 3698 nellis
262 3670 294 3700 &
309 3668 431 3698 Subditis
447 3666 548 3697 nostris
563 3667 787 3704 quibuscumque
801 3666 831 3695 in
852 3665 952 3705 Copiis
973 3667 1139 3699 Hominum
1164 3678 1218 3700 no-

169 3706 290 3737 strorum
306 3705 507 3745 praediCtorum
520 3705 633 3736 retentis
649 3705 683 3735 ὃς
697 3703 864 3741 retinendis,
880 3714 933 3744 pro
953 3708 1121 3738 executione
1141 3707 1221 3739 Prae-

170 3744 335 3784 missorum,
354 3744 497 3776 sufficiens
510 3743 696 3774 warrantum
709 3743 736 3772 in
751 3742 782 3771 ea
794 3748 880 3779 parte.

208 3781 242 3812 In
255 3785 333 3821 cujus
352 3785 390 3814 rei
402 3783 616 3813 Testimonium
642 3781 690 3812 has
706 3779 813 3811 nostras
834 3779 963 3812 Parentes
981 3782 1085 3814 Literas
1113 3783 1223 3816 Manus

171 3820 274 3851 nostrae
288 3822 500 3860 Subscriptione
515 3820 702 3860 fignavimus,
719 3819 752 3850 &'
772 3818 873 3858 Magni
895 3816 983 3859 Sigilli
1003 3821 1092 3852 nostri
1115 3832 1222 3862 appen-

169 3856 246 3887 sione
260 3859 378 3890 fecimus
393 3860 505 3890 muniri.

185 3935 190 3939 ι
209 3894 318 3926 Dicam
332 3900 404 3936 apud
419 3898 559 3928 Palatium
573 3897 690 3938 nostrum
703 3896 735 3926 de
752 3894 910 3932 Whithall,
935 3898 1035 3934 quinto
1056 3897 1116 3929 Die
1137 3899 1223 3939 Apri-

171 3934 220 3970 lis,
242 3934 327 3965 Anno
346 3937 465 3967 Domini
484 3935 638 3967 Milleiimo
654 3936 851 3966 sexcenteiimo
874 3935 1008 3972 decimo,
1031 3935 1128 3976 Regni
1149 3941 1221 3968 vero

172 3971 275 4001 nostrae
292 3971 407 4013 Magnae
421 3975 570 4005 Britanniae
586 3975 713 4007 Franciae
732 3975 766 4007 &
785 3972 935 4004 Hiberniae
956 3973 1078 4013 ostavo,
1104 3975 1222 4008 Millesi-

170 4016 222 4041 mo
233 4009 429 4044 sexcentesimo
442 4013 565 4044 decimo.

790 4052 846 4081 Per
860 4048 943 4089 ipfiem
960 4051 1064 4087 Regem.

824 4087 866 4120 G.
910 4087 939 4120 C
957 4098 978 4120 A
997 4098 1021 4120 R
1040 4099 1060 4122 E
1079 4100 1117 4123 w.

1267 189 1751 240 PUBLICA,
2217 206 2296 255 167

2314 276 2391 307 Ann.
2404 268 2446 310 D.

2336 316 2422 345 1610.

1236 366 1285 399 De
1314 366 1564 398 C⁰mmnni⁶and⁰
1583 369 1619 405 &⁴
1637 367 1808 400 Trarlando
1825 380 1893 400 cam
1911 370 2041 401 Domino
2057 368 2093 401 de
2111 369 2143 401 la
2172 368 2295 401 Boderie
2314 352 2403 391 8:7⁴⁶·
2420 355 2444 384 i*

1375 411 1593 456 Ambaffiatore
1606 417 1736 448 H'enrici
1761 418 1882 464 „Quarti
1910 419 1997 463 Regis
2019 420 2160 454 Francia.

1265 498 1392 537 Acobus,
1419 498 1478 529 Dei
1502 497 1616 536 Gratia,
1641 502 1756 536 Magne
1779 502 1938 530 Brita'nniae
1957 502 2079 531 Franciae
2092 498 2130 536 ό·
2148 501 2289 533 Hibernia
2308 499 2385 530 Anii.
2401 500 2445 530 D.‘

1301 539 1360 566 Rex
1376 537 1453 567 Fidei
1467 536 1627 573 Defensor,
1643 537 1704 568 &c.
1721 539 1856 568 omnibus
1870 539 1904 569 ad
1918 549 1987 578 quos
2002 540 2151 576 praesentes
2182 540 2288 572 Literae
2337 539 2427 568 ¹610·

1235 574 1340 607 nostrae
1354 576 1548 614 pervenerint,
1566 574 1700 605 Salutem.
2305 581 2360 606 Rot.

1272 613 1352 644 Cum
1369 614 1440 645 nihil
1454 613 1522 644 Nos
1536 622 1662 651 unquam
1676 613 1814 653 antiquius
1829 613 2006 652 duxerimus,
2021 616 2053 646 ὃς
2071 617 2158 658 magis
2173 618 2203 648 in
2217 618 2292 648 votis
2311 616 2398 643 Traet.
2416 614 2446 644 84

1235 652 1437 690 habuerimus,
1456 653 1542 690 quarn
1559 661 1749 683 communem
1764 651 1869 682 Pacem
1884 653 1916 682 &
1930 651 2126 685 Concordiam
2141 657 2169 686 in
2192 656 2293 691 Repu·
2310 654 2374 692 Jac.
2396 663 2419 681 ¹³

1235 691 1350 731 publica
1365 690 1526 722 Christiana
1540 689 1678 728 stabilire,
1696 699 1816 727 eamque
1839 689 1930 719 modis
1949 692 2084 721 omnibus
2109 703 2176 724 curn
2191 694 2210 714 ²*
2230 693 2293 723 Re-
2312 703 2348 721 m.
2370 700 2416 725 ¹5·

1237 729 1318 768 gibus
1335 730 1368 759 δε
1384 730 1580 768 Principibus,
1596 728 1786 767 omnibusque
1799 728 1858 758 aliis
1872 727 1980 758 Vicinis
1993 729 2109 767 nostris,
2124 742 2183 762 non
2201 732 2294 762 solum
2312 731 2332 748 *
2345 730 2426 762 XVI·

1239 767 1421 806 conservare,
1439 768 1484 798 sed
1499 768 1603 805 etiam,
1620 766 1714 806 quoad
1728 767 1786 798 fieri
1800 765 1911 804 potest,
1927 766 2011 809 'apud
2034 767 2166 799 Posteros
2185 771 2298 801 audrio-
2316 767 2382 797 686,

1240 815 1302 836 rem
1318 806 1351 836 &
1366 806 1613 836 confirmatiorem
1628 805 1757 844 reddere,
1776 814 1809 835 ac
1821 804 1969 847 speciatim
1982 805 2099 841 quidem
2123 817 2192 837 cum
2216 809 2299 838 Sere-

1240 843 1357 874 niss‘imo
1373 844 1468 875 Fratre
1484 846 1517 876 &
1533 842 1751 882 Consanguineo
1770 842 1867 873 nostro
1891 842 2074 880 charissimo,
2100 846 2217 875 Henrico
2238 847 2300 884 ejus

1241 882 1384 913 Nominis
1401 883 1518 921 Quarto
1531 882 1686 912 Galliarum
1700 882 1738 918 ὠ
1755 884 1902 912 Navarrae
1918 883 1988 918 Rege
1998 880 2222 921 christianissimo,
2237 893 2300 921 quo

1242 930 1328 958 cum,
1343 931 1463 951 omnem
1479 920 1587 958 semper
1601 920 1728 960 Operam
1742 920 1884 956 dedimus,
1909 927 1941 950 ut
1963 919 2130 949 Amicitiam
2150 921 2211 958 jam
2232 923 2299 953 inde

1241 960 1258 989 a
1274 958 1433 997 Majoribus
1449 957 1550 989 nostris
1562 959 1738 997 profestam,
1753 958 1935 995 plurimisque
1950 957 2118 988 Foederibus
2134 958 2166 988 &
2180 959 2299 989 Tracta-

1243 998 1319 1027 tibus
1333 997 1494 1035 stabilitam,
1511 997 1623 1027 illaesam
1638 998 1743 1036 semper
1754 998 1788 1028 &
1804 997 1966 1027 inviolatam
1977 996 2164 1034 servaremus,
2184 1006 2217 1027 ac
2233 998 2302 1029 curn

1241 1033 1349 1073 Iniuria
1362 1036 1485 1067 anteacti
1501 1036 1634 1075 temporis
1648 1045 1707 1074 quo
1719 1035 1818 1066 omnia
1830 1035 1910 1066 Bellis
1926 1034 2067 1065 Civilibus
2086 1035 2114 1064 in
2130 1034 2226 1065 Gallia
2247 1035 2296 1066 fla-

1242 1075 1374 1113 grabant,
1393 1074 1524 1113 quaedam
1540 1073 1642 1104 omissa
1659 1074 1805 1105 videantur
1818 1083 1882 1113 quae
1902 1073 2033 1111 praedic‘h
2047 1071 2211 1104 Foedera&
2223 1074 2297 1105 Tra„

1243 1112 1350 1150 (status,
1370 1112 1389 1142 fi
1404 1119 1466 1142 non
1481 1113 1605 1142 omnino
1618 1113 1706 1150 irrita,
1721 1113 1819 1143 saltem
1843 1112 2007 1143 labefactata
2032 1111 2230 1150 reddiderunt,
2248 1123 2295 1144 eae

1244 1160 1300 1188 que
1311 1150 1348 1181 de
1361 1150 1408 1181 Re
1421 1149 1572 1188 praedictus
1586 1150 1779 1181 Sereniffimus
1796 1149 1968 1188 Galliarum,
1987 1146 2047 1184 &c.
2062 1152 2142 1189 Rex,
2167 1159 2215 1187 per
2238 1150 2297 1181 Le-

1242 1197 1343 1228 gatum
1357 1189 1438 1219 suum
1452 1192 1600 1219 Dominum
1622 1189 1654 1218 de
1671 1188 1702 1218 la
1715 1190 1829 1219 Boderie
1844 1189 2006 1226 nuperrime
2018 1211 2027 1226 ,
2046 1189 2118 1218 inter
2138 1188 2207 1227 alia,
2226 1189 2297 1220 Nos

1243 1229 1369 1266 expresse
1385 1227 1615 1265 compellaverit,
1634 1235 1664 1257 ut
1677 1227 1827 1265 praedietos
1842 1227 1993 1257 Tradtatus
2007 1227 2196 1264 antiquiores,
2215 1237 2300 1266 atque

1244 1268 1343 1296 omnia
1365 1276 1430 1304 quae
1443 1266 1477 1296 ad
1501 1265 1607 1296 Pacem
1630 1264 1822 1296 Christianam
1844 1265 2071 1303 promovendam
2086 1288 2096 1303 ,
2117 1273 2303 1304 mutuamque

1243 1303 1372 1372 noilfflm
1387 1304 1555 1335 Amicitiam
1568 1302 1756 1335 illustrandam
1781 1304 1873 1336 facere
1896 1303 2017 1342 poffint,
2045 1303 2249 1335 confirmatum
2265 1306 2307 1336 ire

1243 1353 1279 1374 ve
1301 1353 1395 1374 emus·

1282 1381 1368 1420 Nos,
1386 1366 1480 1411 eidem
1498 1381 1537 1411 rei
1551 1381 1668 1412 minime
1682 1380 1776 1412 deesse
1799 1381 1927 1411 volentes
1940 1403 1949 1418 ,
1974 1380 2149 1418 praediieeios
2172 1381 2305 1412 Consan0

1245 1421 1364 1459 guineos
1381 1422 1414 1451 ὃς
1429 1418 1612 1450 Consiliarios
1626 1419 1736 1449 nostros
1752 1419 1898 1449 Robertum
1913 1422 2039 1448 Comitem
2056 1419 2212 1450 salisburiae
2234 1419 2304 1451 Ma-

1245 1467 1336 1496 gnum
1353 1458 1573 1490 Thesaurarium
1587 1457 1716 1488 nostrum
1742 1457 1869 1495 Angli-ae,
1895 1459 2043 1486 Henricum
2062 1461 2190 1488 Comitem
2215 1461 2306 1488 Nort-

1245 1497 1409 1535 hamptoniae
1425 1496 1529 1527 Privati
1546 1496 1637 1532 Sigilli
1650 1495 1740 1526 nostri
1756 1495 1929 1533 Custodem,
1946 1495 2072 1525 Carolum
2091 1500 2220 1526 Comitem
2230 1499 2306 1527 Not-

1246 1537 1403 1573 tinghamiae
1419 1534 1563 1572 Magnum
1579 1534 1765 1565 Admirallum
1782 1533 1910 1564 nosti-um
1926 1534 2036 1571 Angliae
2053 1557 2063 1572 ,
2081 1544 2205 1573 necnon,
2224 1535 2303 1566 Prae-

1247 1571 1367 1604 dileetos
1383 1573 1495 1603 nostros
1509 1572 1707 1610 Consiliarios,
1725 1572 1898 1603 Edwardum
1911 1574 2056 1602 Dominum
2072 1576 2159 1602 Bruce
2173 1572 2208 1603 de
2225 1572 2302 1603 Kin-

1246 1612 1343 1649 loshe,
1362 1611 1473 1650 Julium
1495 1610 1629 1651 Caefhrern
1652 1610 1778 1641 Militem
1801 1611 1942 1642 Scaccarii
1965 1610 2054 1640 nostri
2078 1610 2307 1650 Cancellarium,

1247 1651 1281 1681 &
1296 1650 1427 1680 Thomam
1444 1652 1515 1679 Parr
1548 1650 1675 1680 Militem
1693 1648 1826 1680 Ducatsis
1847 1649 1934 1679 nostri
1959 1648 2130 1679 Lancastriae
2153 1648 2305 1680 Cancella—

1247 1690 1340 1726 rium,
1378 1697 1480 1718 uorum
1524 1689 1695 1726 rudentiam,
1710 1687 1832 1724 Fidem,
1852 1689 1886 1719 &
1907 1688 1934 1717 in
1951 1688 2072 1726 negotiis
2095 1687 2197 1718 nostris
2220 1689 2308 1726 expli-

1247 1726 1342 1757 candis
1388 1727 1564 1756 exteritatern
1581 1726 1750 1763 exploratam
1765 1727 1920 1764 habemus,
1939 1724 2160 1756 Commissarios
2176 1726 2305 1765 Deputa·

1247 1774 1290 1796 tos
1304 1767 1338 1798 ὃς
1354 1764 1557 1796 Procuratores
1574 1764 1686 1795 nostros
1700 1765 1882 1795 nominamus
1907 1762 2108 1795 constituimus
2128 1764 2162 1795 ὃ(
2183 1765 2307 1797 declara-

1247 1813 1325 1834 mus·

1285 1827 1396 1873 Dimtes
1410 1842 1443 1873 &
1459 1841 1653 1872 concedentes
1667 1840 1786 1877 eisdem,
1803 1842 1837 1871 &
1860 1849 1961 1871 eorum
1986 1848 2106 1878 quatuor
2127 1841 2173 1872 vel
2199 1842 2310 1880 tribus,

1249 1882 1350 1921 vigore
1367 1880 1571 1918 Praeientium,
1590 1880 1702 1918 plenam
1719 1879 1926 1910 AuCtoritatem
1938 1880 1971 1909 δεῖ
1990 1879 2164 1910 Potestatem
2179 1881 2212 1910 ad
2238 1890 2311 1911 con-

1249 1920 1426 1951 veniendum
1440 1918 1722 1950 communicandum
1737 1917 1914 1948 metandum
1934 1917 2148 1957 tranfigendurn
2173 1919 2206 1949 &
2233 1929 2306 1949 con-

1250 1958 1441 1995 cludendum,
1459 1957 1530 1987 infra
1543 1957 1601 1989 hoc
1615 1957 1754 1996 Regnum
1769 1955 1900 1986 nostrum
1920 1955 2034 1995 Angliae
2045 1979 2054 1994 ,
2079 1966 2148 1987 cum
2168 1956 2308 1994 praedicto

1251 1999 1371 2027 Domino
1386 1998 1418 2026 de
1433 1995 1462 2026 la
1481 1996 1611 2034 Boderie,
1626 1996 1673 2026 seu
1687 1995 1914 2035 quibuscumque
1930 1994 1988 2024 aliis
2012 1994 2184 2025 Oratoribus
2205 1994 2310 2033 Depu-

1250 2036 1315 2067 tatis
1327 2036 1374 2066 seu
1389 2032 1624 2066 procuratoribus
1639 2034 1747 2074 praefati
1768 2034 1847 2071 Regis
1870 2031 2097 2072 christianissimi,
2120 2033 2154 2064 de
2176 2033 2209 2064 &
2231 2033 2310 2072 super

1251 2075 1389 2105 omnibus
1404 2073 1505 2104 Rebus
1518 2083 1583 2111 quae
1604 2072 1638 2103 ad
1658 2073 1826 2113 Amicitiam
1845 2072 1878 2104 δε
1901 2069 2207 2109 Confoederationem,
2237 2073 2310 2103 inter

1251 2112 1322 2143 Nos
1335 2113 1368 2144 δι’,
1382 2111 1564 2143 Succeflores
1583 2110 1696 2142 nostros
1715 2111 1749 2142 &
1778 2110 1926 2148 praefatum
1943 2111 2039 2147 Regem
2060 2109 2312 2149 Christianiffimum

1249 2152 1361 2190 ejusque
1376 2150 1575 2188 Successores,
1587 2145 1819 2180 confirmandum
1835 2150 1868 2180 &
1883 2148 2134 2190 corroborandum
2157 2148 2283 2186 spectant
2302 2172 2313 2187 ,

1249 2199 1283 2221 ac
1299 2191 1384 2221 etiam
1398 2189 1434 2220 de
1447 2188 1650 2219 Renovatione
1662 2189 1695 2220 ὃς
1706 2187 1958 2226 Redintegratione
1976 2187 2056 2225 Ligae
2078 2194 2203 2224 mutuae,
2218 2187 2312 2227 deque

1250 2229 1384 2259 omnibus
1397 2228 1455 2258 aliis
1469 2227 1569 2258 Rebus
1587 2236 1652 2265 quae
1665 2226 1699 2257 ad
1714 2226 1876 2257 firmitatem
1893 2225 2067 2256 validitatem
2082 2226 2169 2256 robur
2191 2227 2224 2257 &
2247 2236 2310 2263 per-

1251 2268 1419 2304 petuitatem
1431 2267 1519 2297 bonae
1531 2266 1564 2296 &
1579 2265 1694 2296 sincerae
1707 2264 1789 2295 Pacis
1807 2266 1840 2296 &
1862 2263 2055 2301 Concordiae,
2077 2273 2111 2294 ac
2135 2263 2312 2295 intercursus

1250 2305 1438 2336 Subditorum
1453 2304 1606 2342 respeerive
1619 2303 1802 2340 nostrorum,
1820 2301 1988 2345 videbuntur
2003 2302 2151 2341 expedire,
2170 2313 2204 2333 ac
2221 2312 2312 2339 gene-

1251 2344 1341 2375 raliter
1353 2344 1388 2374 ad
1402 2351 1503 2374 caetera
1518 2343 1614 2373 omnia
1632 2342 1730 2372 nostro
1752 2341 1887 2372 Nomine
1911 2340 2074 2371 faciendum
2099 2342 2131 2372 &
2155 2341 2310 2379 petendum

1251 2392 1314 2421 quae
1328 2382 1403 2413 circa
1418 2380 1568 2413 Praemiiia
1581 2380 1732 2411 necessaria
1753 2379 1923 2410 videbuntur
1943 2382 1991 2409 au't
2008 2378 2242 2417 ‚quomodolibet
2255 2389 2312 2416 op—

1251 2430 1388 2460 portuna,
1406 2429 1490 2458 atque
1504 2418 1574 2450 tanti
1589 2418 1711 2458 Negotii
1723 2418 1839 2456 qualitas
1853 2417 1991 2455 requiret,
2010 2417 2116 2449 etiamsi
2136 2417 2198 2448 talia
2220 2417 2311 2448 effent

1251 2469 1317 2498 quae
1334 2458 1507 2489 Mandatum
1522 2458 1663 2496 requirant
1678 2457 1769 2493 magis
1783 2455 1917 2493 speciale3
2008 2493 2011 2496 y
2032 2485 2035 2487 ,

1290 2498 1493 2528 Promittentes
1527 2495 1606 2525 bona
1624 2495 1694 2526 Fide
1709 2495 1786 2526 &in
1805 2494 1904 2536 Verbo
1920 2489 2034 2532 Regio,
2055 2492 2139 2531 Nos,
2164 2502 2216 2532 pro
2239 2492 2312 2523 No-

1253 2536 1296 2566 bis
1310 2535 1482 2566 Haeredibus
1496 2519 1529 2565 ἐς
1546 2532 1760 2564 Successor-ibus
1773 2530 1891 2569 nostris,
1911 2530 1991 2562 firma
2006 2539 2062 2561 rata
2078 2533 2111 2562 ὃς
2131 2540 2207 2569 grata
2227 2532 2312 2564 habi-

1253 2583 1333 2611 turos
1348 2575 1538 2612 quaecumque
1552 2573 1567 2601 a
1580 2571 1662 2602 dietis
1676 2569 1885 2601 Commissariis
1902 2568 2052 2607 Deputatis
2066 2569 2098 2600 &c
2113 2570 2312 2601 Procuratori-

1255 2613 1308 2643 bus
1325 2612 1442 2648 nostris,
1460 2611 1505 2641 vel
1518 2619 1620 2641 eorum
1634 2617 1754 2648 quatuor
1768 2608 1815 2639 vel
1826 2609 1934 2646 tribus,
1952 2608 2102 2638 conveniri
2117 2610 2149 2639 δε
2173 2609 2312 2639 concludi

1255 2651 1446 2690 contigerint,
1464 2650 1498 2681 &
1513 2648 1621 2686 insuper
1636 2647 1856 2678 confirmaturos
1873 2656 1921 2684 pei·
1945 2646 2055 2677 Literas
2076 2646 2185 2677 nostras
2208 2647 2310 2678 Pateri-

1254 2689 1297 2720 ’tes
1312 2699 1344 2720 ea
1356 2698 1421 2727 quae
1436 2688 1471 2718 ab
1487 2687 1547 2724 ipsis
1560 2687 1599 2717 sic
1614 2687 1728 2717 transsata
1742 2690 1883 2716 conventa
1898 2685 1930 2714 &
1945 2684 2078 2714 conclusa
2092 2684 2212 2722 fuerint,
2222 2695 2314 2724 neque

1256 2728 1307 2758 illis
1319 2727 1529 2766 quoquomodo
1542 2725 1651 2756 diredte
1667 2725 1711 2755 vel
1726 2724 1879 2759 indireRe,
1897 2723 1998 2760 quovis
2013 2723 2132 2760 quae'sito
2153 2723 2253 2754 colore
2268 2724 2314 2754 vei

1257 2774 1393 2804 praetextu
1402 2788 1411 2804 ,
1428 2772 1676 2800 contraventuros‚
1691 2763 1774 2794 omni
1784 2761 1853 2792 dolo
1869 2760 1965 2791 fraude
1978 2761 2011 2792 &
2024 2763 2190 2801 exceptione
2203 2762 2318 2800 penitus

1257 2805 1383 2836 semotis,

1295 2879 1328 2910 In
1343 2879 1469 2918 quorum
1489 2879 1624 2909 omnium
1647 2876 1749 2907 Fidem
1771 2876 1805 2907 &
1825 2875 2047 2906 Testimonium
2072 2876 2115 2905 his
2138 2875 2322 2912 praesentibus

1259 2919 1360 2950 Literis
1374 2918 1476 2949 nostris
1491 2918 1673 2953 Parentibus,
1694 2914 1786 2957 Manu
1799 2913 1912 2958 propria
1926 2914 2091 2953 subscriptis,
2111 2911 2259 2951 Magnum
2268 2914 2313 2944 Si-

1256 2958 1358 2998 gillum
1370 2956 1501 2988 nostrum
1517 2955 1630 2995 Angiiae
1643 2955 1751 2992 apponi
1769 2955 1897 2984 fecimus

1296 3025 1407 3068 Datum
1428 3032 1502 3073 apud
1525 3030 1668 3062 Palatium
1688 3029 1805 3098 nglrum
1827 3030 1860 3059 de
1884 3026 2056 3067 Whitehall,
2082 3028 2212 3059 Decimo
2234 3038 2317 3059 nono

1259 3073 1317 3103 Die
1335 3071 1444 3102 Mensis
1457 3071 1561 3109 Aprilis
1598 3070 1685 3100 Anno
1733 3069 1871 3100 omini&
1895 3068 2095 3105 Redemptoris
2117 3067 2204 3097 nostri
2226 3068 2316 3097 mille-

1258 3112 1330 3142 simo
1345 3110 1545 3141 sexcentesimo
1558 3093 1690 3145 decimo,
1708 3107 1804 3147 Regni
1821 3108 1893 3138 vero
1913 3103 2002 3137 nostri
2024 3106 2142 3145 Magnae
2166 3105 2316 3136 Britannice

1259 3149 1386 3181 Franciae
1400 3149 1434 3180 &
1453 3148 1601 3179 Hiberniae
1617 3146 1734 3178 octavo.

1797 3216 1853 3253 Per
1871 3221 1954 3263 ipsiam
1971 3224 2076 3259 Regem.

1995 3297 2218 3329 CAizsswst

1352 3425 1380 3457 ἦ*
1404 3433 1455 3464 De
1474 3427 1588 3462 Ordine·
1605 3424 1743 3473 Equ‘estri
1757 3422 1934 3471 quibusdam
1949 3416 2071 3469 Legatis
2087 3421 2215 3467 concessit.

2331 3433 2349 3451 ⁴*
2365 3436 2447 3466 ΧΠ,

2190 3497 2193 3499 i
2283 3498 2285 3501 ,
2331 3473 2396 3508 637.

1296 3515 1422 3553 Ambus,
1439 3513 1496 3543 Dei
1509 3511 1627 3550 Gratia,
1644 3513 1759 3548 Magnae
1783 3510 1938 3539 Britanniae
1958 3510 2079 3551 Frazzciae
2098 3504 2308 3551 &1Hibern-iae
2328 3512 2408 3541 Αηη.
2420 3511 2463 3544 D:

1312 3557 1373 3584 Rex
1388 3552 1470 3584 Fidei
1481 3550 1644 3588 Defensor,
1658 3550 1719 3580 δῖε.
1734 3548 1864 3580 universis
1879 3547 1912 3577 &
1930 3545 2042 3584 singulis
2053 3544 2134 3576 hasce
2143 3544 2248 3577 Literas
2263 3557 2308 3577 iri-
2348 3550 2435 3580 1610,

1254 3593 1407 3632 speeiuris,
1425 3590 1558 3621 Salutem.
1813 3625 1818 3630 ,
1970 3621 1975 3627 .
2038 3621 2043 3627 .
2066 3622 2072 3628 '
2111 3614 2113 3617 Ι
2321 3590 2342 3614 R
2356 3595 2378 3616 t·

1297 3631 1412 3670 Qiibus
1427 3629 1527 3659 Literis
1543 3625 1721 3664 propofitum
1734 3624 1831 3654 Nobis
1853 3621 1911 3660 est,
1938 3621 2044 3651 Virtuti
2064 3620 2165 3660 justam
2190 3622 2304 3654 Merce-
2321 3628 2409 3654 Traff.
2432 3627 2460 3663 8,·

1258 3669 1342 3707 dem,
1359 3669 1387 3699 id
1403 3668 1458 3703 est,
1477 3665 1588 3703 Inclyto
1602 3666 1635 3696 &
1649 3662 1810 3693 Clarissimo
1826 3660 1915 3698 Viro,
1932 3659 2053 3690 Alberto
2075 3659 2222 3701 Joachimy
2241 3662 2305 3692 De-
2318 3665 2385 3700 Jac,
2407 3675 2431 3696 1,

1258 3715 1357 3746 putato
1372 3706 1518 3736 Ordinum
1533 3702 1696 3739 Zelandiae,
1715 3702 1743 3731 in
1767 3700 1926 3730 Conventu
1949 3697 2198 3742 Illustriffimorum
2221 3701 2304 3730 Ordi-
2320 3712 2356 3733 m.
2375 3713 2419 3739 14,

1259 3757 1325 3777 num
1343 3746 1550 3776 Pr‘ovinciarum
1569 3740 1771 3770 Foederatarum
1785 3737 1870 3774 Belgii
1888 3738 1921 3767 &
1935 3735 2056 3767 C1Vitati
2073 3738 2209 3777 Godfiinae
2224 3739 2239 3768 ’Ξ
2253 3739 2303 3770 Se-

1261 3785 1357 3822 cretis,
1372 3782 1446 3819 apud
1461 3781 1526 3811 Nos
1540 3780 1712 3817 Legatorum
1727 3776 1786 3814 uni,
1802 3775 1913 3815 optime
1924 3773 1959 3805 de
1973 3774 2072 3805 Nobis
2083 3776 2176 3814 deque
2191 3777 2237 3808 sua
2247 3777 2309 3807 R&

1260 3823 1374 3866 publica
1388 3818 1576 3860 promerenti,
1589 3816 1694 3855 Judicii
1710 3816 1742 3846 &
1752 3813 1959 3844 Benevolentiae
1975 3813 2080 3844 nostrae
2093 3815 2310 3855 Testimonium

1261 3863 1383 3893 tribuere
1394 3882 1403 3897 ,
1421 3857 1447 3888 id
1464 3860 1533 3887 vero
1547 3857 1683 3893 quoniam
1697 3859 1757 3883 non
1771 3852 1824 3882 alia
1838 3853 1972 3894 ratione,
1981 3851 2027 3882 vel
2040 3862 2094 3889 pro
2107 3853 2197 3891 Regia
2214 3853 2308 3886 nostra

1263 3909 1328 3939 erga
1342 3900 1421 3928 illum
1437 3896 1537 3927 Gratia
1552 3896 1585 3925 &
1609 3892 1732 3927 Favore„
1755 3891 1802 3920 vel
1821 3899 1874 3928 pro
1896 3888 2007 3919 Meritis
2027 3891 2108 3928 ipiins
2132 3893 2221 3927 magis
2243 3894 2307 3928 apte

1262 3943 1509 3974 congruenterque
1522 3931 1649 3970 praestare
1662 3929 1823 3967 possumus,
1838 3928 1925 3965 quarn
1938 3928 1956 3957 fi
1969 3928 2059 3966 aliqua
2073 3926 2202 3960 Honoris
2217 3931 2308 3961 acees-

1262 3977 1342 4008 sione
1355 3973 1450 4006 ansius
1463 3973 1496 4003 &
1509 3969 1716 4000 condecoratus
1733 3970 1750 3997 a
1763 3967 1861 3997 Nobis
1876 3965 1996 3996 discedat
2013 3988 2023 4004 ,
2047 3977 2193 4005 propterea
2216 3972 2308 4010 Eque-

1256 4015 1324 4054 stris
1342 4012 1455 4043 Ordinis
1472 4010 1528 4040 sive
1544 4010 1653 4048 Equitis
1670 4008 1779 4036 Aurati
1805 4003 1904 4035 Gradu
1922 4004 2027 4035 Titulo
2049 4005 2083 4035 &
2108 4006 2254 4045 Dignitare
2276 4007 2310 4036 il-

1263 4055 1325 4085 lum
1338 4050 1514 4082 donavimus¹
2024 4082 2029 4087 ¹
2062 4050 2066 4054 ⁴
2307 4083 2310 4086 ἢ

1302 4090 1409 4129 Qod,
1427 4097 1458 4119 ut
1471 4085 1606 4118 omnibus
1619 4082 1717 4116 clarius
1732 4082 1904 4120 innotescat,
1919 4088 2006 4120 utque
2021 4081 2077 4122 ipse
2090 4084 2200 4124 Equiris
2211 4084 2313 4128 Aura-3

2288 4126 2312 4149 n
