2557 4279
0 223 70 254 Ami.
84 221 124 251 D.
149 222 301 251 mii-,iorum
318 220 535 259 noetianorum,
555 220 798 260 qualitercumque
811 221 960 259 spet'tantia
981 223 1013 252 &
1040 221 1205 260 pertinentia
1245 217 1388 249 Officium
1405 223 1505 255 Magni
1522 224 1675 254 Admiralli
1688 226 1772 264 nostri
1792 227 1950 260 Heredum
1974 232 2006 263 &
2026 230 2226 263 Succesfiirum
2248 245 2302 264 no-
2323 234 2389 265 Ann
2415 237 2455 266 13*

17 260 98 291 1618.
146 260 202 289 five
219 261 428 296 incumbentia,
444 260 489 289 vel
506 261 602 297 aliquo
619 260 707 290 modo
723 262 758 291 ab
774 263 890 299 antiquo
905 264 938 292 &
955 270 1092 299 praeintea
1107 260 1199 290 debita
1245 256 1366 285 strorum
1384 257 1494 294 Angliae
1507 259 1654 292 Hibernia:
1670 265 1702 293 &
1720 265 1832 296 xvaiiiae
1847 268 1963 299 Cilefiae
1983 272 2016 301 ὃς
2040 272 2235 302 Merchiiiuin
2258 283 2302 302 ea-
2350 274 2386 302 16
2392 259 2424 303 {8
2446 259 2455 268 ⁶

2 298 120 337 16Jac.i.
144 299 201 328 five
217 297 367 333 consueta,
1243 295 1392 340 mmd‘fflb
1419 296 1613 328 Normannite
1637 299 1818 340 Gascoigniae
1840 307 1871 335 ὃ(
1895 306 2074 344 Aquitannice
2119 319 2150 339 ac
2174 307 2302 347 Praefecli
2326 297 2449 348 16Jacii

179 335 309 366 Necnon
322 344 378 364 tam
396 334 474 364 Bona
489 336 522 366 ὃς
537 334 643 365 Catalia
661 346 887 374 quorumcumq3
911 336 1096 367 proditorum
1119 335 1198 365 Pira-
1243 333 1383 361 Gener-alm
1406 332 1544 364 Ciaffium
1569 338 1602 366 &
1626 337 1751 369 Marium
1782 344 1988 376 predictorum
2044 333 2160 384 prizfato
2189 352 2300 377 Geni-vio

139 382 232 405 tarum
257 372 477 402 Homicidarum
500 375 533 403 ὃς
559 373 697 403 Felonuin
723 376 965 413 qialitercumque
987 376 1058 404 infra
1082 374 1197 412 Juri'idi-
1244 370 1400 399 Marchiom·
1422 373 1528 409 Bucks,
1546 382 1598 409 pro
1612 378 1734 406 termino
1749 377 1825 408 Vitae
1842 383 1971 412 naturalis
1989 369 2068 420 ipsius
2088 389 2194 423 Georgii
2216 370 2298 414 Μῖν-

138 414 266 442 &ionem
279 410 404 441 nostram
422 410 576 441 Heredum
594 413 626 442 ὃς
641 412 844 443 Succelsorutn
864 413 1026 443 nostrorum
1048 412 1198 443 Admirali-
1242 407 1339 437 chionis
1363 410 1466 446 Buckr,
1484 420 1535 448 per
1556 411 1581 440 se
1601 412 1645 441 vel
1670 423 1717 449 per
1741 416 1923 449 sufficientem
1943 420 2119 458 Deputatuni
2139 424 2219 454 suum
2240 424 2297 455 sive

138 451 198 480 tatis
214 448 354 491 praedii}ae
369 449 609 486 delinquentium,
628 452 711 487 quam
730 451 806 481 Boni
824 452 930 481 Debita
945 452 977 481 δε
1002 450 1108 480 Catalla
1130 460 1196 480 om·
1242 446 1407 488 Deputatos
1423 448 1484 478 suos
1500 448 1685 487 sufficientes,
1702 454 1757 482 una
1771 463 1838 483 cum
1851 459 1983 488 omnibus
1998 462 2030 490 a&
2045 461 2152 492 sint-tulis
2167 463 2298 492 Premis-

138 490 220 518 nium
236 488 268 517 ὃς
285 487 458 525 hogulorum
475 498 576 517 eorum
596 487 843 519 Manutenentiam
859 489 1086 519 Acceffirjm-um
1112 488 1198 518 Con-
1241 488 1273 514 lis
1295 495 1327 515 ac
1351 485 1448 517 Rebus
1470 486 1527 516 aliis
1548 488 1771 528 quibuscumque
1792 492 1883 522 eidem
1905 495 2017 526 Officio
2031 486 2129 535 Magni
2144 486 2299 530 Admiraili

137 526 286 556 sulentiutn
304 524 504 556 Auxiliantium
518 527 562 557 vel
580 526 771 557 Affistentium
788 536 1038 565 quorumcumque
1054 529 1195 559 &eorum
1240 523 1431 567 quovismodo
1456 526 1656 562 PessiflssfltibUS
1678 527 1889 559 devenientibus
1912 534 2140 567 incumbentibus
2160 539 2216 569 five
2236 540 2295 576 spe-

139 563 302 601 cujussibes3
1240 562 1395 599 dantibus,
1421 563 1465 593 seu
1488 564 1606 594 antehac
1630 565 1666 594 ab
1687 567 1802 603 antiquo
1822 566 1922 598 debitis
1944 571 1987 600 vel
2009 575 2144 606 consuetis
2192 578 2295 615 absque

173 603 270 638 Atque
289 602 370 631 etiam
393 601 470 632 Bona
491 602 596 633 Debita
619 603 652 632 &
675 601 782 632 Catalla
799 611 1043 640 quarumcumque
1058 602 1195 633 Persona·
1239 599 1393 638 Compoto
1408 623 1417 638 ‚
1444 601 1488 631 seu
1507 602 1601 639 aliquo
1626 604 1679 632 alio
1701 603 1800 634 Nobis
1821 604 1993 638 l-laeredibus
2013 612 2057 640 vel
2079 600 2294 646 Succefforibus

136 650 200 670 rum
223 640 361 670 Felonum
385 641 421 669 de
445 641 488 678 se,
506 643 539 670 ὃς
565 640 711 677 cujussibet
734 640 863 670 i’ersonae
884 640 995 670 Felonis
1014 640 1047 671 de
1068 641 1094 670 se
1124 642 1194 670 insta
1238 637 1337 681 nostris
1354 638 1373 657 *ᾗ
1393 640 1511 675 proinde
1526 641 1670 672 reddendo
1690 641 1826 672 solvendo
1845 644 1890 673 vel
1909 645 2053 677 faciendo·
2073 650 2210 688 aliquibus
2230 654 2293 684 Sta-
2313 655 2332 675 *
2350 658 2435 687 XVII

133 678 299 715 praediiftam
320 678 550 717 JurisdiCtionem
579 678 775 708 Admiralitatis
803 677 947 716 praedictae
961 701 971 716 ,
1000 679 1191 715 quovismodo
1237 684 1303 706 tut18
1321 677 1447 708 Adhibus
1466 678 1702 709 Ordinationibus
1723 679 1965 712 prohibitionibus
1984 695 2031 715 aut
2047 672 2293 722 'Restrieciom‘bus
2321 695 2382 724 126.
2440 681 2448 687 η

0 1604 3 1612 “
18 1598 112 1625 Xvil.

5 1646 48 1673 25.

132 717 179 746 seu
195 717 439 754 qualitercumque
458 716 492 747 ad
515 715 644 746 Mortem
664 716 873 747 devenientium
885 738 894 753 ,
912 716 1090 754 ubicumque
1110 717 1190 747 Bona

132 754 241 785 Debita
254 755 299 784 vel
312 754 418 784 Catalla
432 753 605 791 hujusmodi,
624 762 670 784 aut
686 754 774 792 aliqua
789 754 912 784 Parcella
934 756 1120 793 eorumdem,
1139 764 1190 789 per

131 792 347 830 MareAquam
362 793 406 823 vel
417 791 537 822 Terram
553 792 626 822 infr-a
642 792 741 830 Regna
768 792 862 823 nostra
887 793 1036 831 praeditffta,
1054 794 1100 823 seu
1124 792 1190 822 Do-

131 832 219 862 minia
243 831 337 861 nostra
358 830 542 867 eorumdem,
561 839 618 860 tam
639 830 710 860 infra
733 831 885 861 Libertates
907 832 996 868 quam
1017 840 1109 868 extra,
1127 831 1190 860 fue-

130 871 188 900 rint
206 871 318 901 inventa
332 869 387 898 five
407 867 592 906 invenienda,
607 867 747 899 forisfadta
769 869 815 899 seu
836 869 1049 907 forisfacienda,
1068 869 1113 899 vel
1133 870 1190 898 exi-

133 907 233 939 stentia
249 915 455 945 quaecumque;

166 946 203 977 Et
227 947 311 976 etiam
336 944 414 974 Bona
433 943 540 974 Debita
555 944 588 975 &
603 943 708 975 Catalla
725 953 969 982 quarumcumque
985 945 1099 975 aliarum
1120 943 1190 974 Pet-

129 984 259 1015 sonarum
274 982 415 1013 Felonum
429 982 464 1012 de
476 981 521 1021 se,
537 982 571 1012 &
586 983 731 1020 cujussibet
747 984 855 1013 alterius
871 983 1002 1014 Persona:
1019 983 1131 1013 Felonis
1155 983 1191 1012 de

132 1023 174 1059 se,
193 1022 263 1052 infra
275 1020 506 1059 jurisdictionem
524 1020 723 1052 Admiralitatis
738 1021 900 1060 przeditstae,
918 1031 1026 1060 reperta
1043 1022 1088 1052 seu
1112 1031 1191 1060 repe-

130 1060 241 1097 rienda,
259 1067 305 1089 aut
323 1059 518 1097 contingentia
531 1068 738 1098 quaecumque,

166 1097 204 1127 Et
227 1098 376 1136 praeterea,
395 1107 453 1127 tam
478 1096 557 1127 Bon-a
575 1097 679 1128 Debita
694 1099 727 1129 &
742 1097 847 1129 Catalla
863 1107 1110 1136 quorumcumque
1123 1097 1190 1128 alio-

129 1145 193 1166 rum
210 1135 395 1166 proditorum
412 1135 551 1166 Felonum
567 1136 599 1166 &
616 1136 855 1174 Homicidarum,
869 1138 1044 1175 ubicumque
1055 1137 1189 1166 iocorum

129 1174 370 1213 delinquentium,
391 1184 422 1203 ac
440 1174 514 1203 Bona
532 1173 636 1204 Debita
650 1176 683 1205 δε
699 1174 805 1205 Catalla
822 1185 923 1205 eorum
944 1175 1190 1206 Manutenentium

130 1212 358 1243 Acceiiiirioium
375 1211 594 1243 Consulentium
608 1213 815 1244 Auxiliantium
830 1213 876 1244 seu
886 1213 1189 1251 Ailistentium,quam

128 1251 210 1281 etiam
226 1250 303 1280 Bona.
320 1251 425 1282 Debita
437 1251 470 1280 &
488 1250 594 1280 Catalla
610 1261 862 1289 quorumcumque
884 1252 1083 1289 Fugitivorum
1107 1251 1191 1281 Con-

127 1290 272 1319 vitstorum
286 1289 482 1319 Attintfimrum
499 1288 711 1319 Damnatorum
730 1289 933 1328 Utlagatotum
943 1313 952 1328 ,
971 1291 1017 1321 vel
1029 1291 1059 1320 in
1073 1290 1190 1327 exigen-

128 1328 169 1357 do
184 1327 350 1358 Proditione
366 1327 480 1357 Felonia
495 1326 654 1357 Homicida
668 1329 713 1358 vel
729 1328 923 1366 Murdro,seu
938 1329 1031 1366 aliquo
1045 1328 1100 1358 alio
1117 1338 1190 1364 quo-

130 1375 256 1433 cutthque
278 1365 400 1396 offensu
420 1373 466 1396 aut
489 1365 625 1404 DeliCto,
643 1367 882 1405 qualitercumque
899 1367 1054 1404 positorum
1068 1367 1123 1396 five
1136 1376 1191 1405 po-

131 1414 189 1433 nCn
210 1413 292 1434 Ol'Um
302 1416 308 1421 ⁴

170 1428 311 1473 Necnon,
322 1441 401 1472 Bona
419 1441 551 1472 Waivata
574 1441 699 1472 Flotson.
711 1441 823 1480 Jotson.
848 1442 958 1481 Lagon.
972 1443 1004 1473 ὃς
1021 1442 1138 1479 ShareS,
1156 1452 1189 1472 ac

130 1480 310 1511 Thesaurum
327 1481 478 1511 inventum
495 1481 542 1511 seu
555 1480 760 1510 inveniendum
771 1505 780 1518 ,
796 1481 958 1518 deodanda,
977 1491 1010 1512 ac
1038 1481 1115 1511 Bona
1134 1490 1187 1517 pro

131 1518 282 1549 Derelie‘to
296 1519 387 1548 habita
401 1517 446 1548 seu
461 1518 606 1556 habenda,
629 1517 674 1548 seu
689 1518 762 1548 Casu
780 1519 896 1549 fortuitu
919 1528 1024 1557 reperta
1047 1519 1091 1549 seu
1111 1528 1189 1557 repe-

132 1558 243 1595 rienda,
264 1558 309 1588 vel
323 1557 564 1594 qualitercumque
578 1556 671 1586 debita
685 1557 730 1586 seu
744 1557 890 1593 debenda;

173 1596 191 1614 ²*
219 1595 352 1625 Necnon
373 1596 471 1623 omnia
492 1594 569 1623 Bona
592 1593 786 1625 Mercimonia
806 1596 838 1626 &
864 1594 971 1625 Catalla
990 1594 1132 1632 deperdita
1161 1595 1191 1624 in

134 1632 217 1664 Mare
239 1634 369 1670 inventa,
389 1632 433 1661 seu
454 1640 531 1662 eittra
551 1630 637 1662 Mare
658 1633 798 1670 projedh,
825 1641 910 1670 atque
929 1634 1014 1663 etiam
1037 1634 1133 1663 omnia
1156 1634 1189 1663 &

136 1672 241 1711 singula
262 1671 312 1702 alia
332 1670 474 1707 Casualia,
488 1677 548 1700 tam
570 1671 599 1699 in
617 1672 696 1707 supet
712 1672 756 1700 vel
774 1681 823 1708 per
838 1671 922 1701 Mare
936 1671 1100 1708 Lstrorave,
1118 1670 1193 1700 Cre-

135 1720 181 1741 cas
195 1720 243 1741 aut
257 1709 389 1740 Costeras
404 1708 494 1739 Maris
514 1707 559 1738 vel
582 1707 677 1738 Partes
697 1710 867 1747 maritimas,
885 1709 974 1747 quam
996 1711 1025 1739 in
1048 1709 1127 1747 super
1146 1708 1193 1739 vel

135 1758 185 1787 per
204 1749 300 1787 Aquas
320 1747 434 1785 dulces,
460 1746 580 1785 Portus,
604 1746 735 1777 Flumina
756 1748 886 1787 publica,
905 1748 998 1778 Rivos
1017 1748 1063 1778 seu
1083 1747 1191 1777 Crecas

133 1787 340 1825 quascumque,
364 1795 410 1816 aut
432 1785 512 1816 Loca
532 1784 749 1822 superinundata
768 1795 959 1825 quaecumque
977 1786 1047 1816 infra
1067 1786 1191 1816 Fiuxum

134 1827 168 1857 &
182 1825 342 1856 Refluxtim
359 1823 451 1854 Maris
464 1822 508 1854 seu
524 1823 618 1861 Aquae
627 1824 660 1854 ad
674 1824 878 1861 plenitudinem
889 1847 899 1863 ,
917 1832 964 1855 aut
979 1824 1057 1861 super
1084 1824 1193 1854 Littora

133 1864 180 1895 vel
201 1864 288 1902 Ripas
308 1864 421 1900 alicujus
443 1862 627 1899 earumdem,
651 1862 667 1892 a
685 1862 912 1901 quibuscumque
933 1863 1031 1900 primis
1054 1861 1193 1892 Pontibus

134 1903 226 1933 versus
244 1902 327 1934 Mate
338 1924 348 1940 ,
366 1911 414 1939 pet
434 1899 542 1937 Regna
562 1900 657 1930 nostra
678 1901 789 1940 Angliae
811 1901 844 1932 ὃς
866 1901 1013 1931 Hiberniae
1027 1908 1076 1932 aut
1089 1910 1192 1931 eorum

132 1941 243 1979 alterae,
261 1942 306 1972 seu
320 1940 460 1971 Dominia
473 1938 568 1969 nostra
584 1939 717 1976 praedic‘ta
738 1940 957 1977 qualitercumq3
971 1939 1189 1979 quandocumq;

134 1979 183 2011 vel
205 1979 483 2018 quomodocumque
506 1979 676 2014 emergentia
697 1979 891 2017 contingentia
911 1978 957 2008 seu
981 1979 1192 2016 provenientia,

134 2028 326 2056 quaecumque
338 2016 383 2049 vel
398 2017 575 2054 ubicumque
588 2015 666 2047 Bona
680 2015 785 2047 Debita
801 2018 834 2048 &
849 2016 957 2048 Catalla
972 2016 1132 2056 hujusmodi
1145 2024 1193 2048 aut

133 2065 238 2087 caetera
251 2055 395 2088 Praemiffa
404 2078 414 2093 ‚
430 2054 476 2085 seu
491 2054 581 2093 aliqua
594 2053 722 2086 Parcella
735 2055 903 2087 eorumdem
912 2078 921 2093 ,
938 2055 1009 2086 infra
1020 2055 1194 2094 Jurisditfi‘tio-

132 2104 202 2125 nem
220 2095 344 2125 nostram
370 2093 572 2125 Admiralitatis
591 2092 696 2124 nostrae
717 2093 831 2134 Angiiae
844 2094 1007 2133 praedistae,
1025 2095 1193 2132 recipiantur

131 2142 180 2163 aut
194 2134 314 2165 inveniri
333 2133 379 2163 seu
396 2132 509 2170 reperiri
525 2132 711 2171 contingant,
727 2135 773 2163 vel
786 2141 850 2170 quae
862 2132 895 2162 ad
913 2131 982 2162 Nos
1007 2143 1084 2163 nunc
1108 2134 1192 2171 perti-

130 2179 220 2209 nent,
239 2179 286 2202 aut
301 2180 426 2209 unquam
442 2171 458 2200 ὲ
469 2169 588 2211 vicefimo
600 2177 700 2210 quarto
714 2171 757 2200 die
772 2173 876 2201 Martii
886 2180 962 2201 anno
986 2170 1081 2210 Regni
1103 2172 1192 2201 nostri

129 2210 244 2249 Angliae
256 2211 367 2248 primo,
384 2208 578 2248 quovismodo
592 2209 787 2247 pertinuerunt
810 2209 855 2240 seu
876 2210 1014 2248 pertinere
1034 2209 1193 2241 debuerunt

132 2258 180 2279 aut
194 2249 277 2280 debet
292 2249 350 2279 ullo
363 2247 471 2285 modo,
488 2247 521 2278 &
534 2246 567 2277 ad
583 2256 683 2278 manus
695 2249 728 2279 &
744 2249 857 2279 notitias
871 2248 978 2279 nostras
993 2249 1026 2279 &
1040 2247 1193 2279 Ministro—

131 2297 197 2355 ωιτη
213 2287 378 2356 ηὲίὶτφηιαι
394 2285 526 2317 nondum
541 2286 735 2325 pervenerint,
748 2296 804 2317 nec
819 2287 849 2317 in
862 2286 1045 2318 Scaccarium
1059 2287 1191 2318 nostrum

130 2336 162 2357 re
174 2333 215 2356 ata
245 2334 351 2357 uermt·

167 2365 212 2394 Ac
224 2366 307 2395 etiam
324 2349 505 2403 A’nchoragia
517 2361 677 2400 Beconagia
690 2363 733 2394 seu
749 2362 835 2403 Signa
849 2372 897 2401 pet
921 2363 1004 2394 Mare
1025 2365 1071 2395 vel
1088 2364 1192 2395 Portus

129 2402 176 2433 seu
190 2403 301 2441 publica
319 2402 463 2440 Flumina,
485 2402 542 2432 sive
555 2400 665 2432 Littora
678 2402 711 2432 &
728 2402 931 2434 Promontoria
947 2403 1060 2441 alicujus
1073 2412 1191 2434 eorum-

129 2442 199 2472 dem
213 2452 266 2480 pro
281 2441 450 2472 Direetione
463 2439 595 2470 Navium
608 2440 716 2479 emita,

165 2479 204 2510 Et
221 2479 383 2519 Lastagium
399 2479 444 2509 seu
460 2478 602 2509 arenosam
614 2477 746 2510 Navium
760 2478 984 2518 Onerationem;

165 2518 236 2556 Atq3
259 2518 351 2549 Pisces
370 2517 508 2555 Regale53
534 2517 682 2555 videlicet,
706 2517 889 2556 Sturgiones,
914 2518 1054 2556 Ballenas,
1079 2517 1188 2555 Cetus,

127 2555 279 2594 Porpecias
288 2580 298 2595 ‚
317 2556 490 2593 Delphines,
506 2554 635 2594 Rigges‚
649 2556 681 2586 &
695 2555 869 2595 Graspetias,
883 2566 916 2587 ac
930 2558 1014 2587 etiam
1027 2557 1191 2594 generaliter

129 2604 247 2626 caeteros
262 2595 352 2626 Pisces
369 2594 568 2632 quoscumque
583 2603 715 2632 magnam
731 2594 787 2626 five
802 2596 949 2632 ingentem
965 2594 1188 2625 Craffitudinem

127 2633 186 2664 five
201 2633 410 2671 Pinguedinem
425 2634 453 2662 in
470 2632 496 2663 se
508 2632 658 2671 habentes,
674 2633 768 2665 eidem
791 2633 892 2664 officio
915 2636 1016 2671 Magni
1036 2632 1190 2663 Admiralli

127 2672 216 2703 nostri
233 2673 343 2712 Angiiae
357 2672 393 2703 ab
404 2672 525 2710 antiquo
539 2670 574 2701 de
585 2671 647 2709 jure
664 2672 709 2702 vel
725 2671 928 2703 consuetudine
949 2672 1117 2711 pertinentes
1140 2671 1187 2702 seu

126 2710 296 2749 speetantes,
314 2719 360 2742 aut
373 2710 469 2748 aliquo
485 2709 576 2740 modo
590 2710 747 2741 consuetos

160 2748 200 2779 Et
223 2750 333 2787 insuper
354 2759 456 2780 omnes
478 2748 512 2779 &
525 2749 712 2779 omnimodos
729 2749 828 2786 Fines,
847 2747 978 2788 Molesta,
998 2748 1111 2786 Exitus,
1130 2748 1187 2779 Fo-

123 2787 294 2825 risfac‘tutas,
314 2788 560 2824 Amerciamenta,
579 2786 801 2825 Redemptiones
817 2789 850 2820 &
867 2787 1092 2827 Recognitiones
1107 2787 1186 2825 quas-

122 2835 249 2862 cumque
261 2826 463 2863 forisfacituras,
481 2826 513 2855 &
529 2825 632 2856 Poenas
648 2827 819 2862 pecuniarias
835 2835 886 2863 pro
905 2826 1182 2865 Transgreffionibus

122 2862 244 2894 Deliffls
266 2864 375 2902 Injuri'is
395 2864 610 2895 Extortionibus
630 2863 853 2902 Contemptibus
874 2865 907 2894 &
936 2865 994 2895 aliis
1022 2864 1182 2896 Maiefaetis

120 2902 365 2941 quibuscumque,
385 2903 430 2933 vel
455 2911 508 2939 pro
530 2902 620 2940 aliqua
643 2902 694 2932 alia
717 2912 745 2933 re
761 2903 874 2933 materia
890 2903 935 2933 seu
950 2903 1030 2933 causa
1042 2914 1183 2941 quacum-

122 2950 197 2979 que,
215 2942 356 2978 impolitas
376 2941 423 2972 vel
443 2940 562 2970 inflictas
581 2949 628 2971 aut
649 2941 832 2978 imponendas
851 2941 898 2971 vel
921 2942 1105 2980 infligendas,
1121 2951 1181 2973 tam

122 2989 223 3009 coram
241 2980 320 3009 dieto
334 2982 441 3015 Magno
454 2978 613 3008 Admirallo
629 2978 760 3016 Angliae,
778 2980 822 3009 seu
837 2979 930 3017 aliquo
945 2980 1002 3018 ejus
1023 2980 1180 3012 Locumte-

123 3027 207 3047 nente
222 3016 349 3047 Officiali
364 3016 570 3046 Corntniffario
588 3016 806 3048 Viceadmirallo
843 3017 898 3047 sive
911 3017 1181 3059 Deputat0‚vigore

123 3056 225 3086 harum
244 3056 418 3086 Litterarum
430 3054 591 3084 Patentium
601 3076 610 3092 ,
628 3064 677 3091 per
692 3065 758 3085 eum
771 3065 786 3085 a
810 3055 936 3091 ignando
949 3057 995 3086 vel
1008 3057 1181 3095 deputando,

123 3096 154 3124 in
176 3094 268 3132 aliqua
288 3093 376 3133 Curia
397 3092 596 3123 Admiralitatis
615 3092 719 3124 nostrae
739 3093 897 3124 Haeredum
919 3095 964 3125 vel
978 3094 1179 3127 Successorum

121 3132 287 3163 nostrorum
312 3131 424 3169 Angliae
444 3130 587 3169 praedietae
607 3139 681 3162 tenta
703 3132 759 3162 five
781 3132 913 3170 tenenda,
932 3133 1105 3170 praesentatas
1124 3135 1181 3165 five

121 3170 322 3210 praesentandas
341 3170 493 3201 affidendas
515 3169 664 3201 afferendas
683 3170 893 3202 forisfaciendas
911 3171 956 3201 vel
970 3171 1180 3213 adjudicandas,

121 3211 213 3247 quam
229 3211 313 3240 etiam
334 3209 577 3245 Amerciamenta,
595 3207 709 3247 Exitus,
727 3209 824 3247 Fines,
844 3210 1078 3249 Perquilitiones,
1100 3211 1180 3243 Mul-

121 3248 183 3286 eta,
200 3249 233 3279 &
246 3248 353 3278 Poenas
365 3247 533 3285 pecuniarias
547 3246 757 3286 quascumque,
774 3258 807 3279 ac
823 3247 1022 3279 Forisfaeturas
1046 3260 1180 3288 quarum-

120 3297 223 3325 cumq3
238 3286 484 3325 Recognitionum
499 3295 598 3315 coram
613 3285 691 3316 dieto
705 3289 810 3324 Magno
824 3286 984 3317 Admirallo
996 3287 1094 3319 nostro
1106 3289 1179 3320 Hae-

120 3325 222 3355 redum
236 3334 282 3356 aut
297 3324 501 3356 Successorum
515 3323 698 3362 nostrorum,
715 3333 761 3356 aut
780 3326 838 3364 ejus
862 3325 1108 3366 Locumtenente,
1127 3329 1180 3359 Vi-

121 3363 321 3403 ceadmirailo,
345 3363 491 3401 Deputato
513 3362 557 3392 vel
581 3361 744 3402 Deputati3‚
764 3373 797 3394 ac
817 3364 875 3394 aliis
913 3365 1057 3396 usticiariis
1077 3367 1179 3398 nostris

122 3402 169 3432 seu
190 3402 350 3433 Haeredum
376 3403 422 3432 vel
442 3400 645 3432 Successorum
665 3401 828 3433 nostrorum
851 3403 879 3434 A
902 3404 1051 3435 miralitatis
1072 3405 1178 3437 nostrae

123 3440 234 3479 Angliae
251 3441 411 3479 piaedietae,
427 3439 461 3471 ad
476 3438 656 3470 Proditiones
670 3439 797 3471 Felonias
812 3440 949 3472 Roberias
969 3442 1089 3474 Murdra
1109 3444 1178 3476 Ho-

125 3480 241 3510 micidia
258 3479 529 3510 Confoederationes
539 3487 571 3507 ac
587 3477 648 3508 alias
662 3477 845 3510 Offenfiones
852 3480 1085 3520 Trangreffiones
1096 3482 1180 3514 Con-

124 3526 249 3556 temptus
264 3518 455 3557 Misprifiones
469 3517 658 3555 spoliationes
670 3526 703 3547 ac
729 3516 897 3557 Malefadta,
915 3520 987 3550 infra
1003 3520 1179 3558 jurisdictio-

125 3566 193 3586 nem
209 3556 335 3588 nostram
351 3557 519 3587 maritimam
533 3554 685 3585 commiffa
699 3554 756 3586 five
769 3557 974 3588 committenda
983 3580 993 3594 ,
1006 3559 1178 3591 audiendum

125 3594 159 3624 δε
173 3595 397 3632 terminandum,
412 3605 462 3632 per
479 3595 585 3625 Literas
598 3593 704 3624 nostras
719 3594 954 3626 commiffionales
967 3597 1099 3629 Patentes
1109 3598 1182 3629 Hae-

126 3633 226 3663 redum
247 3634 293 3665 vel
316 3633 521 3665 Successorum
548 3632 728 3670 nostrorum,
745 3633 824 3670 juxta
838 3633 945 3665 Statuta
960 3635 1026 3666 inde
1041 3637 1127 3675 edita,
1147 3640 1181 3670 &

127 3668 368 3703 Consuetudinem
398 3672 497 3703 Curiae
526 3670 688 3708 Principalis
715 3672 917 3702 Admiralitatis
943 3673 1047 3704 nostrae
1071 3676 1182 3714 Angliae

127 3709 287 3748 praedffiae,
303 3711 352 3741 sub
369 3710 484 3747 Magno
501 3709 599 3749 Sigillo
612 3709 725 3747 Angliae
746 3710 830 3740 factas
850 3711 884 3740 &
906 3709 1007 3741 fiendas
1018 3735 1027 3750 ,
1044 3713 1183 3754 affignatis

130 3747 162 3776 ὃ(
175 3747 361 3787 assignandas,
380 3749 576 3787 contingentia
587 3748 643 3778 five
657 3748 787 3785 impofita
802 3756 848 3778 aut
862 3750 1032 3788 imponenda
1047 3752 1093 3782 vel
1108 3754 1182 3784 infli-

129 3784 237 3823 genda,
255 3786 301 3817 seu
312 3787 405 3825 aliquo
419 3789 509 3817 modo
524 3786 662 3817 affidenda
677 3786 819 3817 afferenda
843 3787 1037 3820 forisi'acienda
1061 3791 1116 3822 five
1135 3791 1185 3822 ad-

129 3823 297 3861 judicanda,
314 3834 360 3856 aut
378 3826 472 3863 aliquo
491 3826 582 3856 modo
597 3826 747 3856 occasione
766 3825 981 3856 Praemifforurn
1001 3828 1097 3859 Nobis
1112 3830 1186 3861 Hae-

131 3861 246 3905 redibus
273 3862 319 3892 vel
336 3863 547 3894 Succei'ioribus
566 3864 667 3895 nostris
684 3866 712 3894 in
730 3874 760 3894 ea
776 3872 855 3901 parte
874 3864 1116 3905 qualitercumque
1136 3869 1185 3898 de-

133 3900 192 3929 bita
219 3899 276 3929 sive
294 3899 419 3932 debenda
433 3925 442 3940 ,
465 3902 620 3940 eademque
636 3903 734 3933 omnia
750 3904 782 3934 &
799 3902 902 3940 singula
922 3906 1038 3941 petenda
1054 3907 1188 3945 exigenda

130 3939 165 4006 {c
184 3936 318 3975 levanda,
337 3941 468 3976 capienda
487 3941 646 3979 recipienda
664 3942 697 3972 δε
715 3942 873 3971 obtinenda
891 3943 925 3972 ὃς
942 3942 1028 3973 libere
1040 3944 1189 3982 disponen-

152 3986 175 4006 a,

1236 715 1265 742 in
1285 716 1459 761 contrarium
1480 717 1559 746 facus
1578 718 1659 748 editis
1678 719 1811 749 ordinatis
1830 720 1873 749 vel
1893 723 2009 757 provisis
2025 746 2035 760 ,
2056 734 2102 755 aut
2126 728 2216 765 aliqua
2243 730 2295 762 alifi

1237 751 1301 789 Re,
1320 753 1411 797 Causa
1430 755 1475 784 vel
1497 755 1618 786 Materia
1637 755 1835 796 quacumque,
1854 759 1881 787 in
1899 759 1992 797 aliquo
2012 770 2070 791 non
2089 764 2227 797 obstante.

1273 790 1309 834 Et
1334 793 1443 836 insuper
1458 815 1467 830 ,
1493 802 1526 823 ex
1553 795 1676 825 uberiori
1704 795 1805 826 Gratia
1831 795 1927 828 nostra
1952 797 2086 836 speciali,
2107 811 2140 831 ac
2168 813 2201 833 ex
2220 806 2294 837 certa

1235 826 1360 860 Scientia
1378 831 1410 860 ὃς
1430 840 1510 861 mero
1532 831 1620 862 Motu
1639 833 1755 870 nostris,
1773 834 1902 865 dedimus
1921 837 1953 867 &
1972 837 2179 877 concessimus,
2200 852 2231 872 ac
2247 853 2296 880 per

1236 866 1387 898 Pi'aesentes
1402 891 1411 906 2
1435 879 1489 913 pro
1509 869 1607 899 Nobis
1623 870 1796 903 Haeredibus
1814 874 1847 904 δε
1866 873 2078 906 Successoribus
2096 878 2198 907 nostris
2213 902 2222 915 ,
2248 883 2295 911 da-

1236 914 1298 934 mus
1317 907 1350 936 &
1367 907 1554 937 concedimus
1574 909 1689 945 praefato
1707 913 1817 947 Georgia
1835 912 1993 943 Marchioni
2010 915 2100 944 Bucks
2119 918 2223 953 Magno
2231 921 2294 948 Ad-

1235 943 1343 973 mirallo
1361 945 1461 974 nostro
1481 946 1593 988 Angli-ie
1609 957 1642 977 ac
1660 948 1795 988 Praefetfir'o
1814 951 1945 981 Generali
1961 951 2098 983 Clasfium
2118 955 2151 985 ὃς
2171 955 2296 987 Marium

1236 981 1398 1029 nostrorum
1416 983 1637 1022 praediecorum,
1658 996 1709 1022 pro
1726 989 1917 1025 occupatione
1936 1000 1968 1020 ac
1987 993 2120 1022 exercitio
2133 994 2204 1024 dieti
2219 994 2296 1025 Offi-

1235 1028 1275 1048 cii
1295 1022 1568 1065 Magm‘Admiralli
1586 1024 1728 1063 praefflffi,
1746 1027 1886 1064 quandam
1907 1028 2089 1060 Annuitatem
2110 1031 2166 1062 five
2189 1042 2292 1063 annua-

1235 1057 1292 1103 lem
1316 1057 1478 1103 Redditum*
1502 1063 1688 1104 Durentgzrum
1713 1067 1876 1094 Marcarum
1903 1066 1993 1104 legalis
2012 1077 2139 1099 monetae
2159 1070 2270 1109 Angliae

1236 1105 1292 1125 una
1311 1106 1379 1126 curn
1398 1099 1531 1127 omnibus
1551 1100 1584 1130 &
1604 1101 1712 1138 singulis
1728 1105 1834 1133 caeteris
1854 1103 2019 1137 Priemiffis:
2040 1107 2215 1138 Habendum
2227 1096 2294 1148 gau:

1234 1133 1361 1164 dendum
1390 1136 1422 1166 &
1447 1146 1591 1180 annuatim
1619 1140 1830 1176 percipiendum
1854 1144 2017 1179 praedistam
2036 1146 2219 1177 Annuitatem
2238 1148 2294 1180 five

1236 1173 1386 1202 annualem
1412 1174 1568 1204 Redditum
1596 1178 1782 1207 Ducentarum
1810 1183 1971 1211 Mai-carum
1996 1184 2112 1219 praefato
2138 1186 2295 1217 Mai-chiam

1237 1212 1326 1240 Bucks
1342 1215 1454 1257 Magno·
1467 1214 1627 1243 Admirallo
1644 1215 1730 1253 nostro
1750 1217 1861 1256 Angiiae
1879 1220 1911 1249 ὃς
1926 1221 2058 1260 Praeflc‘io
2073 1224 2202 1254 Generali
2217 1224 2293 1256 Clas-

1236 1249 1307 1279 sium
1322 1250 1507 1293 ¹&DMarium
1524 1252 1725 1288 praeditfiorum
1747 1256 1780 1285 δί
1800 1256 1946 1295 Affignan‘s
1964 1259 2014 1289 suis
2034 1270 2085 1297 pro
2101 1265 2225 1292 termino
2249 1266 2292 1293 vi·

1237 1296 1274 1316 tae
1299 1288 1368 1318 diffl
1394 1289 1584 1327 Mai-chionis,
1614 1291 1630 1320 a
1656 1291 1742 1322 Festo
1762 1293 1868 1324 Natalis
1890 1295 2012 1327 Domini
2031 1300 2132 1329 ultimo
2151 1303 2293 1337 preterito

1236 1334 1301 1355 ante
1327 1325 1433 1357 Datam
1458 1327 1665 1367 Praesentium,
1692 1330 1726 1360 ad
1755 1330 1911 1372 Receptam
1936 1335 2043 1366 Secarii
2062 1338 2148 1367 nostri
2165 1340 2291 1371 VVestm.

1236 1362 1398 1407 Haeredum
1423 1366 1467 1395 vel
1486 1366 1688 1397 Successorum
1707 1369 1871 1399 nostrorum
1887 1394 1896 1408 ‚
1920 1382 1968 1411 per
1987 1384 2084 1405 manus
2103 1375 2293 1408 Commilfio-

1236 1412 1381 1432 nariorum
1410 1413 1464 1440 pro
1487 1404 1631 1435 Thesauro
1657 1406 1755 1436 nostro
1778 1407 1935 1439 Haeredum
1961 1412 2004 1441 vel
2019 1412 2220 1446 Sticcefforum
2236 1427 2291 1447 no—

1235 1439 1434 1487 s’trorum3per
1448 1452 1546 1472 manus
1562 1443 1735 1474 Thesauratii
1750 1444 1917 1477 Cancellarii
1930 1450 1974 1478 vel
1986 1451 2214 1484 Camerariorum
2223 1456 2291 1486 dieti

1235 1478 1376 1508 §caecam
1391 1490 1443 1516 pro
1456 1488 1585 1518 tempore
1597 1481 1792 1522 existentium,
1803 1484 1839 1514 de
1854 1486 2001 1518 Thesauro
2018 1490 2115 1519 nostro
2132 1491 2291 1524 Hem-edum

1236 1517 1269 1547 &
1285 1517 1486 1548 Successotum
1501 1518 1681 1563 nostrorum,
1699 1521 1732 1551 ad
1747 1532 1868 1557 quatuor
1882 1526 1945 1554 anni
1968 1529 2122 1566 terminos,
2142 1531 2273 1561 videlicet

1236 1554 1270 1584 ad
1288 1554 1368 1599 Festa
1385 1557 1619 1600 Annunciationis
1631 1559 1720 1589 beatae
1736 1559 1838 1591 Mariae
1854 1562 1994 1601 Virginis,
2013 1564 2179 1597 Nativitatis
2197 1555 2293 1599 Sanci'i

1233 1592 1374 1636 Johannis
1387 1594 1516 1631 Baptistae
1527 1619 1535 1633 ,
1553 1596 1649 1627 Sanisti
1666 1596 1812 1628 Michaelis
1827 1599 2016 1641 Archangeli,
2035 1605 2067 1634 δί
2092 1605 2202 1636 Natalis
2225 1606 2292 1638 Do·

1239 1641 1309 1674 mini
1320 1654 1329 1669 ,
1348 1641 1398 1668 per
1409 1633 1528 1670 aequales
1542 1635 1710 1671 Portiones,
1728 1637 1903 1669 solvendum.

1272 1668 1309 1698 ht
1325 1679 1472 1707 praeterea,
1490 1672 1526 1700 de
1540 1673 1662 1702 uberiori
1678 1673 1776 1704 Gratia
1790 1676 1903 1714 nostra,
1920 1687 1954 1708 ac
1973 1688 2008 1709 ex
2023 1689 2098 1711 certa
2122 1682 2243 1714 Scientia
2256 1685 2290 1717 &

1239 1716 1321 1737 mero
1343 1707 1433 1751 Motu
1454 1709 1572 1753 nostris,
1589 1710 1718 1742 dedimus
1733 1714 1765 1743 δε
1789 1715 1993 1755 concessimus,
2011 1728 2045 1748 ac
2067 1729 2115 1756 per
2129 1723 2275 1758 praesentes

1238 1755 1292 1789 pro
1306 1745 1405 1776 Nobis
1422 1747 1590 1778 Haeredibus
1604 1750 1636 1780 &
1655 1749 1869 1782 Successoribus
1884 1754 2000 1793 nostris,
2018 1756 2119 1787 damus
2133 1760 2166 1789 &
2182 1747 2292 1792 conce-⁹

1238 1785 1332 1814 dimus
1352 1785 1471 1822 praefato
1494 1789 1607 1823 Georgia
1628 1788 1784 1818 Marchioni
1801 1792 1891 1821 Bucks
1904 1793 2064 1825 Admirallo
2077 1796 2163 1835 nostro
2177 1800 2291 1838 Angliae

1238 1822 1272 1852 &
1293 1822 1427 1868 Praefcjd‘t‘q
1444 1823 1580 1868 Claffium
1604 1826 1638 1856 &
1662 1824 1789 1857 Marium
1809 1829 1972 1861 nostrorum
1995 1835 2215 1875 praedidiorum,
2234 1839 2293 1876 ple-

1237 1861 1552 1908 namjurisdiffionem
1568 1863 1744 1895 Potestatem
1755 1867 1788 1897 &
1807 1867 2016 1901 Auitoritatem
2038 1873 2168 1904 audiendi
2187 1879 2295 1908 exami-

1236 1899 1321 1930 nandi
1336 1901 1368 1931 &
1382 1901 1553 1932 terminandi
1567 1902 1760 1941 quascumque
1776 1903 1879 1937 Causas
1891 1908 1986 1939 civiles
2005 1910 2038 1940 &
2062 1913 2217 1945 maritimas
2251 1923 2293 1947 at-

1236 1947 1293 1975 que
1309 1937 1463 1985 Querelas,
1481 1940 1804 1986 ContraCtus,·Deli6‘ta
1828 1944 1874 1975 seu
1894 1947 1969 1984 quasi
1993 1947 2123 1989 Deleta,
2141 1939 2273 1984 Crimina

1237 1976 1362 2022 Placita,
1380 1978 1504 2018 Debita,
1523 1979 1975 2025 Exchambia‚·Aflecurationes,
1991 1985 2158 2029 Computa,
2185 1978 2295 2025 Literas

1237 2025 1348 2061 partitas
1362 2039 1371 2055 ‚
1394 2017 1615 2062 Conventiones
1632 2041 1642 2056 ,
1668 2018 1866 2060 Chirographa
1879 2046 1889 2061 ,
1917 2023 2106 2058 Onerationes
2133 2029 2266 2061 Navium

1233 2064 1388 2099 omniaque
1400 2055 1532 2101 Negotia
1544 2057 1577 2087 &
1593 2055 1767 2101 Gennadius
1779 2069 1844 2097 quae
1862 2061 1988 2101 Nautas,
2003 2074 2057 2102 pro
2070 2065 2206 2099 Navibus
2220 2056 2295 2101 con:

1236 2093 1330 2124 dudhs
1352 2095 1385 2125 &
1402 2094 1518 2139 locatis,
1541 2095 1665 2133 Debita,
1689 2096 1846 2129 Pecuniam
1869 2101 2060 2142 trajectitiam,
2082 2104 2128 2136 seu
2150 2108 2296 2141 nauticum

1237 2132 1348 2170 Fenus,
1365 2133 1560 2170 quowsmodo
1571 2141 1689 2173 tangunt
1702 2135 1748 2166 seu
1762 2138 1859 2175 aliquo
1878 2140 1971 2171 modo
1982 2150 2174 2175 concernunt·
2197 2146 2276 2178 Lites

1235 2170 1478 2215 Transgreffiones
1494 2195 1504 2210 ,
1526 2171 1640 2217 lnjurias
1654 2196 1664 2212 ,
1689 2173 1894 2216 Extortiones‚
1920 2180 1954 2210 &
1984 2179 2114 2219 Negotia
2138 2169 2230 2215 civilia
2257 2171 2294 2217 &³

1235 2218 1377 2254 maritima
1399 2220 1590 2255 quaecumque
1611 2220 1682 2242 inter
1703 2213 1884 2246 Mercatores
1897 2239 1907 2255 ,
1939 2218 1972 2248 &
1991 2218 2062 2249 inter
2086 2220 2235 2254 Dominos
2257 2226 2294 2257 δε

1237 2247 1439 2292 Proprietarios
1453 2248 1601 2288 Navium,
1620 2250 1653 2281 &
1664 2250 1786 2283 aliorum
1801 2252 1939 2285 Vasorum
1964 2255 2179 2297 Mercatorum,
2198 2262 2243 2292 seu
2266 2273 2296 2294 a-

1236 2286 1344 2317 liorum
1359 2288 1570 2327 quoscumque,
1587 2299 1655 2319 cum
1668 2289 1773 2321 eisdem
1789 2290 1924 2323 Dominis
1946 2294 2139 2332 Proprietariis
2160 2299 2293 2332 Navium

1234 2326 1269 2356 &
1282 2334 1455 2356 caeterorum
1469 2325 1607 2357 Vasorum
1623 2337 1891 2369 quorumcumque,
1909 2333 1980 2363 infra
1991 2333 2223 2371 jurisdictionem
2238 2350 2296 2370 no-

1236 2364 1323 2395 stram
1337 2367 1509 2395 maritimam
1525 2365 1725 2398 Admiralitatis
1736 2368 1840 2399 nostrae
1858 2370 1970 2409 Angliae
1986 2374 2149 2414 praedietae,
2166 2387 2292 2415 occupa-

1237 2410 1332 2433 torum
1346 2403 1391 2434 seu
1409 2404 1592 2448 usitatorum,
1607 2405 1653 2435 seu
1668 2406 1739 2436 inter
1756 2407 1950 2447 quascumque
1961 2409 2025 2441 alias
2046 2412 2180 2445 Personas
2206 2417 2296 2453 quali-

1234 2449 1405 2480 tercumque
1420 2443 1514 2473 habita
1527 2442 1600 2474 faita
1614 2444 1681 2473 inita
1697 2444 1754 2475 five
1765 2447 2062 2485 conrraCta,habeuda
2074 2451 2165 2482 fienda
2179 2454 2293 2486 inienda

1233 2479 1289 2510 five
1303 2480 1513 2525 contrahenda,
1532 2490 1585 2518 pro
1599 2482 1688 2520 aliqua
1706 2481 1754 2513 Re
1769 2483 1890 2515 Materia
1906 2486 1951 2516 seu
1967 2486 2056 2518 Causa
2072 2490 2117 2519 vel
2140 2490 2275 2531 Negotio

1232 2520 1280 2548 seu
1294 2518 1394 2555 Iniuria
1409 2528 1606 2558 quacumque,
1625 2521 1653 2550 in
1664 2519 1745 2558 super
1759 2523 1804 2552 vel
1817 2533 1865 2559 per
1884 2524 1968 2554 Mare
1980 2535 2026 2555 aut
2043 2526 2173 2559 Flumina
2200 2515 2293 2568 publiz

1233 2565 1266 2586 ca
1288 2556 1334 2586 seu
1356 2557 1453 2601 Aquas
1474 2556 1588 2595 dulces,
1606 2557 1698 2588 Rivos
1718 2559 1763 2589 seu
1790 2558 1894 2591 Crecas
1915 2563 1948 2593 ὃς
1974 2563 2055 2595 Loca
2081 2565 2294 2603 superinundata

1232 2603 1429 2638 quaecunque,
1446 2603 1517 2625 inter
1531 2595 1653 2626 Fluxum
1668 2597 1700 2627 &
1716 2597 1873 2629 Refluxum
1893 2600 1982 2631 Maris
1998 2604 2030 2633 ὃς
2045 2603 2138 2641 Aquae
2153 2607 2186 2636 ad
2203 2609 2292 2644 pleni-

1231 2633 1377 2676 tudinem,
1395 2634 1440 2664 vel
1455 2633 1533 2677 super
1550 2634 1660 2665 Littora
1671 2635 1717 2665 seu
1734 2635 1822 2674 Ripas
1839 2638 2029 2678 quascumque
2043 2643 2146 2673 eisdem
2171 2647 2216 2675 vel
2238 2657 2290 2677 eo-

1231 2681 1297 2701 rum
1313 2671 1417 2710 aliqui,
1437 2672 1606 2715 adiacentes,
1625 2674 1641 2703 a
1686 2675 1886 2713 uibuscumque
1910 2679 2008 2714 primis
2033 2678 2173 2711 Pontibus
2197 2685 2290 2716 versus

1231 2709 1334 2747 Mare,
1354 2719 1403 2748 per
1420 2710 1494 2740 dic‘ta
1510 2710 1612 2749 Regna
1627 2715 1677 2741 nol
1695 2722 1721 2741 ra
1737 2713 1846 2751 Angliae
1862 2716 1895 2744 &
1912 2715 2078 2755 Hiberniae,
2090 2718 2136 2749 seu
2152 2720 2290 2754 Domini-

1227 2758 1244 2778 a
1263 2747 1359 2779 nostra
1377 2750 1546 2793 eorumdem
1569 2750 1737 2791 supradicta,
1757 2752 1803 2782 vel
1819 2753 1882 2782 alibi
1897 2752 1967 2784 ultra
1986 2755 2067 2787 Mare
2081 2766 2128 2788 aut
2150 2760 2177 2789 in
2199 2760 2290 2792 Parti-

1228 2787 1280 2817 bus
1297 2787 1482 2818 ultramarinis
1496 2788 1738 2827 quibuicumque,
1755 2791 1883 2828 expedita
1896 2791 1941 2821 seu
1956 2795 2206 2834 expediendawna
2220 2809 2288 2832 cum

1226 2826 1362 2855 omnibus
1378 2827 1411 2857 ὃς
1430 2826 1539 2865 singulis
1554 2825 1605 2856 suis
1621 2827 1804 2869 adjacentibus
1820 2832 2024 2868 emergentibus
2045 2833 2270 2871 dependentibus

1225 2866 1340 2895 annexis
1352 2865 1385 2896 δε
1399 2866 1534 2895 connexis
1548 2866 1580 2895 ὃς
1598 2868 1683 2894 caulis
1697 2867 1937 2906 quibuscumque,
1955 2870 2129 2909 ubicumque
2151 2875 2195 2904 seu
2219 2862 2289 2913 quai

1224 2902 1412 2946 litercumque
1424 2903 1580 2941 hujusmodi
1597 2902 1694 2933 Causis
1712 2905 1844 2942 Qierelis
1854 2906 2027 2939 Contractus
2044 2910 2077 2941 ὃς
2090 2911 2286 2944 aliisPraemis-

1225 2944 1258 2971 lis
1272 2942 1447 2985 supradirstis,
1465 2941 1514 2971 vel
1528 2951 1630 2972 eorum
1645 2943 1778 2982 aliquod,
1796 2945 1864 2975 oriri
1879 2945 2014 2977 celebrari
2027 2950 2157 2980 contrahi
2170 2950 2215 2982 seu
2224 2952 2285 2984 fieri

1225 2989 1395 3017 contingat,

1261 3018 1357 3056 Atque
1378 3016 1504 3061 insuper,
1522 3016 1624 3048 Causas
1645 3017 1874 3056 Appellationum
1897 3023 1930 3054 &
1953 3022 2116 3055 militarium
2142 3026 2281 3065 Qerela-

1223 3066 1306 3093 rum,
1321 3065 1355 3086 ex
1371 3055 1470 3086 Cauiis
1485 3056 1625 3093 praedietis
1640 3057 1684 3087 seu
1702 3068 1798 3088 earum
1823 3060 1928 3100 aliqua,
1947 3063 1963 3092 a
1985 3063 2211 3102 quibuscumque
2232 3067 2286 3106 ju-

1223 3095 1351 3132 dicibus,
1372 3094 1549 3132 justiciariis,
1577 3095 1814 3135 Viceadmirallis,
1839 3098 2015 3138 Majoribus,
2040 3100 2266 3136 Vicecomi'tibus

1221 3132 1419 3170 Seneschallis,
1435 3133 1545 3163 Ballivis
1555 3157 1564 3171 ,
1582 3133 1626 3163 seu
1641 3135 1699 3164 aliis
1714 3134 1869 3167 Officiariis
1886 3139 1920 3168 δε
1935 3137 2075 3170 Ministris
2087 3141 2187 3171 nostris
2210 3129 2282 3174 Hze³

1223 3171 1323 3202 redum
1349 3173 1381 3203 &
1403 3172 1607 3202 Successorum
1628 3173 1794 3204 nostrorum
1817 3177 2041 3215 quibuscumque
2055 3201 2064 3216 ,
2096 3178 2130 3208 ad
2162 3180 2281 3212 Curiam

1222 3210 1410 3248 Principalem
1431 3210 1628 3241 Admiralitatis
1650 3211 1761 3248 Angliae
1781 3214 1923 3250 praedidtae
1940 3238 1950 3253 ‚
1976 3217 2140 3253 interpofitis
2163 3220 2208 3249 vel
2235 3220 2279 3250 in-

1222 3249 1403 3286 terponendis
1417 3271 1427 3287 ,
1452 3259 1519 3292 cum
1543 3251 1677 3280 omnibus
1702 3251 1735 3281 &
1757 3251 1865 3290 lingulis
1883 3254 1935 3283 suis
1949 3256 2155 3293 emergentibus
2173 3257 2279 3295 depen-

1222 3287 1356 3318 dentibus
1376 3296 1512 3318 connexis
1528 3289 1561 3319 &
1580 3290 1692 3319 annexis
1711 3288 1808 3319 Caufis
1825 3292 1858 3321 &
1877 3290 2012 3328 Negotiis
2030 3294 2254 3333 quibuscumque

1216 3327 1295 3365 juxta
1312 3327 1407 3363 Leges
1423 3326 1529 3356 nostras
1548 3327 1642 3357 civiles
1657 3329 1690 3359 δε
1711 3329 1863 3359 maritimas
1877 3351 1888 3367 ,
1913 3330 1945 3359 ὃς
1965 3330 2188 3362 Consuetudines
2204 3319 2277 3371 praei

1220 3365 1306 3396 di&ae
1326 3364 1424 3396 Curiae
1435 3364 1607 3403 ‘Principalis
1627 3366 1822 3397 Admiralitatis
1847 3366 1952 3398 nostrae
1974 3368 2086 3407 Angliae
2112 3371 2254 3408 praedietae

1220 3405 1250 3434 in
1268 3404 1367 3435 eadem
1387 3403 1476 3434 Curia
1494 3405 1624 3434 audiendi
1643 3405 1675 3435 δε
1695 3405 1875 3443 terminandi,
1894 3415 1963 3436 cum
1982 3408 2062 3444 plena
2081 3408 2223 3440 Potestate
2240 3413 2275 3444 &

1220 3442 1400 3474 Audtoritate
1423 3442 1519 3473 nostra
1544 3443 1701 3473 Haeredum
1727 3444 1760 3474 &
1783 3443 1985 3475 Succefforum
2010 3446 2175 3478 nostrorum
2199 3450 2275 3480 inhi-

1219 3481 1305 3512 bendi
1327 3484 1342 3499 *⁵
1361 3481 1528 3519 prohibendi
1547 3481 1579 3511 &
1597 3481 1767 3519 supersedere
1785 3482 1906 3513 faciendi
1925 3484 1956 3513 &
1976 3484 2127 3514 mandandi
2142 3489 2275 3520 omnibus
2289 3484 2310 3506 ¹¹
2326 3487 2428 3526 XVII}

1220 3520 1253 3550 &
1280 3521 1391 3559 singulis
1417 3520 1520 3558 quibus
1544 3520 1571 3548 in
1598 3529 1629 3549 ea
1653 3529 1730 3557 parte
1758 3521 1840 3551 fuerit
1858 3521 2001 3551 inhibendi
2019 3522 2210 3560 supersedendi
2230 3529 2276 3560 vel
2292 3534 2302 3553 1

1219 3559 1410 3596 prohibendi,
1433 3557 1513 3596 quod
1540 3557 1589 3594 ipfi
1616 3568 1663 3588 aut
1686 3567 1787 3588 eorum
1806 3559 1924 3597 aliquis,
1948 3560 2136 3596 pendentibus
2154 3564 2182 3594 in
2201 3565 2276 3598 dieta

1220 3597 1309 3628 Curia
1335 3597 1430 3628 nostra
1453 3596 1610 3626 Haeredum
1632 3605 1678 3626 aut
1699 3596 1898 3627 Successorum
1924 3597 2087 3629 nostrorum
2116 3601 2276 3640 hujusmodi

1220 3635 1426 3673 Appellationis
1442 3635 1498 3665 five
1515 3634 1637 3664 militaris
1659 3635 1809 3672 Qierelae,
1830 3635 1965 3674 Negotiis
1978 3637 2146 3678 indiscuffis‚
2164 3642 2278 3674 ulterius

1219 3675 1247 3703 in
1270 3684 1303 3704 ea
1325 3683 1401 3711 parte
1420 3673 1573 3710 procedere
1594 3674 1712 3702 minime
1735 3683 1904 3710 attemptent
1925 3683 2019 3712 neque
2041 3685 2207 3718 attemptet,
2225 3682 2275 3712 sub

1221 3712 1316 3743 Poena
1328 3714 1442 3781 argitrio
1456 3711 1525 3741 dieti
1543 3713 1642 3748 Magni
1657 3710 1812 3741 Admiralle'
1827 3713 1856 3741 in
1871 3721 1902 3741 ea
1920 3722 1996 3750 parte
2009 3714 2146 3747 limitandi
2161 3718 2206 3750 seu
2232 3721 2278 3751 in-

1221 3759 1262 3780 ter
1284 3761 1361 3781 onen
1382 3761 1404 3780 i·

1260 3761 1548 3827 {tecnon’Qerelas
1566 3787 1700 3817 omnium
1717 3788 1751 3818 &
1770 3787 1944 3823 singulorum
1963 3789 2177 3825 Contractuum
2197 3795 2281 3828 Con-

1224 3829 1394 3858 ventionum
1419 3837 1453 3857 ac
1477 3825 1630 3856 Causarum
1656 3827 1688 3856 &
1714 3827 1896 3864 negotiorum
1922 3829 2047 3859 civilium
2075 3832 2109 3861 ὃς
2126 3835 2282 3866 maritimo-

1224 3876 1291 3896 rum
1305 3867 1375 3896 ultra
1397 3865 1478 3895 Mare
1495 3863 1748 3902 perficiendorum,
1763 3864 1808 3894 seu
1827 3865 1895 3895 ultra
1913 3865 1995 3897 Mare
2014 3871 2231 3903 contractorum
2247 3877 2280 3906 Se,

1228 3906 1256 3934 in
1282 3905 1340 3935 hoc
1368 3904 1477 3941 Regno
1496 3901 1594 3932 nostro
1620 3902 1730 3940 Angliae
1747 3925 1756 3939 ,
1781 3903 1825 3932 vel
1847 3904 1876 3933 in
1892 3903 1970 3935 dieto
1988 3905 2091 3945 Regno
2109 3910 2206 3941 nostro
2226 3912 2284 3943 Hi-

1228 3944 1353 3981 berniae,
1372 3943 1416 3973 vel
1435 3943 1528 3978 aliquo
1546 3941 1600 3970 alio
1620 3940 1764 3970 Dominio
1779 3941 1876 3971 nostro
1894 3944 2060 3975 eorumdem
2078 3948 2286 3986 perimplendo.

1229 3991 1296 4011 rum
1314 3981 1359 4012 seu
1378 3978 1642 4019 percipiendorum,
1659 3979 1902 4019 qualitercumque
1919 3991 2091 4022 emergentes
2110 3986 2156 4017 seu
2175 3991 2292 4019 contin-

167 4013 344 4045 Habendum
373 4014 554 4053 gaudendum
577 4017 782 4057 occupandum
811 4018 843 4050 δε
871 4018 1060 4050 exercendum
1082 4020 1193 4052 dietum
1232 4029 1346 4058 gentes,

2246 4062 2293 4093 Ac

2310 3533 2355 3564 27.
