2557 4279
730 233 1710 281 ETACTAPUBLICA.
2231 252 2282 291 39

0 346 55 372 lnn.
68 334 109 366 D.
124 337 202 368 finde
216 333 352 367 sufficient
367 328 491 361 Suerties
505 328 551 359 for
567 327 641 359 their
656 324 842 366 Apparaunce
856 327 884 356 in
900 327 948 357 the
957 324 1181 367 Stat-Chamber
1218 330 1280 360 ques
1295 320 1313 350 ἃ
1329 332 1355 350 ce
1368 320 1448 362 qu’ils
1460 328 1542 363 ayent
1557 323 1664 351 treuvas
1672 322 1717 368 des
1729 326 1847 354 cautioni
1853 318 2012 366 fhffifintee
2021 348 2030 363 ‚
2064 321 2123 354 u’ils
2136 327 2278 360 comparoi-
2298 315 2373 346 Arm·
2388 313 2432 345 Di

8 376 91 409 1602.
125 387 157 408 to
176 376 296 406 answere
318 370 388 401 their
406 368 578 406 Contempts
595 367 692 405 there,
711 367 767 398 and
783 366 828 397 for
844 366 915 397 their
930 366 1008 405 good
1023 364 1182 396 Behaviour
1221 366 1299 406 (rant
1313 359 1421 389 devant
1443 359 1472 389 la
1487 360 1619 389 chambre
1632 360 1744 407 e‘tmlde,
1754 371 1821 401 pour
1832 376 1853 403 y
1866 366 1990 403 re‘pondre
2005 365 2038 395 de
2061 375 2107 393 cur
2122 364 2222 393 dedain
2236 363 2273 398 (γ
2324 353 2412 399 ¹⁶02·

0 416 91 455 4351„
127 417 156 447 in
167 416 214 447 the
227 420 325 443 meane
340 407 449 440 Season,
1222 408 1241 426 a
1255 408 1338 426 meme
1353 406 1421 428 tems
1434 399 1466 428 de
1480 398 1539 427 leur
1553 399 1639 428 bonne
1651 400 1781 430 condmte.
2294 400 2331 428 44
2349 397 2416 420 5¹¹1·-

0 466 36 494 tg·
2296 435 2354 466 Reg.

0 830 64 862 nnn.
72 826 115 858 D.

9 868 94 899 1602.

0 913 44 936 ’at
58 916 96 943 44

0 947 53 974 zliz.
73 952 99 982 p.

0 995 16 1013 i.
33 993 97 1020 m.9.

7 3068 117 3102 ‘va

9 3121 73 3149 451-

165 490 269 521 Geven
297 494 324 518 at
347 484 398 516 her
420 483 578 522 Maiestie's
599 485 723 514 Mannor
743 480 780 521 of
792 479 950 512 Grenewich
972 479 1019 510 the
1046 488 1107 510 two
1130 480 1184 511 and

127 526 274 561 twentieth
284 525 349 563 Day
365 523 402 555 of
407 522 484 562 June
497 523 527 553 in
539 523 589 554 the
603 522 674 553 xliv.
689 521 764 552 Yere
776 521 813 551 of
822 521 873 550 her
891 519 1026 557 Highnes
1041 517 1164 558 Raigne.

672 599 726 627 Per
739 596 824 636 ipsbm
841 598 979 634 Reginam.

255 730 313 763 Pro
334 727 380 761 W
379 724 500 759 illielmo
526 726 614 769 Seger
637 721 752 765 Norrey
779 722 856 766 Rege
879 723 1060 758 Armorum,

184 812 326 847 Lizabeth
336 836 345 851 ,
360 812 412 843 &c
437 808 590 844 omnibus,
606 805 640 836 ad
660 816 748 844 quos,
764 805 825 836 &c.
842 804 979 837 Salutem.

130 817 176 874 E
232 853 331 885 Sciatis
355 849 450 888 ςυὸά,
467 847 536 877 cum
557 855 615 875 non
631 844 663 874 fit
679 853 790 875 novum
806 852 854 874 aut
870 854 1013 883 vacuum,
1032 846 1078 877 sed
1095 858 1192 882 neces-

134 896 237 926 sarium
257 894 290 926 ὃς
303 890 394 929 *digne
413 884 566 924 antiquitus
582 882 712 926 usitatum
723 905 732 921 ,
749 885 820 913 inter
837 890 956 914 caeteros
974 884 1141 918 Officiarios
1161 891 1195 922 &

138 933 307 968 Ministros‚
325 936 397 966 quos
418 924 587 961 Principum
604 921 732 952 lateribus
750 931 803 965 pro
824 930 925 964 eorum
943 920 1145 958 Munificentia
1158 930 1192 959 ὃς

132 973 236 1004 Gloria
254 970 391 1000 adhaerere
404 964 526 1000 decent,
542 968 648 1004 eorum
657 960 826 999 praesertim,
846 960 948 997 quibus
963 961 1065 993 Officii
1079 965 1151 994 Arm
1158 975 1193 996 o-

133 1021 200 1043 rum
223 1008 300 1040 Cura
321 1003 533 1037 committitur,
557 997 684 1036 copiam
707 998 809 1029 habere
832 998 932 1035 liceat,
958 1009 990 1030 ut
1007 1011 1062 1032 nec
1082 1012 1195 1041 tempus

133 1050 279 1082 Bellorum
302 1050 395 1080 neque
417 1040 500 1072 Pacis
522 1036 625 1076 absque
645 1037 882 1068 convenientibus
901 1038 936 1069 &
955 1040 1026 1078 aptis
1051 1040 1196 1073 Ministris

132 1086 274 1130 praeterire
283 1081 399 1118 debeat;
464 1116 470 1122 .
594 1116 603 1124 x
967 1117 972 1122 1

169 1124 285 1156 Idcirco
299 1127 403 1151 notum
416 1117 537 1148 facimus
550 1114 649 1153 quod,
665 1124 725 1145 non
741 1114 838 1145 solum
854 1123 889 1144 ex
903 1115 1095 1153 plurimorum
1109 1118 1192 1150 Fide-

132 1165 202 1196 lium
222 1160 388 1192 nostrorum
401 1156 502 1195 quibus
517 1155 549 1185 in
561 1163 593 1184 ea
607 1162 683 1190 parte
697 1152 784 1184 fidem
802 1153 954 1190 plenariam
967 1156 1130 1188 adhibemus
1149 1168 1192 1188 re-

131 1205 188 1235 latu
199 1224 208 1239 ‚
225 1199 329 1231 verum
349 1198 433 1228 etiam
454 1203 503 1233 per
526 1192 637 1223 Rerum
652 1191 794 1235 gestarum
810 1191 1020 1231 Experientiam
1037 1205 1122 1234 quam
1143 1206 1196 1227 nos

129 1241 182 1279 ipsi
198 1240 355 1273 habemus,
371 1236 408 1265 de
423 1233 446 1263 F
448 1232 568 1263 idelitate
585 1230 853 1269 circumspectione
866 1230 1005 1264 Industria
1017 1243 1103 1272 atque
1118 1236 1194 1267 bona

132 1279 306 1318 Diligentia,
323 1273 420 1306 dilecti
438 1271 592 1302 servientis
611 1270 719 1308 nostri,
740 1271 782 1299 W
780 1268 883 1300 illielmi
894 1275 991 1310 Seger,
1009 1274 1073 1303 alias
1085 1276 1192 1303 Samer-

126 1319 187 1359 fitt
222 1317 263 1347 ob
285 1314 471 1354 sagacitatem
494 1312 528 1342 &
543 1309 695 1339 Solertiam
718 1318 786 1346 quas
810 1310 840 1338 iii
856 1319 892 1339 eo
906 1310 968 1340 satis
983 1313 1135 1348 reperimus
1149 1323 1196 1343 ex-

156 1341 273 1394 lor'atas3
291 1349 551 1387 considerantesque
569 1347 694 1387 ejusdem
717 1345 859 1391 Wilsielmi
880 1351 1044 1381 continuata
1057 1350 1174 1383 Servitia
1188 1375 1197 1390 ‚

133 1368 261 1427 Kaunere
291 1392 397 1422 merito
425 1389 453 1419 id
477 1387 611 1425 poscente
627 1410 637 1425 ,
669 1386 762 1423 ipsum
782 1396 811 1416 in
834 1386 948 1426 Regem
972 1387 1130 1420 Armorum
1161 1392 1194 1422 &

135 1431 329 1470 Principalem
347 1427 511 1460 Heraldum
527 1425 654 1456 Partium
671 1425 831 1455 Borealium
847 1424 947 1463 Regni
962 1427 1050 1457 nostri
1069 1429 1197 1467 Anghae,

134 1482 169 1504 ex
186 1470 286 1502 Gratia
308 1468 405 1501 nostra
424 1465 536 1503 speciali
558 1465 593 1496 &
610 1473 643 1493 ex
656 1471 732 1507 certa
751 1462 876 1494 Scientia
890 1466 924 1495 ὃς
942 1475 1024 1496 mero
1041 1466 1129 1510 Motu
1144 1478 1196 1498 no-

135 1511 212 1550 stris,
230 1508 369 1541 ereximus
390 1506 514 1536 fecimus
534 1501 949 1545 constituimus-ordinavimus
970 1505 1004 1534 &
1018 1507 1178 1537 creavimus
1189 1530 1198 1545 ,

133 1560 168 1581 ac
190 1557 240 1588 per
254 1546 423 1582 Praesentes,
442 1553 497 1580 pro
515 1542 614 1572 Nobis
631 1539 806 1585 Haeredibus
820 1551 853 1572 ac
867 1541 1081 1573 Succefforibus
1096 1545 1198 1575 nostris

132 1589 265 1626 erigimus
284 1585 406 1616 facimus
420 1582 585 1612 ordinamus
597 1579 796 1609 constituimus
811 1581 845 1610 δε
859 1590 1002 1619 creamus,
1021 1583 1054 1612 ὅ(
1071 1582 1196 1614 Nomen

132 1628 158 1657 ei
172 1624 356 1662 imposuimus
370 1623 403 1654 ὅ(
415 1630 465 1659 per
480 1619 631 1650 Praesentes
645 1618 823 1655 imponimus
838 1620 962 1658 Norrey,
994 1621 1086 1658 Qrod
1097 1644 1106 1657 ,
1125 1631 1194 1652 cum

131 1665 205 1697 Stilo
224 1662 327 1695 Titulo
350 1660 492 1691 Libertate
506 1657 540 1688 ὅτ
557 1656 803 1699 Praeheminentiis
817 1657 978 1694 hujusmodi
993 1658 1107 1689 Officio
1122 1669 1196 1689 con-

132 1702 311 1736 venientibus
329 1701 364 1732 &
388 1696 584 1733 concordatis,
602 1695 636 1725 &
652 1696 689 1725 ab
699 1703 819 1733 antiquo
833 1696 994 1734 consuetis,
1007 1698 1101 1729 eidem
1118 1698 1196 1728 Wil.

132 1741 222 1774 Iielmo
242 1739 345 1771 damus
364 1738 398 1770 δε
411 1735 615 1771 concedimus,
633 1743 666 1764 ac
679 1732 769 1772 ipsum
786 1735 816 1763 in
831 1734 934 1764 eisdem
949 1736 1057 1766 realiter
1072 1746 1197 1768 corona-

133 1783 228 1813 vimus
240 1780 274 1810 &
287 1776 485 1809 investivimus
497 1782 671 1805 coronamus
685 1774 719 1804 &
735 1772 903 1804 investimus
918 1783 967 1811 per
983 1773 1152 1814 Praesente53

169 1816 350 1850 Habendum
363 1813 550 1855 gaudendum
571 1811 776 1850 occupandum
794 1812 827 1842 &
844 1813 1036 1843 exercendum
1052 1812 1198 1845 Officium

132 1854 220 1896 iliud,
246 1866 281 1887 ac
305 1854 431 1890 Nomen
449 1852 553 1884 stilum
573 1851 708 1883 Titulum
729 1851 764 1882 &
788 1850 1042 1883 Praeheminentias
1060 1853 1194 1890 praedieta

133 1896 228 1929 eidem
253 1892 401 1926 Willielmo
417 1901 471 1932 pro
491 1890 638 1922 Termino
659 1889 736 1920 Vitae
759 1889 833 1929 suae,
849 1900 920 1921 curn
935 1891 1198 1929 omnibusJutibus

132 1934 273 1966 Proficuis
290 1930 560 1963 commoditatibus
579 1929 614 1960 &
634 1926 846 1959 Emolumentis
861 1930 1090 1968 quibuscumque
1105 1930 1198 1961 eidem

131 1973 249 2005 Officio
264 1971 509 2010 qualitercumque
523 1966 714 2006 spectantibus
726 1967 759 1998 &
776 1968 980 2006 pertinentibus
994 1978 1001 1997 ι

173 2012 282 2043 Dantes
300 2009 471 2047 ulterius‚&
486 2016 535 2046 per
549 2014 679 2037 tenorem
694 2004 879 2037 Praesentium
895 2007 1087 2037 concedentes
1103 2007 1198 2039 eidem

134 2048 242 2090 Norrey
263 2048 473 2079 Austoritatem
493 2044 668 2076 Potestatem
692 2043 726 2074 &
750 2045 916 2075 Licentiam
941 2045 1047 2076 Literas
1072 2045 1199 2077 patentes

136 2090 298 2122 Armorum
322 2085 414 2116 Claris
433 2084 508 2115 Viris
526 2083 668 2120 donandi,
685 2080 840 2114 secundum
855 2083 1056 2116 Ordinationes
1073 2094 1121 2124 per
1136 2085 1199 2116 Co-

136 2130 220 2159 mites
241 2125 436 2157 Matischallos
455 2133 545 2160 nuper
571 2120 758 2161 praescriptas,
777 2124 810 2153 ὃ(
831 2131 902 2153 curn
926 2132 1028 2155 eorum
1046 2123 1203 2162 consensu;

135 2177 171 2198 ac
195 2173 297 2196 caetera
317 2165 414 2194 omnia
434 2164 467 2194 &
493 2161 598 2199 singula
613 2170 677 2197 quae
696 2161 777 2191 dieto
791 2162 967 2192 incumbunt
981 2162 1096 2193 Officio
1112 2163 1202 2200 Regis

138 2206 297 2237 Armorum
320 2202 376 2233 five
397 2199 509 2232 necesse
527 2199 730 2237 dignoscuntur
744 2200 772 2229 in
786 2199 854 2238 Jure
872 2200 919 2230 vel
935 2209 970 2230 ex
985 2200 1201 2232 Consuetudine

137 2243 314 2283 temporibus
330 2238 490 2276 retroactis,
506 2237 630 2268 faciendi
644 2238 792 2269 exercendi
811 2240 844 2270 &
857 2239 1011 2277 exequendi
1025 2249 1032 2269 2
1059 2240 1120 2279 Qii
1140 2242 1203 2278 qui-

137 2283 207 2313 dem
230 2283 336 2318 Norrey
357 2279 390 2309 ad
408 2278 487 2308 hunc
504 2277 634 2314 Statum,
653 2275 753 2306 Nobis
772 2277 971 2317 praesentibus,
986 2280 1123 2309 omnibus
1145 2281 1204 2310 aliis

136 2320 268 2358 Regibus
288 2320 320 2349 &
344 2317 470 2348 Heraldis
492 2326 524 2346 ac
548 2316 764 2354 quamplurimis
786 2315 969 2355 Magnatibus
990 2318 1022 2347 ὅτ.
1045 2317 1206 2356 Fidedignis

138 2360 235 2397 Regni
262 2357 348 2387 nostri
375 2356 486 2394 Angiiae
501 2355 664 2392 praedffitae,
679 2362 747 2385 tunc
760 2364 860 2386 coram
877 2356 960 2385 nobis
975 2356 1155 2392 praesentibus
1170 2359 1203 2388 ὅτ

139 2397 293 2442 specialiter
315 2405 364 2433 per
380 2404 431 2424 nos
452 2395 486 2424 ad
503 2393 562 2423 hoc
576 2393 701 2430 vocatis,
718 2393 849 2423 adhibitis
866 2394 898 2424 &
913 2393 1094 2432 solempniter
1110 2397 1206 2432 requi-

141 2438 199 2468 iitis
223 2436 256 2467 &
279 2433 436 2470 consuetis,
459 2433 538 2469 super
559 2431 662 2462 Sancta
687 2430 748 2462 Dei
767 2431 923 2471 Evangelia
941 2432 1086 2470 solempne
1106 2433 1206 2464 Nobis

144 2474 274 2514 praestitit
294 2473 508 2504 Sacramentum
527 2480 533 2499 :

181 2512 325 2544 Dedimus
338 2512 396 2541 insu
418 2521 447 2541 er
462 2511 494 2541 ὃς
508 2507 718 2546 concessimus,
735 2517 767 2539 ac
784 2517 832 2546 per
846 2508 1018 2547 praesentes,
1036 2518 1089 2548 pro
1108 2510 1208 2541 Nobis

143 2549 319 2584 Haeredibus
341 2551 374 2580 &
396 2570 401 2578 .
418 2548 608 2580 uccefl‘oribus
632 2547 733 2577 nostris
752 2547 851 2578 damus
865 2549 898 2580 &
912 2547 1100 2578 concedimus
1114 2549 1208 2579 eidem

145 2593 189 2622 W
189 2589 316 2626 ilhelmo,
331 2589 347 2618 ὲ
368 2588 469 2618 Nobis
496 2586 568 2625 Regi
591 2587 751 2616 Armorum
772 2588 806 2618 &
829 2586 978 2623 Principali
998 2585 1124 2618 Heraldo
1141 2587 1210 2617 Par-

142 2629 218 2661 tium
238 2627 415 2662 Borealium,
434 2635 465 2657 ut
484 2628 646 2662 praefertur,
665 2625 779 2662 erecto,
799 2627 906 2662 Viginti
928 2624 1031 2654 Libras
1054 2625 1209 2664 Sterli'ngo-

142 2678 209 2700 rum
231 2677 279 2706 per
303 2665 423 2696 Annum
448 2665 557 2694 ratione
583 2665 616 2695 &
634 2663 717 2694 causa
738 2663 860 2699 ejusdem
878 2662 1002 2701 Officii,
1018 2665 1210 2701 percipiendas

143 2707 236 2738 eidem
263 2703 412 2735 Willielmo
435 2703 449 2733 a
478 2702 564 2733 Festo
594 2702 694 2732 Sanco
722 2701 879 2734 Michaelis
902 2701 1080 2739 Archangeli
1103 2703 1209 2734 ultimo

145 2743 306 2783 praeterito,
322 2742 466 2773 annuatim
482 2741 514 2771 ὃς
529 2740 642 2779 singulis
655 2740 762 2779 Annis,
780 2741 899 2771 durante
916 2740 983 2771 Vita
996 2741 1057 2777 suti,
1076 2741 1111 2771 de
1125 2741 1208 2772 The-

146 2784 226 2814 ihuro
240 2782 339 2812 nostro
352 2778 512 2811 Haeredum
527 2781 560 2812 &
577 2778 780 2810 Succefforum
796 2779 959 2810 nostrorum
969 2803 978 2817 ,
997 2780 1031 2810 ad
1048 2779 1210 2818 Receptam

147 2821 288 2854 Scaccarii
310 2818 401 2850 nostri
424 2818 584 2848 Haeredum
605 2819 638 2849 &
652 2817 857 2850 Successorum
876 2818 1060 2857 nostrorum,
1077 2829 1128 2858 per
1144 2820 1211 2849 Ma-

149 2870 199 2890 nus
212 2858 392 2889 Thesaurarii
407 2857 441 2887 &
457 2856 688 2888 Camerariorum
706 2856 873 2888 nostrorum
887 2858 997 2888 ibidem
1014 2868 1065 2895 pro
1082 2866 1212 2896 tempore

150 2898 325 2929 existentium
339 2920 349 2933 ,
374 2896 409 2927 ad
433 2894 514 2926 Festa
536 2895 774 2926 Annunciationis
796 2896 889 2927 Beatae
912 2895 1014 2926 Mariae
1041 2895 1163 2936 Virginis
1181 2898 1214 2928 ὅς

150 2937 248 2968 Sancti
265 2934 419 2966 Michaelis
429 2933 600 2972 Archangeli
616 2935 703 2972 aequis
721 2935 923 2972 Portionibus;
940 2935 994 2965 unii
1009 2944 1081 2965 cum
1097 2938 1142 2966 tali
1163 2935 1213 2967 Li-

151 2975 278 3006 beratura
298 2974 331 3006 ὃ(
351 2972 486 3011 Vestura,
506 2973 579 3010 quali
593 2973 627 3004 &
643 2973 672 3003 in
688 2973 793 3003 eisdem
808 2972 897 3003 modo
912 2975 944 3004 ὃ(
959 2973 1054 3003 forma
1066 2983 1148 3011 prout
1165 2976 1215 3004 ali-

150 3015 212 3054 quis
233 3013 300 3044 alius
320 3011 387 3043 Rex
408 3011 569 3041 Armorum
590 3012 634 3040 seu
657 3011 798 3043 Heraldus
819 3020 952 3050 tempore
972 3012 1113 3042 Edwards
1127 3016 1213 3043 Tertii

151 3061 242 3090 nuper
255 3052 333 3088 Regis
351 3048 464 3086 Angliae
480 3049 671 3087 Progenitoris
686 3050 773 3080 nostri
784 3049 940 3089 existente,
959 3050 988 3080 in
1006 3050 1114 3089 Regno
1132 3055 1147 3069 ²*
1161 3062 1215 3082 no-

154 3091 216 3122 stro
233 3087 370 3128 praedieto
383 3087 484 3117 habuit
499 3087 532 3116 &
547 3089 690 3130 percepit,

192 3125 366 3160 Habendam
389 3127 423 3156 &
447 3124 659 3162 percipiendam
679 3126 872 3156 Liberaturam
893 3127 926 3157 &
949 3126 1097 3157 Vesturam
1120 3127 1221 3166 hujus2

154 3168 239 3201 modi
253 3165 345 3198 eidem
360 3162 509 3193 Willtelmo
526 3164 671 3194 annuatim
686 3172 740 3202 pro
753 3164 898 3195 Termino
915 3162 990 3195 Vitae
1004 3165 1074 3201 suae,
1093 3166 1128 3195 ad
1146 3166 1214 3197 Ma-

155 3216 246 3245 gnam
258 3203 456 3235 Garderobam
468 3200 592 3232 nostram
605 3201 765 3233 Haeredum
779 3203 812 3233 ὃς
821 3202 1025 3233 Succefforum
1041 3204 1217 3243 nostrorum,

155 3256 206 3285 per
236 3243 341 3275 Manus
362 3240 502 3271 Custodis
520 3239 642 3278 ejusdem
666 3240 846 3271 Garderobae
871 3240 976 3271 nostrae
1002 3241 1162 3273 Haeredum
1184 3245 1217 3275 ὃς

155 3282 360 3316 Succefforum
382 3279 546 3308 nostrorum
569 3288 623 3316 pro
644 3287 775 3316 tempore
797 3279 938 3310 existentis
953 3303 962 3318 ‚
989 3281 1083 3318 aliquo
1105 3281 1218 3312 Statuto

156 3322 237 3355 Acin
259 3318 448 3350 Ordinatione
470 3316 635 3347 Provilione
658 3317 886 3349 Proclamatione
909 3318 966 3349 sive
984 3319 1176 3350 Restriciione
1190 3322 1219 3351 in

158 3360 336 3394 contrarium
360 3355 428 3387 inde
447 3354 565 3386 antehac
589 3355 690 3387 habitis
708 3356 787 3387 factis
808 3357 888 3387 editis
902 3358 1036 3388 ordinatis
1052 3358 1107 3388 sive
1123 3361 1222 3399 provi-

158 3402 208 3437 ἧς,
223 3406 270 3429 aut
284 3395 377 3436 aliqua
390 3393 443 3425 alia
459 3393 506 3424 Re
518 3392 614 3425 Causa
628 3394 674 3427 vel
689 3394 812 3427 Materia
826 3406 1013 3435 quacunque,
1031 3407 1093 3428 non
1107 3398 1221 3429 obstan-

205 3446 249 3467 us:

158 3439 244 3507 tlon
259 3472 340 3514 quod
353 3470 478 3511 expresla
492 3470 620 3507 mentio,
635 3467 697 3502 διο.

197 3514 234 3546 In
254 3513 334 3552 cujus
351 3511 408 3549 rei,
428 3513 489 3542 &c.

1259 475 1364 519 Danu!
1386 474 1404 504 ἃ
1424 473 1454 504 Ia
1478 473 1590 513 Maifhn
1609 476 1641 504 de
1662 478 1698 505 Sa
1720 476 1841 516 Majcste‘
1855 478 1873 506 ἆ
1895 477 2071 511 Greenwich
2097 480 2121 511 le
2142 485 2224 519 vingt
2241 479 2281 517 &-

1226 512 1363 543 deuxteme
1376 514 1408 543 de
1419 513 1493 552 Juin
1506 513 1539 543 de
1551 512 1580 543 la
1593 522 1644 552 44.
1659 516 1743 544 anne‘e
1755 516 1792 544 du
1804 518 1891 552 Regae
1904 517 1936 546 de
1949 520 2001 547 Son
2016 519 2132 559 Alteffi’.

1796 590 1852 621 Per
1871 592 1955 630 ipsam
1970 592 2118 633 Reginam.

1226 721 1365 751 rationem
1385 721 1468 753 nobis
1486 720 1563 752 haud
1590 720 1766 759 improbari;
1801 719 1858 750 Cui
1880 721 1995 759 quidem
2020 725 2219 763 prosequendae
2246 731 2283 761 im

1226 759 1411 790 insistendum
1425 762 1603 798 cuperimus,
1623 769 1669 797 ut,
1686 760 1936 797 congredientibus
1949 762 2042 791 saltem
2059 763 2182 803 Legatis,
2201 777 2285 806 expe-

1226 799 1316 829 <status
1338 798 1406 829 inde
1421 798 1529 830 fructus
1541 809 1600 829 non
1614 798 1694 829 facile
1707 798 1867 828 intercidat:
1889 802 1905 827 e
1922 798 2107 839 Civitatibus,
2127 813 2191 840 quas
2208 805 2286 837 Lite-

1228 837 1264 866 ris
1285 837 1338 867 suis
1359 846 1586 875 commemorat,
1605 838 1707 866 Brema
1727 837 1836 868 caeteris
1850 836 1886 866 ad
1900 836 2092 876 Congreli'um
2109 840 2186 872 hunc
2200 853 2288 882 opor-

1228 876 1326 905 tunior
1346 876 1428 906 nobis
1446 876 1579 913 videtur;
1599 884 1685 914 utque
1700 875 1759 913 plus
1772 876 1907 912 temporis
1920 885 1987 906 ante
2002 877 2087 906 altum
2096 877 2235 910 Hiemem
2251 884 2285 913 ad

1232 913 1346 943 Rerum
1366 914 1580 945 Tractationem
1601 914 1740 952 suppetat,
1758 914 1792 944 ad
1809 912 1963 954 vigesimum
1980 919 2102 955 quintum
2120 919 2288 958 septembris,

1232 950 1389 990 Colloquio
1403 953 1516 983 initium
1531 952 1589 982 dari
1605 952 1810 983 Commodum
1823 951 1885 982 fore
1898 954 2086 991 arbitramur-3
2111 954 2201 992 Cujus
2217 960 2288 989 vero

1231 989 1419 1021 Conditionis
1442 991 1589 1021 Homines
1611 991 1677 1021 inde
1699 991 1829 1021 mittendi
1849 991 1952 1022 fuerint
1971 1014 1981 1030 ,
2003 995 2152 1023 Serenitati
2176 994 2292 1034 vestrae,

1231 1029 1278 1059 cui
1298 1029 1397 1066 Regni
1418 1028 1459 1059 sui
1481 1030 1600 1059 rationes
1624 1028 1774 1060 notiffimae
1796 1029 1876 1067 sunt,
1890 1031 1999 1067 integre
2012 1032 2213 1071 relinquimur,
2232 1043 2292 1065 tan<

1231 1069 1297 1097 tum
1320 1069 1390 1098 vero
1411 1068 1596 1099 neceffariurn
1619 1068 1679 1098 fore
1697 1069 1881 1106 arbitramur,
1901 1078 1932 1099 ut
1953 1071 2000 1107 qui
2015 1069 2176 1108 defignandi
2192 1072 2295 1104 fuerint

1231 1105 1425 1143 Hispanorum
1441 1105 1627 1136 Faetionibus
1645 1116 1820 1145 nequaquam
1833 1107 1954 1145 addicti,
1972 1108 2112 1145 ejusmodi
2127 1111 2223 1148 enim,
2240 1112 2295 1142 ini-

1231 1144 1293 1213 Ruis
1313 1144 1390 1175 hisce
1414 1145 1607 1183 temporibus,
1625 1144 1724 1183 passim
1741 1146 1933 1184 reperiuntur,
1953 1155 2062 1177 mutuae
2080 1148 2226 1179 Amicitiae
2242 1160 2295 1180 no-

1259 1192 1296 1212 rae
1313 1182 1447 1221 Pacisque
1462 1184 1582 1220 publicae
1597 1183 1707 1213 studioli
1724 1184 1792 1213 recti
1808 1184 1935 1222 bonique
1952 1185 2050 1215 sinceri
2062 1186 2222 1226 Amatores,
2233 1187 2294 1218 Re-

1232 1230 1353 1259 rumque
1374 1223 1543 1260 experientia
1569 1222 1678 1258 praediti
1695 1221 1747 1252 lint
1758 1244 1768 1259 ‚
1785 1230 1867 1261 atque
1882 1223 1915 1253 ad
1930 1233 1971 1254 res
1984 1223 2173 1263 definiendas,
2188 1235 2221 1256 ex
2238 1225 2296 1257 ho*

1232 1259 1305 1290 nesti
1325 1262 1419 1298 potius
1436 1261 1524 1298 quam
1541 1261 1663 1290 utilitatis
1679 1260 1844 1298 quaestuosae
1861 1260 1986 1299 Legibus
1995 1261 2064 1301 Jure
2079 1263 2219 1295 Gentium
2235 1275 2296 1296 me-

1232 1298 1348 1336 tiendis,
1374 1299 1456 1335 plena
1481 1299 1658 1329 Audioritate
1683 1298 1813 1329 instrudiei
1836 1300 1999 1337 accedant3
2023 1301 2062 1331 illi
2081 1305 2151 1333 vero
2179 1302 2297 1335 Gener-e

1233 1337 1337 1368 merito
1356 1338 1493 1377 titulisque
1510 1347 1569 1376 quo
1588 1337 1744 1367 nobiliores
1761 1336 1882 1375 fuerint,
1900 1348 1948 1369 eos
1972 1339 2031 1376 plus
2051 1343 2189 1373 momenti
2207 1342 2240 1373 ad
2257 1353 2298 1373 res

1234 1376 1311 1406 reete
1331 1375 1542 1407 constituendas
1565 1374 1703 1414 afferent,
1721 1376 1814 1406 nostra
1830 1376 1951 1415 quidem
1962 1388 1994 1408 ex
2010 1388 2085 1418 parte
2104 1381 2159 1418 jam
2177 1383 2249 1418 prius
2263 1381 2298 1412 ad

1237 1413 1427 1444 Conventum
1451 1413 1630 1454 Embdenft’m
1648 1423 1737 1444 unum
1757 1415 1874 1453 quidem
1888 1425 1922 1445 ex
1936 1416 2085 1448 Senatorio
2101 1419 2195 1457 Regni
2209 1419 2300 1450 Ordi-

1235 1462 1290 1490 ne,
1308 1453 1366 1483 aliis
1389 1454 1533 1484 nonnullis
1552 1452 1629 1483 haud
1651 1452 1780 1484 obscuris
1792 1463 1838 1484 aut
1854 1454 2026 1492 ignobilibuz
2041 1452 2194 1496 adjuntffis,
2211 1458 2297 1488 desti-

1236 1501 1421 1530 naveramus3
1435 1502 1508 1531 quos
1526 1493 1641 1531 quidem
1663 1501 1723 1521 non
1740 1491 1774 1522 ad
1788 1492 1969 1522 Privatorum
1990 1493 2120 1526 Lucrum
2135 1497 2178 1526 sed
2195 1497 2227 1527 ad
2248 1507 2301 1534 pu-

1238 1530 1306 1559 blici
1322 1529 1453 1560 Honoris
1469 1541 1501 1561 ac
1514 1530 1636 1568 justitiae
1653 1532 1774 1560 rationes
1790 1531 1835 1562 sua
1852 1530 1950 1561 Studia
1965 1539 2046 1570 atque
2062 1533 2185 1565 Consilia
2200 1537 2299 1567 omnia

1235 1568 1360 1604 dirigere
1382 1568 1487 1606 solere,
1503 1569 1597 1599 multis
1617 1570 1816 1606 experimentis
1839 1569 1899 1600 satis
1921 1571 2082 1609 novimus3
2106 1574 2139 1605 ὃς
2162 1574 2195 1603 ad
2221 1584 2299 1605 nunc

1233 1616 1350 1644 quoque
1370 1608 1531 1638 institutum
1554 1606 1745 1645 Colloquium
1762 1618 1810 1638 eos
1826 1608 1988 1646 mittemus,
2007 1610 2055 1648 qui
2074 1611 2211 1647 praeclaris
2225 1614 2300 1649 opti-

1239 1655 1296 1674 mae
1317 1645 1535 1677 existimationis
1553 1647 1726 1676 ornamentis
1741 1647 1776 1678 ὃς
1794 1646 1916 1677 Generis
1936 1649 1988 1685 (ut
2003 1649 2102 1685 cupit)
2122 1649 2302 1689 Nobilitate,

1234 1683 1371 1722 plenaque
1393 1684 1430 1714 ad
1451 1695 1492 1714 res
1511 1683 1693 1724 transigendas
1710 1684 1910 1717 Audthoritate
1925 1685 2020 1716 nostra
2034 1687 2232 1727 instituentur,
2251 1691 2301 1729 qui

1234 1722 1254 1752 fi
1269 1721 1429 1753 Ventorum
1445 1731 1555 1755 tantum
1569 1723 1716 1753 notiffimo
1729 1722 1854 1762 repulsu,
1870 1724 1904 1754 ad
1918 1732 1977 1756 tem
2001 1735 2029 1755 us
2045 1736 2105 1758 non
2118 1728 2302 1767 accesserint,

1233 1770 1270 1791 ne
1283 1760 1369 1791 vestri
1382 1761 1415 1790 ad
1431 1762 1543 1793 dierum
1559 1770 1671 1792 tantum
1688 1772 1800 1792 moram
1814 1763 1851 1793 ita
1866 1763 1973 1794 conclu
1994 1772 2076 1795 entur
2086 1789 2094 1804 ,
2110 1768 2176 1803 quin
2192 1767 2209 1797 li
2225 1768 2301 1799 forte

1237 1800 1265 1829 in
1289 1799 1412 1829 eundem
1435 1800 1531 1832 saltem
1552 1800 1653 1830 locum
1669 1800 1755 1831 nostri
1768 1802 1973 1839 convenirent,
1992 1802 2187 1835 Tratftationis
2201 1806 2301 1837 ineun-

1237 1838 1282 1868 dae
1304 1838 1423 1869 liberalis
1443 1839 1558 1870 facultas
1575 1839 1762 1878 relinquitur,
1782 1840 1907 1870 maxime
1924 1841 2078 1881 vellemus,
2104 1843 2304 1876 Articulorum

1239 1879 1328 1916 porro
1341 1876 1378 1907 de
1392 1878 1493 1917 quibus
1509 1879 1653 1914 agendum
1669 1878 1755 1909 fuerit
1770 1876 1966 1916 Praescriptio,
1986 1880 2003 1909 ii
2018 1891 2080 1919 quae
2099 1883 2245 1914 necessaria
2258 1885 2306 1915 fo-

1238 1924 1279 1945 ret
1293 1938 1302 1953 ,
1328 1917 1384 1946 una
1409 1926 1480 1947 cum
1507 1917 1607 1948 Literis
1626 1926 1692 1954 quas
1711 1915 1860 1953 postremo
1881 1919 2042 1955 acecpimus
2060 1919 2151 1951 vestra
2175 1931 2209 1952 ex
2227 1932 2305 1960 parte

1239 1956 1388 1984 transmitti
1406 1955 1450 1985 illa
1468 1966 1545 1987 nunc
1560 1958 1726 1995 opportune
1744 1955 1886 1992 potuisset.

1283 1992 1351 2024 Nos
1371 1996 1461 2033 vero,
1479 2005 1550 2026 curn
1573 2004 1609 2024 co
1632 1994 1767 2031 Principe
1791 1994 1926 2033 Aeturae,
1944 1996 2024 2034 cujus
2043 1996 2155 2027 inclitus
2180 1998 2258 2029 Avus
2272 2009 2306 2030 ac

1238 2031 1342 2063 Parens
1355 2054 1365 2069 ‚
1390 2033 1477 2072 usque
1497 2033 1533 2064 ad
1555 2042 1717 2064 extremum
1737 2032 1810 2062 Vitae
1829 2033 1963 2070 Spiritum
1979 2057 1988 2071 ,
2011 2035 2170 2071 grarilsimis
2192 2037 2308 2068 Officiis

1238 2071 1421 2102 immobilem
1449 2073 1478 2101 in
1495 2071 1564 2102 Nos
1583 2072 1752 2103 Amicitiam
1774 2071 1864 2101 testari
1881 2082 2026 2110 nunquam
2043 2074 2178 2105 desierunt
2193 2098 2202 2113 ‚
2225 2086 2308 2114 atque

1238 2109 1292 2148 ipsi
1311 2109 1429 2141 Paterna
1448 2109 1570 2150 Vestigia
1589 2111 1695 2149 insequi
1714 2110 1855 2147 statuerit,
1876 2111 2019 2148 multaque
2038 2113 2154 2142 lubinde
2177 2123 2222 2144 aut
2245 2115 2307 2145 Mi-

1240 2148 1396 2179 nistrorum
1418 2157 1468 2180 aut
1492 2150 1614 2181 aliorum
1635 2148 1822 2180 Subditorum
1842 2150 1913 2180 vitio
1933 2149 2056 2181 incidant
2076 2161 2139 2189 quae
2162 2151 2309 2183 Offeniio-

1240 2196 1292 2216 nes
1308 2187 1388 2217 solito
1406 2187 1501 2218 multo
1520 2189 1695 2226 frequentius
1710 2188 1843 2225 utrinque
1863 2197 2074 2226 commovent,
2093 2191 2127 2219 ad
2146 2190 2310 2229 hujusmodi

1244 2225 1440 2257 incommoda
1464 2227 1649 2265 praecavenda
1671 2228 1777 2257 amicas
1800 2227 1920 2256 rationes
1946 2229 2017 2256 mire
2037 2236 2172 2265 quantum
2188 2232 2217 2259 in
2230 2232 2313 2261 nobis

1247 2264 1329 2295 fuerit
1347 2264 1481 2296 statutum
1501 2266 1660 2304 habemus,
1677 2266 1757 2305 quod
1773 2266 1897 2295 maxime
1913 2267 2031 2303 anziquis
2046 2267 2212 2298 Ponderibus
2228 2279 2310 2300 reco-

1243 2302 1431 2341 gnoscendis‚
1449 2312 1533 2342 atque
1552 2305 1628 2335 hisce
1643 2303 1821 2342 temporibus
1836 2304 2078 2344 accomodandis,
2094 2305 2150 2335 fieri
2167 2306 2246 2346 poffe
2262 2317 2312 2337 ve-

1245 2342 1359 2372 risimile
1378 2342 1506 2381 videtur,
1526 2344 1558 2374 ἃ
1580 2343 1709 2381 quamvis
1728 2342 1820 2380 priscis
1846 2343 2021 2380 temporibus
2034 2366 2043 2380 ‚
2072 2343 2155 2381 usque
2173 2345 2207 2375 ad
2230 2355 2314 2376 amo-

1245 2387 1309 2410 tum
1329 2380 1537 2419 christiernum‚
1557 2382 1663 2412 Siatuta
1687 2382 1716 2411 in
1741 2380 1877 2419 plerisque
1899 2390 1953 2410 tata
1978 2381 2148 2420 habeamus,
2174 2384 2189 2413 a
2207 2392 2311 2416 mutata

1247 2427 1342 2449 tamen
1360 2420 1460 2456 Regni
1478 2420 1549 2450 illius
1570 2420 1772 2456 Succcffione,
1791 2419 1863 2449 nihil
1887 2419 2014 2450 Foederis
2036 2420 2143 2451 robore
2157 2421 2314 2453 confirma-

1246 2466 1309 2488 tum
1332 2467 1426 2489 extare
1444 2459 1647 2498 intelligimus3
1665 2468 1735 2488 cum
1755 2461 1920 2488 serenitatis
1937 2457 2035 2495 vestrae
2058 2459 2213 2497 Progenies
2230 2462 2315 2491 nobis

1248 2506 1307 2526 non
1332 2498 1424 2528 minus
1450 2506 1525 2534 grata
1540 2498 1589 2535 sit,
1605 2498 1693 2537 quam
1709 2496 1789 2535 prisci
1806 2495 1901 2536 Reges
1916 2495 2022 2527 Daniae
2037 2497 2194 2536 Majoribus
2212 2500 2316 2531 nostris

1247 2535 1326 2565 fuere
1342 2559 1351 2574 ,
1379 2535 1478 2566 eadem
1497 2545 1614 2574 quoque
1630 2535 1775 2565 Amicitiae
1794 2534 1980 2566 Documenta
1999 2536 2027 2564 in
2049 2545 2184 2574 promptu
2200 2537 2314 2576 haberi,

1249 2574 1361 2611 utrique
1378 2573 1510 2604 nostrum
1529 2573 1724 2605 honorificum
1734 2576 1751 2592 ‘¹‘
1762 2572 1825 2603 fore
1840 2574 2027 2611 arbitramur,
2048 2585 2138 2613 neque
2146 2576 2221 2606 aliud
2232 2578 2313 2615 quip2.
2334 2584 2439 2612 11va

1247 2612 1324 2648 piam
1345 2612 1517 2650 Legatorum
1537 2612 1694 2643 Conventu
1709 2612 1823 2649 dignius
1838 2613 1941 2650 quam,
1958 2622 1988 2642 ut
2006 2622 2149 2651 perpetuae
2166 2613 2312 2647 Amicitiae
2327 2632 2393 2658 452„

1249 2650 1418 2689 Foederibus
1442 2651 1566 2682 stabilitis
1580 2674 1590 2689 ,
1612 2651 1802 2683 Subditorum
1818 2660 1934 2689 quoque
1958 2650 2149 2690 Gravarnina,
2167 2663 2231 2691 quae
2249 2654 2312 2686 sunt

1248 2687 1451 2719 Offeniionum
1471 2691 1584 2720 materia
1601 2712 1611 2729 ,
1636 2689 1715 2727 iustis
1741 2690 1775 2719 ὃς
1788 2712 1798 2727 ,
1823 2698 1962 2727 quantum
1988 2689 2048 2720 fieri
2066 2691 2160 2728 potest
2174 2714 2183 2729 ,
2207 2695 2317 2732 utrique

1249 2727 1378 2758 Coronae
1405 2727 1578 2759 Commodis
1602 2729 1759 2758 rationibus
1786 2728 1852 2757 inde
1878 2728 2033 2765 tollantur,
2058 2730 2093 2760 ad
2114 2740 2179 2767 quae
2198 2732 2315 2769 quidem

1250 2767 1330 2796 recte
1351 2766 1507 2803 praestanda
1524 2790 1534 2805 ,
1561 2769 1577 2798 a
1596 2767 1691 2797 Nobis
1709 2765 1894 2805 delignandos
1912 2766 1993 2803 plena
2015 2767 2197 2799 Authoritate
2216 2770 2318 2801 instru-

1251 2805 1314 2835 ctos
1327 2806 1544 2836 amandabimus
1554 2831 1562 2842 ,
1581 2806 1707 2836 maxime
1725 2805 1798 2835 curn
1810 2806 1949 2834 serenitas
1963 2804 2057 2845 vestra
2073 2807 2239 2844 polliceatur
2255 2819 2319 2847 quae

1250 2845 1306 2875 suae
1324 2846 1406 2879 partis
1425 2844 1506 2875 fuerit
1525 2845 1636 2883 integre
1654 2845 1679 2874 se
1698 2844 1890 2883 praestaturam
1909 2853 1915 2872 ε
1937 2843 1990 2881 Et,
2009 2845 2047 2874 ne
2065 2846 2134 2882 quid
2152 2848 2318 2877 omittamus

1253 2893 1318 2921 quae
1337 2884 1374 2913 ab
1392 2884 1474 2913 initio
1491 2884 1647 2914 Literarum
1666 2881 1820 2913 vestrarum
1835 2881 1946 2920 prolixe
1961 2882 2156 2920 deducuntur,
2174 2885 2267 2915 eaesse
2277 2888 2321 2916 vi-

1253 2923 1353 2952 demus
1371 2932 1400 2951 ut
1420 2923 1520 2959 majori
1539 2922 1641 2952 vestrae
1658 2921 1782 2959 indagini
1798 2920 1984 2958 subjicienda,
2003 2922 2094 2958 potius
2109 2922 2194 2960 qu‘am
2217 2924 2232 2953 {i
2249 2924 2320 2954 No-

1254 2962 1296 2991 bis
1314 2960 1373 2991 hoc
1392 2969 1522 2998 tempore
1537 2960 1709 2991 discutienda
1729 2959 1915 2997 arbitremur,
1932 2960 2009 2997 quod
2028 2968 2123 2989 autem
2143 2963 2322 2999 praecipuum

1253 2999 1310 3036 est,
1329 2998 1500 3030 Conventus
1516 2998 1677 3029 rec‘tiffimae
1697 2997 1861 3034 expediendi
1881 2997 2003 3027 rationes
2026 2998 2172 3036 diligenter
2190 3001 2322 3038 prosequi

1257 3038 1403 3067 statuimus
1421 3059 1430 3075 ,
1457 3038 1608 3075 eidemque
1626 3036 1773 3068 necessaria
1786 3059 1795 3074 ,
1820 3036 1872 3066 ubi
1889 3037 2036 3066 Serenitati
2061 3036 2159 3075 vtstrae
2185 3047 2241 3068 rata
2260 3039 2325 3070 haec

1253 3076 1310 3107 effe
1328 3076 1536 3114 acceperimus,
1562 3074 1679 3106 effectui
1697 3075 1909 3113 mandabimus5
1935 3074 2015 3112 quod
2031 3075 2172 3113 reliquum
2191 3076 2249 3115 est,
2269 3080 2322 3108 flo-

1255 3114 1410 3146 rentilsima
1426 3116 1526 3146 omnia
1542 3116 1558 3145 a
1575 3116 1636 3146 Deo
1653 3116 1763 3152 Optimo
1781 3115 1909 3143 Maximo
1927 3122 2084 3152 precamur.

1295 3190 1379 3221 Datue
1400 3192 1418 3222 ὲ
1436 3194 1519 3229 Regia
1539 3190 1630 3231 nostra
1648 3189 1869 3230 Grenewyfenfi,
1895 3190 2012 3221 decimo
2031 3191 2132 3228 quinto
2146 3189 2216 3229 Julii
2233 3191 2322 3222 Anno

1256 3230 1410 3260 millelimo
1428 3231 1656 3269 quingentesimo
1673 3229 1817 3268 secundo,
1844 3228 1941 3268 Regni
1958 3232 2028 3260 vero
2047 3229 2137 3260 nostri
2156 3230 2325 3269 quadragesi-

1259 3278 1312 3300 mo
1330 3277 1441 3308 quarto.

1321 3411 1416 3457 Super
1437 3407 1600 3444 Rebellione
1621 3411 1746 3444 Comitis
1764 3406 1899 3453 Effixiae‚
1923 3406 1958 3440 de
1975 3404 2258 3441 Pardonationibns.

1264 3504 1427 3576 REgina
1445 3506 1598 3543 omnibus,
1615 3504 1648 3535 ad
1666 3513 1754 3543 quos,
1772 3503 1833 3533 &c.
1853 3500 1988 3533 Salutem.
2345 3515 2420 3546 Arm.
2435 3515 2477 3545 D·

1391 3543 1473 3574 Cfim
1493 3554 1542 3581 per
1564 3543 1705 3581 quandam
1728 3540 1941 3584 inquisitionem
1955 3546 2068 3582 §aPtam
2081 3539 2156 3577 apud
2170 3538 2325 3584 Civitatem
2372 3553 2459 3584 1602·

1266 3581 1599 3615 westmonasteriensem
1629 3583 1659 3610 in
1677 3580 1829 3611 Comitatu
1848 3578 1943 3608 Midd.
1966 3585 1995 3605 m
2019 3577 2125 3616 Magna
2146 3579 2215 3609 Aula
2235 3578 2327 3610 Piaci-
2346 3597 2461 3630 Fufi..

198 3589 287 3622 Teste
306 3588 420 3628 Regina
438 3586 512 3627 aPUd
530 3583 812 3626 Wstmonasterium‚
828 3587 954 3619 “cundo
969 3586 1030 3619 Die
1045 3587 1121 3628 'Iuni‘
1267 3630 1366 3653 torum
1385 3622 1511 3658 ibidem,
1534 3620 1592 3650 Die
1612 3618 1713 3649 Martis
1731 3618 1847 3649 decimo
1865 3616 1984 3654 septimo
2004 3614 2062 3645 Die
2081 3616 2246 3656 Februarii,
2268 3618 2330 3648 An-

595 3665 651 3695 Per
665 3664 758 3693 Breve
771 3662 804 3692 de
818 3664 938 3694 Privato
954 3665 1055 3704 Sigillo.
1267 3670 1308 3691 no
1329 3659 1423 3698 Regni
1442 3659 1530 3689 nostri
1549 3657 1761 3702 quadragesimo
1779 3656 1882 3699 tertio,
1901 3662 2022 3698 coram,
2302 3695 2307 3699 ·
2348 3633 2421 3708 ξιῑί·

1307 3698 1444 3737 Johanne
1464 3696 1598 3736 Popham,
1624 3694 1720 3726 Milite
1740 3693 1861 3731 Capitali
1877 3691 2041 3731 Justiciario
2057 3693 2158 3724 nostro
2175 3694 2210 3725 ad
2229 3692 2336 3724 Placita
2352 3719 2388 3738 m·
2415 3717 2442 3744 9-

1269 3746 1368 3768 coram
1393 3737 1477 3766 nobis
1501 3734 1622 3766 tenenda
1644 3733 1804 3771 affignato,
1835 3740 1894 3761 uno
1917 3729 1954 3760 de
1977 3729 2095 3763 Privato
2119 3731 2259 3763 Concilio
2280 3742 2336 3763 no-

1271 3775 1332 3807 stro

1309 3797 1444 3852 JZhanne
1456 3811 1596 3849 Harbert,
1613 3809 1749 3842 Secundo
1770 3808 1927 3840 secretario
1944 3807 2060 3847 nostro,
2079 3809 2167 3840 altero
2184 3809 2220 3840 de
2238 3808 2337 3841 Priva-

1272 3859 1305 3883 to
1325 3852 1464 3882 Concilio
1482 3850 1598 3887 nostro,

1315 3890 1465 3920 Willielmo
1479 3891 1611 3924 Peryam,
1627 3885 1724 3916 Milite
1741 3886 1865 3923 Capitali
1883 3885 1992 3916 Batone
2011 3884 2151 3916 Scaccarii
2171 3886 2276 3924 nostri,

1308 3927 1447 3968 Franrifio
1462 3924 1588 3964 Gavitaefit,
1607 3935 1666 3968 uiro
1680 3924 1907 3962 Justiciariorum
1924 3923 2088 3954 nostrorum
2105 3924 2139 3954 ad
2159 3925 2266 3955 Placira
2287 3934 2338 3955 co·

28 3984 154 4012 nihl-Co„
177 3966 266 4026 CU
278 3967 315 3998 M
333 3972 479 4001 Serenitati
499 3970 597 4009 vestrae
614 3969 707 3999 visum
725 3968 805 3999 suerit
824 3969 897 3998 nulla
910 3969 960 3998 alia
975 3971 1018 4000 via
1033 3971 1136 4001 rectius
1146 3971 1233 4007 quam
1275 3977 1336 3998 ram
1354 3968 1435 3997 nobis
1450 3967 1569 3996 terrenda
1589 3965 1742 4001 aflignam,

27 4031 81 4052 ,07¹-
96 4026 159 4050 Nm,
247 4006 424 4054 Legatorum
445 4009 574 4047 utrinque
596 4008 828 4052 deputandorum
845 4007 1001 4037 Conventu
1030 4009 1155 4046 (sublatis
1175 4018 1235 4038 ran-
1312 4006 1414 4050 {homa
1433 4003 1601 4041 lValmeshy,
1620 4012 1679 4033 uno
1693 4001 1920 4040 justiciariorum
1936 3999 2101 4032 nostrorum
2119 4000 2155 4032 de
2174 4000 2273 4033 132an
2280 4024 2289 4038 ‚

32 4064 60 4088 Β,
76 4060 162 4098 5·s0¹·
178 4043 247 4074 dem
281 4045 508 4083 Controversiis)
537 4048 683 4086 pristinam
712 4047 879 4076 Amicitiam
907 4045 1031 4076 nostram
1057 4048 1234 4078 corroborari
1317 4044 1370 4081 ht,

35 4108 81 4127 ω.
180 4082 281 4121 polse,
306 4083 396 4121 deque
419 4083 574 4127 voluntate
593 4085 687 4115 nostra
713 4085 930 4122 ‹unmprimdm
954 4086 1055 4127 certior
1075 4085 1134 4115 fieri
1157 4095 1237 4126 pera·
1312 4078 1598 4123 Nicholaostloft’ley,
1617 4077 1714 4108 Milite
1728 4077 1896 4123 Justiciario
1914 4077 2030 4122 nostro,
2049 4087 2098 4115 per
2118 4076 2222 4121 Literas
2236 4074 2341 4105 nostras

181 4131 288 4154 manter
308 4130 400 4160 petat,
415 4121 510 4154 eidem
523 4123 663 4157 benevole
680 4123 892 4163 lignificandum
907 4123 1059 4162 duximus,
1074 4135 1136 4156 earn
1152 4126 1239 4162 ipiam
1278 4120 1410 4154 Patentes
1430 4128 1485 4157 eis,
1501 4122 1534 4150 oc
1550 4119 1618 4155 alnS,
1635 4118 1668 4149 ὃς
1687 4119 1913 4156 quibulcumque
1930 4118 2020 4148 tribus
2037 4117 2083 4148 vel
2101 4116 2226 4153 pluribus
2241 4121 2345 4181 eofflcrirg

476 3809 590 3854 Regina
615 3804 659 3837 ad
679 3808 785 3852 Regem
805 3808 920 3839 Daniae.

275 3892 435 3933 Sereniffime
449 3894 573 3932 Princeps
587 3895 686 3921 Frater
700 3891 738 3928 &
753 3891 951 3930 Coaisanguinee
964 3892 1128 3934 charissime,
