2557 4279
745 151 858 200 ET
938 150 1208 200 ACTA

1291 153 1772 209 Pontica,
2280 192 2340 239 39

34 242 156 286 Aan-
173 256 236 285 me,
253 256 316 278 wee
333 236 389 276 doe
403 234 448 284 pla
467 244 530 285 nely
545 244 669 276 discerne
686 246 723 289 in,
740 255 798 290 oui·-
812 237 942 290 Prineely
960 244 1140 291 Providence
1155 245 1228 289 that,
1264 245 1333 291 deat
1348 247 1383 276 du
1396 234 1598 295 huzadfqu'il
1613 250 1676 289 n'est
1684 261 1735 290 pas
1749 264 1784 281 au
1794 258 1907 296 pozissvoir
1922 242 1953 285 ele
1966 256 2071 303 l'effarit
2085 257 2197 288 humain
2217 260 2249 288 de
2256 262 2319 299 pre.
2352 258 2430 289 Ann.
2445 259 2486 292 D.

51 288 133 321 1618,
174 295 272 323 uppon
299 293 382 322 many
408 293 441 314 ca
452 284 495 313 ual
520 285 628 315 Events
651 284 763 321 (which
790 293 813 315 it
838 284 885 314 lies
905 293 963 315 ·not
987 295 1017 314 in
1043 284 1090 314 the
1106 284 1174 315 Wit
1200 283 1239 313 of
1265 286 1339 320 των)
1358 292 1479 322 pourrmt
1494 296 1657 326 sattrouper
1680 290 1930 330 tumultueusement
1948 319 1957 330 ,
1976 305 2014 328 ey
2026 308 2076 334 que
2088 296 2115 325 ia
2133 297 2261 335 Populace
2272 301 2317 328 des
2369 299 2456 328 1618.

33 327 161 366 1⁶Jac.i.
175 323 247 354 Man
273 331 304 354 to
322 322 437 359 foresee)
458 321 566 361 People
585 331 649 361 may
665 333 755 353 mune
776 323 806 352 in
823 322 976 360 Tempests
993 323 1123 361 together
1136 345 1146 360 ,
1171 321 1226 352 and

172 362 222 393 the
240 361 377 392 Scumme
394 362 428 389 or
444 360 494 391 the
509 361 652 392 Suburbes
669 370 733 400 may
746 361 833 400 joyne
847 370 879 391 to
893 363 942 392 the
955 361 1056 392 Youth
1068 361 1122 391 and
1139 361 1226 391 Pren-

171 401 232 431 tises
250 399 287 430 of
300 399 349 430 the
367 397 454 429 Cittie
472 422 482 436 ,
505 399 561 430 and
580 399 720 437 proceede
737 400 814 430 from
834 399 857 430 F
860 409 908 439 ury
926 407 958 431 to
976 399 1102 438 Piliage,
1116 399 1170 430 and
1188 398 1227 428 fill

171 438 206 471 all
223 438 335 477 thinges
350 437 421 467 with
442 437 583 469 Mischief
595 437 649 468 and
669 437 875 469 Combustion.

206 475 364 507 Wherfore
382 486 429 506 we
444 476 502 507 doe
520 476 666 515 streightly
683 477 786 515 charge
804 477 858 506 and
879 475 1035 506 command
1060 475 1095 506 all
1114 475 1162 506 the
1180 473 1228 505 In-

170 515 310 546 habi'tants
327 515 364 544 of
377 525 446 545 oure
466 514 543 547 Citie
561 516 597 546 of
611 515 735 545 London
752 513 806 544 and
824 515 861 544 of
880 515 929 544 the
946 514 1082 544 Liberties
1099 514 1226 552 thereof‚

167 552 222 583 and
239 552 313 583 alsoe
331 552 367 583 of
381 553 430 583 the
447 553 591 585 Suburbes
608 553 663 583 and
679 552 817 583 Confines
834 552 872 582 of
881 553 930 582 the
944 552 996 582 said
1017 551 1106 582 Cittie
1120 575 1130 590 ,
1148 553 1226 590 that,

167 600 266 630 uppon
285 600 342 621 noe
359 592 501 622 Occafion
516 615 526 630 ,
546 590 695 631 Qiarrell,
713 591 806 635 Injury
824 600 858 620 or
876 589 1071 634 Proyocation
1087 591 1226 621 whatsoe-

165 628 993 711 sssshteh'flifffuiisisse‘ffbsssshissi‘i‘liff'ihiesseffessugiifflfissil?
999 630 1225 710 ,maffl‘eln’ql'llg

165 705 234 745 they
259 707 410 738 otherwise
434 707 513 745 doe,
539 716 600 738 wee
622 705 690 735 ssiali
715 707 753 743 by
770 705 859 736 theise
877 714 1025 736 mutinous
1042 706 1095 736 and
1115 707 1224 736 furious

164 743 375 776 Commotions
399 745 455 775 and
479 745 681 775 Insurreffions
704 745 741 774 of
755 744 862 782 People
885 745 922 774 be
940 743 1038 774 forced
1057 752 1088 774 to
1106 745 1146 774 do
1165 745 1224 775 that

164 783 265 814 which
284 794 347 815 wee
364 783 472 815 seldom
487 782 544 812 doe
559 783 624 821 (and
644 782 695 812 but
713 783 741 812 in
757 783 815 813 case
833 782 930 814 where
948 781 1087 813 ordinarie
1112 782 1223 821 Justice

163 821 263 859 would⁴
279 830 365 852 come
383 830 433 852 too
451 822 504 851 late
521 831 555 851 or
575 829 626 851 too
646 819 735 856 (hort)
755 821 813 850 that
831 822 854 851 is
867 842 877 858 ‚
899 828 932 851 to
957 821 1135 851 commaund
1163 821 1223 852 that

164 859 213 890 the
237 859 393 891 Offenders
415 860 452 889 be
474 859 610 889 executed
637 859 674 898 by
698 858 812 889 Martial
835 859 906 890 Law
929 859 1070 889 withoute
1091 859 1169 897 delay
1187 870 1222 890 or

162 898 247 929 other
267 897 427 929 formallitie
452 896 490 927 of
510 897 708 935 proceeding:
732 897 801 927 And
825 896 1000 927 nevertheles
1023 907 1086 928 wee
1111 897 1168 928 doe
1191 898 1221 928 in

161 935 277 976 straight
296 945 414 967 manner
431 934 535 974 charge
553 936 607 966 and
625 935 820 973 commaund,
838 945 865 965 as
883 935 949 966 well
969 936 1018 966 the
1038 935 1146 974 Mayor
1165 936 1222 966 and

161 975 244 1005 other
262 974 434 1005 Governors
452 972 489 1003 of
502 983 556 1004 our
570 973 659 1005 Cittie
677 973 716 1004 of
728 973 852 1004 London
868 973 924 1004 and
943 974 992 1005 the
1006 974 1148 1005 Liberties
1158 974 1222 1004 the-

163 1014 232 1043 reof
239 1036 249 1051 ,
270 1023 299 1043 as
316 1013 364 1042 the
385 1011 570 1042 Lieutenante
588 1013 626 1042 of
639 1021 693 1041 oui·
711 1011 839 1043 Countie
854 1012 892 1042 of
905 1012 1064 1044 Middlesex
1077 1036 1086 1050 ,
1114 1013 1169 1043 and
1187 1013 1222 1043 all

161 1051 216 1081 and
234 1059 318 1089 every
336 1051 374 1081 of
386 1060 439 1081 our
454 1050 574 1089 Justices
592 1051 628 1082 of
643 1050 692 1081 the
710 1049 802 1081 Peace
816 1073 826 1089 ‚
848 1049 902 1080 and
931 1051 966 1080 all
993 1052 1076 1094 other
1096 1051 1222 1082 Officers

162 1088 216 1119 and
236 1088 404 1120 Constables
419 1089 473 1120 and
491 1090 540 1119 the
552 1089 622 1128 like,
642 1099 669 1119 as
687 1089 706 1109 *ἓ
722 1089 789 1120 well
803 1089 905 1119 within
922 1089 972 1119 the
985 1089 1075 1122 Cittie
1089 1090 1126 1120 of
1136 1090 1219 1119 Lon-

161 1127 220 1158 don
235 1137 274 1161 ,as
295 1128 444 1165 without,
469 1127 552 1166 that,
578 1138 655 1166 upon
680 1127 728 1157 the
754 1127 814 1158 first
838 1128 991 1166 beginning
1008 1129 1064 1159 and
1084 1129 1218 1167 breaking

158 1166 256 1197 fourth
276 1166 314 1196 of
324 1176 379 1205 any
396 1165 465 1197 such
485 1166 635 1204 occafion,
656 1166 722 1206 they
739 1166 795 1197 doe
810 1190 820 1203 ,
837 1166 911 1197 with
931 1166 1004 1197 their
1020 1167 1082 1197 best
1099 1167 1155 1197 and
1174 1176 1220 1197 ut-

157 1204 236 1235 most
262 1204 426 1244 Dilligence
451 1204 615 1236 Authoritie
639 1205 695 1235 and
714 1205 820 1235 Forces
834 1228 844 1243 ‚
871 1205 1029 1244 suppresse,
1042 1206 1146 1236 breake
1165 1206 1221 1236 and

155 1242 256 1274 scatter
280 1243 317 1274 all
342 1244 411 1274 such
435 1244 611 1275 tumultuous
635 1243 690 1273 and
715 1243 847 1274 seditious
866 1243 1034 1275 Affembiies
1058 1245 1095 1274 of
1110 1244 1219 1282 People

154 1282 358 1359 3332&ssss
365 1281 1218 1353 1512¹335325z3332⁰25d1²132302⁰3fffifisssffiffiassssspzffi

154 1368 256 1396 uppon
278 1358 365 1389 Paine
389 1358 462 1389 alsoe
485 1359 523 1389 of
543 1358 652 1390 Seisure
675 1359 713 1389 of
734 1359 783 1389 the
803 1359 944 1390 Liberties
959 1360 996 1390 of
1006 1345 1061 1390 ocur
1079 1344 1220 1390 said’Cit-

154 1397 215 1435 tie,
232 1397 259 1427 if
268 1397 317 1427 the
335 1397 440 1428 default
457 1396 560 1428 ssiould
575 1398 612 1428 be
630 1396 763 1428 manifest
781 1397 836 1428 and
854 1397 977 1437 generali
995 1399 1025 1428 in
1041 1398 1088 1430 the
1102 1398 1220 1430 Goverss-

155 1444 223 1466 nors
237 1435 356 1466 thereos.

17 1075 37 1102 '³
53 1083 149 1112 xvn.

21 1128 79 1156 1¹4·

183 1511 290 1551 ¹Given
309 1518 337 1542 at
357 1510 533 1549 Whitehall,
551 1511 602 1542 the
616 1510 697 1543 tenth
715 1511 781 1551 Day
793 1512 830 1543 of
843 1511 1011 1549 September
1025 1534 1035 1551 ,
1054 1514 1086 1543 in
1099 1513 1149 1544 the
1164 1513 1217 1543 fix-

154 1551 251 1581 teenth
279 1550 373 1580 Yeare
397 1550 434 1580 of
450 1560 505 1580 our
530 1549 647 1587 Raigne
670 1550 708 1580 of
727 1550 857 1590 England
874 1551 1002 1582 Fraunce
1018 1552 1072 1582 and
1091 1551 1218 1590 Ireland,

150 1588 207 1619 and
225 1588 263 1619 of
276 1587 413 1619 Scotland
432 1588 480 1618 the
498 1596 561 1619 two
578 1588 633 1618 and
650 1588 763 1619 fiftieth.

834 1660 890 1695 Per
902 1665 987 1705 ipsam
999 1667 1104 1703 Regem.

153 1787 204 1826 De
228 1788 418 1835 Restitutione
441 1790 666 1872 Dmporallgaem
683 1787 900 1880 emssshanm
918 1790 1058 1824 Ovcrall
1079 1792 1215 1838 Epistopo

623 1850 751 1871 Olecen
761 1851 782 1870 ἶ-

5 1920 83 1963 Arm,
96 1920 140 1963 D,
156 1915 274 1982 REX
300 1924 442 1955 Escaetori
458 1923 508 1955 suo
522 1924 550 1954 in
567 1914 719 1968 Comitatu
736 1912 919 1969 Norfolciae,
938 1923 1075 1968 Salutem}
1141 1964 1142 1967 Ἴ
1171 1962 1178 1967 .

26 1968 112 1998 1618.
255 1963 382 1994 Vacante
403 1972 492 2000 nuper
515 1962 589 1993 Sede
608 1961 766 1999 Episcopali
788 1962 973 1993 Norwicenli
990 1986 1001 2001 ,
1019 1973 1069 2002 per
1087 1970 1214 1993 mortem

6 2009 62 2044 geas.
86 2008 128 2035 16,
153 2002 308 2032 naturalem
332 2002 427 2032 ultimi
448 2001 582 2039 Episcopi
598 2000 705 2031 ibidem
720 2023 730 2038 ‚
751 2004 879 2031 Decanus
893 2002 926 2033 &
942 2002 1099 2040 Capitulum
1112 2001 1216 2032 Eccle-

9 2044 142 2083 J.i.p.26.
153 2040 199 2070 siae
214 2039 392 2071 Cathedralis
406 2039 545 2070 Norwic.
563 2038 724 2083 praedidtae,
744 2038 876 2083 Licentia
892 2040 988 2070 nostra
1007 2040 1094 2077 petiti}⁴
1114 2041 1217 2078 pariter

4 2091 32 2114 ι.
51 2092 76 2111 i.
153 2079 188 2109 &
200 2078 321 2110 obtenta
335 2103 345 2116 ,
373 2078 524 2109 Dileetum
545 2077 645 2107 Nobis
662 2087 693 2107 m
708 2077 841 2108 Christro
856 2078 1019 2116 Johannem
1035 2078 1160 2108 overall
1168 2079 1218 2110 Sa-

151 2126 209 2147 crae
231 2117 408 2156 Theologiae
429 2115 624 2146 Profefforem
641 2116 671 2146 in
691 2125 793 2146 eorum
814 2115 990 2154 Episcopum
1012 2118 1045 2148 δε
1066 2117 1216 2149 Pastorem

149 2155 384 2232 elngIiJrimdiiidem
409 2192 553 2224 Eleffloni
564 2215 574 2231 ‚
601 2193 635 2224 &
650 2191 781 2223 Personae
801 2193 840 2223 fic
853 2193 952 2224 ele&ae
970 2193 1100 2231 Regium
1114 2193 1217 2225 Affen-

147 2232 209 2264 sum
231 2234 363 2263 nostrum
387 2232 568 2263 adhibuimus
584 2232 684 2268 pariter
703 2233 737 2264 &
751 2232 909 2269 Favorem,
928 2232 1064 2271 ipsiusque
1080 2233 1103 2262 F
1105 2232 1212 2264 idelita-

147 2279 207 2302 tem
221 2271 320 2302 Nobis
332 2271 456 2301 debitam
471 2280 525 2309 pro
539 2270 620 2300 dieto
635 2269 803 2309 Episcopatu
819 2270 959 2301 Norwic.
976 2273 1134 2308 recepimus
1149 2294 1158 2310 ‚
1181 2281 1215 2303 ac

146 2309 334 2348 Temporalia
367 2309 490 2347 ejusdem
517 2308 542 2339 E
565 2307 705 2345 iscopatsis
736 2310 872 2346 (exceptis
890 2310 1024 2340 omnibus
1050 2309 1186 2340 Maneriis
1201 2334 1212 2348 ,

146 2348 262 2386 Terris,
281 2348 468 2379 Tenementis
481 2347 515 2379 ὃς
567 2347 781 2378 aereditamentis
795 2357 863 2377 cum
878 2346 1057 2378 Pertinentiis
1071 2349 1211 2386 praedicto

147 2386 331 2425 Episcopatui
344 2386 451 2417 dudum
467 2385 654 2424 specstantibus
667 2386 701 2415 &
716 2386 936 2424 pertinentibus,
952 2387 1046 2417 modo
1061 2387 1089 2417 in
1105 2386 1212 2418 Manus

147 2426 255 2456 nostras
271 2449 280 2464 ,
306 2427 333 2456 vi
354 2435 406 2455 ore
427 2424 571 2463 cujusdam
593 2422 685 2454 Actus
705 2422 902 2464 Parliamenti,
920 2425 1010 2455 Anno
1026 2424 1124 2462 Regni
1138 2435 1213 2463 prae-

139 2464 315 2495 thariffimae
358 2463 450 2494 ororis
470 2462 576 2493 nostrae
590 2485 601 2501 ‚
629 2462 771 2493 Dominae
795 2460 972 2493 Elizabethae
999 2471 1082 2502 nuper
1100 2466 1210 2501 Reginae

143 2500 261 2540 Angliae
283 2504 378 2540 primo
395 2520 406 2540 ,·
429 2501 495 2532 inde
516 2510 608 2539 nuper
629 2500 697 2531 editi
720 2502 754 2532 &
774 2501 895 2540 provisi,
913 2502 1055 2532 electis&
1069 2504 1172 2541 captis,
1189 2503 1208 2533 fi

143 2551 209 2580 quae
229 2540 391 2579 hujusmodi
418 2540 471 2570 sint
487 2562 498 2578 ‚
524 2550 558 2570 ac
581 2540 611 2569 in
627 2539 777 2570 Scaccario
792 2539 891 2570 nostro
905 2539 942 2570 de
956 2539 1099 2571 Recordo
1116 2551 1209 2571 rema-

145 2580 223 2616 nen')
243 2581 268 2610 ei
283 2579 456 2610 restituimus
468 2587 516 2615 per
530 2577 696 2608 Praesentes:

181 2618 220 2649 Et
235 2618 302 2649 ideo
315 2618 365 2648 tibi
383 2617 565 2654 praecipimus
579 2616 661 2663 quod
676 2616 793 2655 praefato
810 2615 943 2655 Johanni
955 2616 1076 2646 Over'all
1092 2617 1130 2648 sic
1152 2618 1210 2648 ele-

143 2657 214 2697 eto,
228 2656 415 2694 Temporalia
427 2654 615 2693 Episcopatus
634 2654 760 2692 praedicsti
785 2665 853 2685 cum
870 2656 1046 2686 Pertinentiis
1064 2657 1094 2685 in
1107 2656 1210 2689 Balliva

143 2703 190 2726 tua
209 2696 346 2733 (exceptis
362 2694 555 2732 praeexceptis)
577 2694 631 2724 una
647 2703 716 2724 cum
731 2692 862 2724 Exitibus
878 2695 912 2725 «Sc
932 2693 1070 2724 Proficuis
1086 2695 1153 2725 inde
1167 2720 1177 2733 ,
1193 2696 1209 2726 a

143 2742 276 2772 tempore
298 2734 404 2764 Mortis
424 2733 516 2763 ultimi
534 2731 669 2770 Episcopi
687 2732 810 2770 ejusdem
827 2756 837 2768 ‚
855 2732 1000 2771 hucusque
1015 2734 1209 2770 provenienti-

142 2771 198 2802 bns
226 2773 390 2803 exeuntibus
419 2772 632 2810 emergentibus
656 2770 713 2802 sive
739 2770 927 2801 crescentibus
941 2793 951 2809 ,
983 2771 1085 2811 absque
1112 2772 1208 2810 aliquo

143 2809 298 2849 Compoto
313 2834 323 2849 ,
347 2818 395 2840 aut
415 2810 510 2847 aliquo
529 2809 584 2839 alio
604 2809 723 2847 proinde
743 2809 827 2839 nobis
841 2810 1053 2847 quoquomodo
1067 2809 1209 2841 reddendo

144 2848 280 2880 solvendo
299 2848 346 2881 vel
365 2847 498 2879 faciendo
513 2870 523 2885 ,
549 2847 607 2878 fine
628 2847 762 2878 dilatione
783 2847 903 2885 liberes3
924 2847 1001 2880 salvo
1012 2848 1082 2887 Jure
1096 2849 1209 2888 cujussi-

142 2886 200 2917 bet.

177 2962 270 2995 Teste
282 2962 366 3008 Rege
377 2962 454 3001 apud
471 2957 735 3001 qulmonallerium
744 2985 754 3001 ‚
767 2961 887 3000 septimo
901 2961 948 2992 die
965 2962 1113 2995 octobris.

621 3039 676 3067 Per
691 3040 785 3068 Breve
798 3038 831 3068 de
841 3040 962 3069 Privato
977 3038 1076 3078 Sigillo.

176 3114 347 3150 Confimilia
360 3113 460 3146 Brevia
471 3111 629 3153 diriguntur
641 3112 837 3145 Escaetoribus
851 3114 1005 3154 subscriptis
1019 3116 1071 3147 sub
1090 3115 1167 3148 Data

516 3152 671 3191 praedicta
684 3152 834 3192 videlicet,

173 3228 316 3271 Esc'aetori
325 3227 377 3270 fico
392 3232 421 3260 in
435 3233 507 3260 Com.
525 3229 594 3268 Suffi
1061 3264 1062 3267 Ἴ

170 3270 279 3309 Majori
292 3272 428 3300 Civitatis
440 3270 567 3299 Norwici
580 3278 612 3298 ac
626 3268 769 3308 Efiaetori
780 3267 858 3309 infra
870 3269 985 3300 eandem
998 3272 1160 3302 Civitatem.

171 3347 213 3379 Et
234 3346 402 3379 mandatum
422 3345 464 3377 est
487 3344 651 3383 Militibus,
670 3345 779 3376 Liberis
797 3345 974 3377 Hominibus
989 3371 1000 3386 ,
1017 3347 1050 3378 δε
1066 3349 1201 3379 omnibus

134 3387 192 3419 aliis
206 3387 388 3418 Tenentibus
401 3385 437 3416 de
452 3384 621 3422 Episcopatu
634 3383 789 3422 praedicto,
809 3385 886 3422 quod
899 3385 991 3416 eidem
1006 3385 1119 3425 Elei‘lo,
1137 3397 1199 3418 tan—

131 3436 218 3464 quam
239 3426 386 3463 Episcopo
407 3425 442 3456 &
463 3423 601 3454 Domino
620 3422 689 3459 suo,
706 3423 736 3452 in
748 3424 903 3462 omnibus,
920 3433 984 3463 quae
997 3424 1031 3454 ad
1045 3425 1198 3464 Episcopa-

128 3471 193 3533 tgim
215 3464 387 3503 praedictum
410 3463 576 3502 pertinent,
600 3460 774 3492 intendentes
786 3461 838 3493 sint
852 3462 885 3493 &
899 3463 1097 3501 respondentes
1111 3473 1198 3503 prout

156 3510 226 3534 ecet.

167 3577 204 3610 In
219 3579 299 3618 cujus
310 3580 369 3617 rei,
385 3579 448 3610 &ci

170 3653 259 3686 Teste
274 3664 309 3687 ut
322 3656 410 3694 supra.

0 3786 120 3822 'XVIL
179 3777 208 3806 ἵ*
233 3781 283 3815 De
312 3784 450 3816 Licentia
474 3779 614 3828 Eligendi
635 3790 690 3827 pro
715 3779 850 3827 Epissope
881 3782 1079 3825 Coventrienst
1106 3786 1143 3821 &-

0 3832 5 3855 ³
13 3838 38 3866 15
46 3850 54 3858 ·
555 3827 759 3874 Lichfeldenfi.

0 3909 64 3946 Qun.
80 3916 122 3948 D.-·
134 3906 273 3972 REX,
290 3909 400 3961 dileffis
422 3910 506 3961 nobis
526 3917 555 3946 in
575 3911 711 3960 Christo,
728 3912 840 3958 Decarzo
861 3905 899 3948 ὠ)
915 3909 1040 3958 capitulo
1053 3915 1189 3947 Ecclesiae

0 3954 59 4020 ὄιιῗι
66 3955 92 3986 8.
207 3952 312 3983 nostrae
325 3953 498 3986 Cathedralis
508 3954 717 3986 Coventnenfis
732 3955 765 3986 ὃ(
784 3952 983 3984 Lichfeldeniis
992 3975 1002 3992 ,
1020 3953 1154 3984 Salutem.

0 4036 12 4058 ιἱ
31 4039 56 4067 3,

168 3990 214 4022 Ex
228 4000 305 4028 parte
321 3991 409 4023 vestra
422 3993 505 4024 nobis
516 3992 558 4024 est
573 3993 719 4024 humiliter
730 3991 912 4030 supplicatum
928 4000 958 4022 ut
972 4015 981 4027 ,
1000 3992 1069 4023 curn
1085 3992 1189 4023 Eccless

128 4031 164 4061 fia
180 4029 332 4068 praedicta,
349 4040 400 4074 per
411 4030 640 4075 Transsationem
652 4031 745 4075 ultimi
765 4030 898 4074 Episcopi
919 4029 1042 4074 ejusdem
1062 4031 1096 4061 ad
1118 4031 1188 4075 Epi-

123 4070 272 4108 scopatum
285 4067 526 4108 Norwicensem,
538 4079 599 4109 iam
612 4078 709 4109 vacet,
726 4071 760 4103 δε
773 4068 893 4101 Pastoris
909 4068 941 4100 sit
954 4068 1054 4101 solatio
1069 4069 1187 4100 destitu—

1264 322 1436 388 {i'atcsebourgs
1452 329 1576 361 pourroit
1588 328 1621 363 se
1636 327 1746 363 jaindre
1760 329 1777 356 ιὶ
1792 329 1820 357 la
1836 331 1963 371 Jeuneffi’
1976 331 2013 366 όν
2033 346 2091 364 cmx
2103 335 2268 374 doprenttfl
2286 338 2317 366 de
2345 337 2445 374 ¹6Jac·
2456 344 2479 363 ¹·

1267 360 1545 439 ἑῖζζίῑᾶνῇῃῇῗέἴ
1560 363 1592 392 de
1605 363 1634 392 la
1642 363 1745 401 fureur
1757 377 1793 395 au
1801 367 1963 408 pillage,&
1978 379 2077 401 mettre
2089 380 2150 402 tout
2165 384 2199 403 en
2214 375 2318 404 trouble

1303 474 1372 515 C⁷est
1388 480 1517 517 pourquoi
1543 483 1609 507 nou's
1628 476 1774 515 chargeons
1799 479 1838 514 ὠ·
1867 484 2053 515 commandens
2083 487 2274 526 expreffe‘ment
2300 489 2321 519 ἆ

1266 518 1327 543 tous
1347 514 1384 543 les
1406 514 1538 546 habitans
1558 516 1589 545 de
1612 524 1690 545 notre
1711 520 1738 544 V
1740 516 1784 545 ille
1803 519 1835 546 de
1848 521 1969 550 Londres
1991 521 2029 556 &
2043 525 2074 552 de
2090 524 2125 560 les
2142 527 2301 567 Franchisbs

1265 562 1360 585 comme,
1377 553 1444 593 auffi
1455 555 1487 583 de
1502 562 1560 584 tous
1573 554 1609 584 les
1623 554 1794 592 Fauxbourgs
1808 554 1845 589 &¹
1861 558 1961 597 confini·
1984 561 2015 589 de
2030 560 2116 591 laa'ite
2130 567 2157 592 V
2159 565 2204 594 ille
2239 553 2321 607 qu’ils'

1265 601 1300 620 ne
1319 590 1498 634 s'affi‘rablent
1518 593 1599 623 d‘une
1621 596 1740 622 maniere
1760 593 1882 623 violente
1894 618 1904 633 7
1916 605 1982 635 pour
1997 610 2094 628 aucune
2109 588 2220 642 aecastor}
2256 615 2321 644 que-

1264 628 1330 659 relle
1343 654 1352 667 ,
1377 633 1467 667 injure
1489 642 1521 660 ou
1536 635 1718 671 provocation
1738 643 1789 672 que
1801 631 1904 671 cefin't,
1925 639 1991 664 mais
2014 636 2092 675 qu'ils
2105 639 2158 668 s'en
2173 627 2324 672 remettenie

1265 667 1285 696 d
1306 667 1335 697 la
1354 668 1460 708 Justice
1480 674 1526 711 qui
1547 681 1581 699 ne
1598 669 1656 700 leur
1678 671 1951 711 manquerajamaisg
1973 672 2010 706 ὠ·
2024 686 2059 703 au
2072 687 2116 705 cas
2130 679 2325 720 qu'ilsfafflmt

1266 713 1420 736 autrement
1434 730 1443 745 ,
1465 719 1530 738 nous
1543 707 1642 747 serens
1656 707 1748 748 forces
1764 717 1819 746 par
1838 720 1877 738 ces
1899 711 2056 750 rebelliores,
2078 714 2115 747 &
2141 716 2322 751 foulevemens

1264 749 1366 775 matins
1378 745 1416 780 ὠ·
1422 744 1538 785 furieux
1556 748 1592 776 du
1605 746 1719 782 Peuole,
1738 747 1769 776 de
1776 745 1854 785 faire
1869 757 1896 777 cc
1911 759 1960 789 que
1983 760 2048 779 nous
2058 750 2165 790 faisbbzs
2186 764 2323 786 rarement

1267 782 1318 819 (&
1323 782 1475 822 seulement
1488 797 1524 815 au
1538 797 1583 814 cas
1595 786 1628 814 01>
1644 785 1673 814 la
1687 785 1792 825 Justice
1800 808 1810 822 ,
1829 786 1964 817 ordinaire
1977 788 2015 825 sy
2024 790 2165 825 prendrait
2180 801 2239 832 trop
2252 796 2326 825 tard

1264 830 1295 849 ou
1311 833 1345 850 ne
1353 827 1477 861 pourroit
1483 834 1505 861 y
1518 831 1617 852 mettre
1632 824 1738 860 ordre),
1756 824 1815 863 c’est
1829 824 1862 853 de
1877 826 2043 855 commander
2056 838 2106 866 que
2128 827 2164 857 les
2187 834 2323 869 coupables

1256 857 1348 896 sbient
1369 861 1490 890 execare&
1509 871 1562 899 par
1586 861 1615 891 la
1637 864 1691 890 Loi
1705 861 1859 900 Martiale,
1870 863 1940 901 sans
1954 864 2026 894 de‘laz'
2040 875 2071 893 ou
2087 873 2166 895 autre
2195 871 2324 901 ormalite‘

1263 897 1295 925 de
1310 899 1477 935 proce'dures.
1496 902 1539 929 Et
1555 901 1716 929 ne‘anmoim
1736 912 1800 930 nous
1816 900 1961 938 chargeons
1976 901 2014 937 &⁴
2035 867 2222 935 commandicni·
2242 909 2322 939 d'une

1254 933 1345 974 fafon
1363 937 1494 975 expreffi’,
1517 944 1584 966 tant
1611 949 1648 966 au
1670 941 1763 968 Maire
1783 938 1821 973 ὠ
1844 947 1936 969 autres
1963 943 2156 971 Gouverneurs
2181 944 2214 972 de
2245 954 2324 976 notre

1263 973 1339 1002 Ville
1357 974 1390 1003 de
1414 976 1538 1006 Londres
1559 974 1598 1009 ὠ·
1624 976 1708 1023 deses
1721 976 1898 1045 Franchlfi5‚
1909 979 1993 1019 qu'au
2005 982 2179 1010 Lieutenant
2199 983 2231 1011 de
2245 992 2324 1014 notre

1262 1014 1359 1041 Comte
1373 1013 1406 1042 de
1429 1013 1586 1053 Mddlesex
1599 1013 1637 1048 ὠ»
1656 1026 1674 1043 a
1690 1022 1749 1044 tous
1761 1014 1800 1049 ὠ
1815 1027 1916 1046 ωασιηι
1935 1017 1968 1046 de
1983 1028 2030 1047 nos
2043 1018 2131 1056 Juges
2145 1020 2178 1048 de
2192 1022 2265 1051 Paix
2281 1022 2322 1057 όν

1260 1057 1321 1079 tous
1343 1059 1434 1080 autres
1459 1050 1581 1089 Officiers
1604 1051 1642 1086 ὠ
1659 1053 1851 1092 Conzmzfflires
1871 1055 1917 1084 des
1936 1060 2073 1096 quartiers
2095 1056 2302 1096 &semblables

1261 1094 1330 1118 tant
1341 1100 1378 1118 au
1392 1089 1496 1119 dedans
1507 1091 1588 1131 qu’au
1607 1090 1700 1120 dehors
1715 1092 1749 1120 de
1762 1100 1842 1122 notre
1861 1096 1889 1122 V
1888 1093 1934 1123 ille
1955 1095 1987 1123 de
2007 1095 2133 1125 Londres
2146 1120 2156 1133 ,
2170 1097 2249 1137 qu‘au
2258 1084 2323 1136 pret

1260 1130 1328 1156 mier
1348 1136 1467 1171 ngoment
1479 1130 1510 1157 de
1528 1130 1639 1170 quelque
1644 1129 1793 1168 semblable
1811 1139 1953 1160 rencontre
1969 1132 2003 1161 ils
2015 1137 2179 1172 repriment,
2201 1144 2322 1174 rumpent

1258 1164 1297 1199 ὠ·
1319 1166 1442 1209 diſjtpent
1461 1167 1493 1196 de
1513 1167 1571 1197 lem
1594 1172 1682 1197 mieux
1697 1190 1707 1205 ‚
1733 1167 1770 1202 ὠ·
1794 1180 1863 1198 avec
1888 1178 1963 1199 toute
1978 1171 2008 1199 la
2020 1172 2161 1210 diligente,
2180 1172 2331 1205 l'autorite‘

1260 1200 1298 1237 ό·
1314 1204 1349 1233 les
1361 1206 1454 1244 forces
1487 1206 1601 1244 offi'bles,
1617 1213 1704 1235 toutes
1711 1205 1872 1244 semblables
1890 1208 2051 1246 Affemblefes
2070 1211 2102 1240 de
2114 1211 2206 1250 peuple
2222 1213 2326 1244 tumul·-

1259 1241 1360 1280 tueuses
1374 1242 1412 1278 ῤ’
1419 1243 1457 1282 sd
1477 1245 1594 1284 'tieuse57
1605 1244 1657 1282 sicr
1667 1248 1745 1282 peine
1757 1245 2018 1284 d'cmprisbnnement
2027 1272 2036 1285 ,
2049 1248 2078 1277 d'
2079 1250 2192 1279 amende
2207 1270 2217 1288 ,
2236 1250 2275 1286 ὠ·
2290 1253 2325 1282 de

1262 1291 1382 1321 ranfon,
1401 1293 1496 1311 comme
1510 1283 1528 1312 a
1544 1284 1590 1312 des
1603 1286 1718 1311 traitres
1738 1283 1774 1312 du
1789 1287 2029 1322 Gouvernement,
2048 1286 2086 1321 &
2100 1289 2132 1317 de
2152 1288 2182 1317 la
2199 1291 2273 1319 Paix
2287 1291 2322 1320 de

1261 1326 1339 1348 notre
1351 1323 1502 1358 Royaume,
1519 1319 1558 1356 dy
1569 1321 1637 1359 auffi'
1648 1320 1700 1359 star
1715 1325 1792 1357 peine
1807 1323 1838 1350 de
1855 1322 1901 1361 firi
1913 1323 1936 1351 ie
1957 1324 2001 1353 des
2013 1325 2174 1363 Franchises
2192 1328 2224 1356 cle
2243 1336 2321 1358 notre

1260 1358 1316 1386 dite
1336 1359 1427 1398 Ville,
1455 1370 1464 1387 1
1486 1370 1513 1389 ce
1533 1359 1632 1400 de‘faut
1651 1361 1720 1388 emit
1739 1360 1850 1390 e‘ve'dent
1929 1362 2045 1399 general
2055 1363 2177 1403 dansssfis
2192 1370 2322 1397 Gouver·

1259 1407 1348 1427 neurs.

1298 1512 1406 1540 Donne‘
1414 1511 1433 1540 ἃ
1446 1511 1628 1549 Whitehall,
1646 1498 1670 1541 le
1691 1512 1804 1542 dixieme
1817 1514 1850 1542 de
1861 1513 2014 1551 Septembre
2027 1515 2059 1542 de
2084 1513 2114 1543 la
2125 1516 2252 1555 seizieme
2270 1532 2324 1551 an.

1259 1549 1308 1577 κίε
1322 1549 1354 1577 de
1368 1557 1447 1578 notre
1461 1553 1550 1587 Regne
1564 1549 1779 1590 d'Angleterre,
1798 1552 1831 1581 de
1842 1555 1946 1582 France
1966 1551 2004 1587 (ὦ
2020 1552 2180 1594 d’Irlande,
2199 1556 2237 1592 ὠ·
2253 1559 2328 1588 &Ea⁸

1258 1585 1322 1623 coffi’
1337 1586 1366 1616 la
1380 1591 1526 1628 cinquame
1538 1587 1577 1624 ό·
1593 1590 1737 1619 deuxieme.

1922 1665 1979 1696 Per
1989 1665 2082 1703 ipsum
2098 1668 2222 1709 Regem.

1258 1796 1303 1826 ta,
1317 1787 1404 1818 alium
1420 1787 1502 1818 vobis
1515 1787 1635 1826 eligendi
1648 1788 1678 1817 in
1687 1787 1862 1825 Episcopum
1879 1788 1911 1818 ὃς
1935 1787 2081 1819 Pastorem
2096 1790 2256 1824 Licentiam
2273 1805 2327 1825 no-

1258 1826 1344 1856 stram
1358 1826 1549 1857 fundatoriam
1563 1827 1645 1856 vobis
1662 1826 1821 1857 concedere
1834 1826 2029 1864 dignaremur3

1294 1864 1380 1903 Nos,
1400 1865 1537 1895 Precibus
1550 1865 1646 1895 vestris
1658 1866 1688 1895 in
1702 1864 1757 1895 hac
1774 1873 1850 1902 parte
1863 1865 2051 1896 favorabiliter
2073 1867 2255 1908 inclinantes,
2274 1870 2326 1901 Li<-

1258 1905 1382 1934 centiam
1399 1903 1477 1933 illam
1493 1904 1576 1934 vobis
1592 1903 1728 1933 duximus
1742 1903 1975 1942 concedendam,

1297 1941 1464 1979 Rogantes,
1482 1952 1515 1972 ac
1537 1943 1566 1971 in
1587 1941 1643 1972 fide
1665 1942 1698 1972 &
1720 1942 1874 1972 dilectione
1888 1943 1989 1980 quibus
2003 1944 2086 1973 nobis
2101 1946 2235 1975 tenemini
2249 1955 2325 1983 praez

1258 1981 1411 2019 cipientes,
1430 1981 1510 2017 quiid
1534 1980 1618 2011 talem
1637 1981 1722 2010 vobis
1747 1980 1850 2018 eligatis
1870 1982 1899 2010 in
1923 1981 2097 2019 Episcopum
2112 1983 2144 2012 8<
2157 1983 2324 2021 Pastorem,

1259 2020 1328 2087 quist
1337 2018 1409 2049 Deo
1430 2020 1550 2049 devotus
1563 2041 1573 2057 ‚
1607 2018 1764 2058 Nobisque
1785 2020 1818 2050 &
1840 2018 1948 2058 Regno
1965 2019 2065 2051 nostro
2088 2022 2159 2051 utilis
2185 2023 2218 2053 ὅ(
2240 2022 2328 2053 fidelis

1258 2067 1303 2089 exi
1329 2065 1364 2088 at.

1297 2094 1332 2126 In
1346 2095 1427 2134 cujus
1441 2095 1496 2132 rei,
1514 2096 1576 2127 &c.

1296 2171 1388 2205 Teste
1411 2170 1497 2211 Rege
1513 2171 1588 2211 apud
1610 2172 1884 2213 Wstmonasterium,
1901 2174 2022 2212 septimo
2038 2172 2085 2205 die
2100 2174 2252 2207 Ostobri’sl

1761 2253 1817 2280 Per
1830 2252 1926 2280 Breve
1938 2251 1971 2280 de
1983 2252 2106 2281 Privato
2118 2251 2220 2290 Sigillo.

1422 2374 1472 2406 De
1496 2371 1601 2420 Regali
1617 2371 1740 2418 Assensit
1754 2382 1810 2419 pro
1830 2373 1969 2420 Epiftopo
1989 2374 2157 2417 Oxonieffi.

1256 2454 1348 2514 RE
1359 2456 1390 2488 X
1405 2480 1415 2496 ‚
1434 2456 1682 2488 Reverendissimo
1700 2458 1729 2487 in
1743 2456 1863 2488 Christo
1878 2458 1974 2496 Patri,
1990 2468 2024 2489 ac
2042 2457 2194 2498 Domino,
2213 2454 2323 2492 Domi·
2346 2462 2422 2496 Αῃῇ,
2434 2458 2476 2497 D.

1333 2507 1374 2526 no
1392 2495 1494 2526 nostro
1513 2499 1626 2533 Georgia
1640 2518 1650 2534 ‚
1674 2496 1863 2527 Permissione
1885 2497 1984 2528 divina
2000 2520 2010 2534 ,
2039 2499 2238 2539 Cantuarienfi
2259 2504 2323 2530 Ar-
2364 2503 2451 2536 1618,

1252 2532 1425 2573 chiepifiopo,
1441 2535 1526 2564 totius
1548 2534 1660 2572 Angliae
1683 2533 1802 2564 Primati
1822 2535 1855 2566 ὃς
1871 2534 2098 2572 Metropolitano
2112 2559 2122 2575 ,
2141 2547 2175 2567 ac
2189 2539 2246 2568 aliis
2259 2540 2322 2577 qui·
2343 2548 2402 2571 Par.
2431 2544 2474 2572 16,

1252 2572 1418 2611 buscunque
1433 2571 1600 2610 Episcopis‚
1618 2581 1743 2609 quorum
1761 2573 1789 2602 in
1803 2573 1857 2603 hac
1875 2583 1952 2610 parte
1967 2575 2109 2612 intererit,
2128 2574 2264 2607 Salutem.
2315 2574 2318 2577 ’
2336 2583 2476 2620 J.1.p,25:,

1289 2610 1388 2649 Cum,
1406 2620 1636 2647 vacantenuper
1660 2610 1732 2640 Sede
1752 2610 1913 2649 Episcopali
1934 2611 2042 2643 Christi
2063 2612 2228 2644 Exoniensis
2242 2636 2252 2653 ,
2270 2624 2319 2654 per
2345 2632 2371 2650 η,
2392 2632 2418 2649 2.

1254 2647 1387 2680 Mortem
1407 2650 1560 2680 naturalem
1574 2649 1666 2679 ultimi
1682 2648 1817 2687 Episcopi
1831 2650 1972 2688 ejusdem,
1990 2651 2024 2681 ad
2041 2651 2184 2681 humilem
2201 2652 2320 2685 Petitio-
2415 2657 2419 2659 “

1252 2697 1319 2717 nem
1335 2691 1442 2718 Decani
1456 2687 1495 2723 ὠ·
1515 2686 1637 2725 Capituli
1656 2687 1791 2718 Ecclefiae
1809 2688 1914 2718 nostrae
1935 2688 2112 2719 Cathedralis
2130 2689 2230 2721 Oxoii.
2246 2701 2321 2728 prae-

1252 2726 1321 2756 diet'
1337 2736 1386 2764 per
1401 2727 1508 2758 Literas
1521 2725 1627 2756 nostras
1646 2724 1796 2763 Parentes,
1814 2726 1975 2756 Liceiitiam
1991 2727 2216 2759 concesserimus
2230 2731 2320 2762 alium

1252 2766 1304 2795 sibi
1326 2766 1446 2802 eligendi
1469 2766 1498 2794 in
1521 2763 1696 2802 Episcopum
1715 2764 1748 2794 δε
1768 2764 1918 2796 Pastorem
1941 2764 2020 2795 Sedis
2043 2766 2187 2803 praedictae
2205 2792 2214 2805 ,
2231 2769 2319 2801 iidem

1252 2807 1379 2834 Decanus
1400 2803 1438 2839 ό
1459 2802 1631 2842 Capitulum,
1648 2804 1747 2842 vigore
1768 2804 1801 2834 δε
1821 2805 1944 2834 obtentu
1967 2804 2107 2835 Licentiae
2127 2805 2233 2836 nostrae
2245 2817 2319 2844 prae-

1251 2842 1336 2872 dictae
1353 2865 1362 2881 ,
1387 2842 1524 2872 dilec‘ium
1543 2842 1635 2876 nobis,
1651 2842 1679 2871 in
1694 2841 1812 2871 Christo
1829 2864 1839 2879 ‚
1862 2841 2025 2880 Johannem
2047 2842 2170 2882 Houfin
2185 2866 2194 2881 ‚
2222 2845 2318 2877 Sacrae

1251 2880 1429 2918 Theologiae
1449 2880 1631 2917 Doctorem,
1654 2880 1705 2910 fibi
1729 2880 1762 2910 &
1785 2879 1919 2910 Ecclesiae
1946 2881 2090 2918 praedit‘tae
2116 2882 2259 2920 elegerunt
2286 2885 2318 2914 in

1251 2919 1428 2957 Episcopum
1451 2920 1485 2950 &
1507 2918 1655 2949 Pastorem
1672 2940 1682 2956 ,
1704 2925 1789 2957 prout
1812 2928 1860 2956 per
1877 2918 1983 2949 Literas
2000 2920 2072 2955 suas,
2100 2919 2200 2958 Sigillo
2216 2931 2318 2952 eorum

1251 2958 1403 2988 communi
1417 2957 1558 2996 sigillatas,
1576 2957 1661 2986 nobis
1683 2956 1749 2986 inde
1774 2955 1892 2987 direeias
1907 2979 1917 2995 ‚
1935 2957 2043 2995 plenius
2064 2958 2151 2996 liquet
2173 2959 2206 2989 ὃς
2230 2969 2318 2998 appa-⁴

1247 3004 1305 3027 ret:

1289 3034 1378 3072 Nos,
1397 3033 1579 3065 Electionem
1600 3033 1677 3064 illam
1695 3040 1888 3071 acceptantes,
1906 3033 2000 3064 eidem
2020 3033 2162 3064 Electioni
2186 3029 2316 3076 Regium

1248 3072 1379 3103 nostrum
1396 3072 1545 3103 Affensum
1562 3071 1740 3103 adhibuimus
1755 3073 1855 3109 pariter
1871 3074 1904 3104 &
1918 3072 2068 3111 favorem,
2085 3074 2119 3104 &
2139 3073 2197 3106 hoc
2213 3077 2296 3107 vobis
2303 3099 2314 3115 ‚

1248 3111 1367 3142 Tenore
1384 3110 1565 3142 Praesentium
1573 3133 1583 3148 ‚
1599 3109 1807 3148 significamus3

1285 3150 1450 3189 Rogantes,
1469 3159 1502 3180 ac
1518 3151 1546 3179 in
1562 3149 1618 3180 fide
1638 3150 1670 3180 &
1685 3148 1855 3185 dilecstione,
1873 3149 1974 3188 quibus
1988 3150 2074 3180 nobis
2090 3152 2245 3188 tenemini,
2264 3152 2312 3182 fir-

1246 3189 1330 3226 miter
1350 3188 1542 3226 praecipicndo
1564 3188 1749 3224 mandantes,
1775 3196 1912 3226 quatenus
1930 3197 1982 3218 vos
2003 3188 2125 3218 eundem
2147 3188 2312 3227 Johannem

1245 3227 1370 3266 Howfirn
1393 3229 1422 3258 iri
1445 3226 1623 3264 Episcopum
1643 3227 1678 3257 δε
1701 3225 1847 3256 Pastorem
1873 3225 2005 3257 Ecclesiae
2021 3226 2194 3257 Cathedralis
2217 3227 2307 3258 Chri-

1244 3266 1279 3297 sti
1295 3266 1393 3297 Oxon.
1410 3266 1570 3304 praedffiae,
1589 3265 1647 3303 fic,
1666 3273 1696 3296 ut
1713 3264 1876 3301 praefertur,
1894 3265 2016 3295 electum
2034 3287 2044 3302 ,
2068 3265 2309 3304 Elecftionemque

1242 3305 1406 3344 praedictam
1422 3303 1590 3335 confirmare
1609 3327 1619 3342 ‚
1644 3304 1677 3334 &
1696 3303 1818 3333 eundem
1839 3301 2013 3340 Episcopum
2035 3305 2067 3333 ὃς
2085 3303 2231 3333 Pastorem
2246 3305 2306 3337 Ec-

1240 3344 1331 3376 clesiae
1345 3343 1489 3382 praediCtae
1505 3343 1669 3374 consecrare
1684 3366 1693 3379 ,
1710 3349 1866 3378 caeteraque
1878 3342 1977 3372 omnia
1991 3342 2024 3372 &
2040 3342 2143 3380 singula
2157 3351 2305 3383 peragere,

1240 3392 1305 3421 quae
1328 3382 1424 3414 vestro
1447 3382 1475 3411 in
1492 3382 1547 3412 hac
1567 3390 1645 3419 parte
1666 3381 1840 3410 incumbunt
1856 3379 1968 3410 Officio
1984 3379 2135 3417 pastoraii,
2147 3382 2224 3418 juxta
2243 3384 2303 3412 for-⁷

1240 3431 1319 3452 marn
1333 3421 1508 3452 Statutorurn
1524 3422 1557 3452 &
1573 3421 1684 3460 Legum
1699 3418 1796 3455 Regni
1810 3417 1898 3448 nostri
1921 3418 2036 3460 Aiiglize
2058 3419 2086 3447 iri
2103 3418 2159 3448 hac
2176 3427 2257 3455 parte
2271 3430 2302 3451 ea

1237 3459 1365 3492 ditorum
1379 3460 1413 3492 &
1428 3459 1624 3498 provisorum,
1639 3457 1730 3490 velitis
1747 3466 1815 3487 cum
1832 3457 1977 3495 diligentia
1991 3478 2001 3494 ,
2020 3459 2118 3487 favore
2134 3457 2168 3488 ὃς
2183 3456 2300 3492 effectui

1276 3536 1312 3570 In
1327 3538 1405 3575 cujus
1419 3537 1459 3567 rei
1469 3560 1480 3575 ‚
1497 3535 1558 3567 &c.

1235 3655 1256 3686 b
1270 3614 1363 3659 Teste
1388 3614 1470 3653 Rege
1487 3610 1560 3650 apud
1582 3608 1841 3651 Wstmonasterium
1858 3631 1868 3646 ‚
1891 3606 2007 3640 decimo
2021 3609 2122 3647 quinto
2141 3603 2187 3642 die
2199 3610 2297 3644 anez

1258 3663 1303 3685 ris.

1728 3724 1780 3753 Pei·
1794 3726 1887 3754 Breve
1902 3723 1935 3754 de
1948 3725 2069 3755 Privato
2082 3717 2184 3764 Sigillo,-

2244 4093 2290 4127 De
