2557 4279
0 261 72 310 ab.

0 309 54 332 ›21-

0 338 56 370 *am
65 359 72 367 .

0 1418 91 1447 xvn.

645 172 758 217 ET
840 176 1113 232 ACTA

99 260 191 292 clefiae
216 259 376 297 collegiatae
402 259 459 290 sive
480 258 659 291 Catliedralis
687 262 883 294 Gloucestriae
905 263 1018 294 Decani
1037 287 1045 301 ,
1062 264 1091 293 iri
1106 263 1177 301 Epi*-

96 300 218 337 scopum
234 297 445 329 Menevensem
462 299 588 340 perNos
603 299 748 339 designati,
759 301 866 333 Petitio
882 303 1068 340 continebat,
1084 302 1166 340 quud

97 338 124 371 E
144 337 285 374 iscopatsis
304 337 488 368 Meneveniis
508 338 638 374 praedicti
659 339 777 370 Frutfftus
799 341 938 373 Redditus
956 342 988 371 ὃς
1008 340 1168 371 Proventus

96 348 168 407 adzo
182 384 279 406 tenues
297 375 381 405 exiles
395 397 405 412 ,
431 376 464 405 &
485 375 617 406 diminuti
637 377 700 408 sunt
715 400 724 415 ,
749 381 785 409 ita
806 390 836 409 ut
858 379 968 409 Mense
989 378 1168 418 Epistopali,

96 425 129 446 ac
157 415 214 444 aliis
241 414 321 444 dic'to
346 413 525 450 Episcopatui
546 415 778 447 incumbentibus
798 419 931 447 oneribus
950 419 976 446 in
1001 427 1078 448 tanta
1098 427 1169 456 prae-

97 453 192 484 sertim
211 452 325 482 Rerum
345 454 481 495 omnium
501 452 635 490 Angustia
655 455 687 484 ὃς
707 455 833 485 Caritite
852 466 910 485 non
930 455 1088 494 sufficiant,
1116 466 1170 486 un-

99 493 136 523 de
154 492 236 521 nobis
255 490 401 520 humiliter
422 491 567 530 supplicari
584 492 651 522 fecit
669 517 678 529 ,
704 503 841 531 quatenus
867 495 915 523 libi
943 494 978 522 de
1002 505 1169 531 opportuno

99 532 194 568 aliquo
221 529 426 560 Subventionis
451 532 484 560 6<
511 530 615 560 Auxilii
633 530 778 562 Remedio
799 533 828 561 in
852 531 1006 562 Praemiss‘is
1023 534 1171 570 providere

97 570 134 599 de
152 567 315 598 Clementia
334 567 430 598 nostra
451 568 545 607 Regia
559 569 751 605 dignaremur.

136 605 206 637 Nos
224 608 307 645 igitur
324 629 333 643 ,
360 607 445 636 dicite
465 606 572 643 praefati
592 607 718 637 Gitlielmi
738 607 829 637 Lazd
843 607 1038 645 supplicationi
1060 609 1171 640 favora-

97 645 190 676 biliter
210 645 352 682 inclinati,
371 656 403 675 ac
424 647 552 675 volentes
572 654 601 675 ut
622 646 678 682 ipse
696 646 808 676 Statum
827 645 906 676 suum
920 647 997 684 juxta
1016 647 1169 678 Pontifica-

99 685 131 714 lis
157 684 309 719 Dignitatis
336 684 505 721 exigentiam
531 683 664 714 decenter
690 693 783 715 tenere
802 684 885 719 poffit
900 707 909 722 ,
937 685 969 714 &
992 695 1029 715 ne
1050 695 1167 723 propter

98 723 157 753 Rei
176 722 319 753 familiaris
336 722 465 759 inopiam
483 720 658 752 pontificalis
678 722 834 763 Dignitatis
850 723 1033 754 obnubiletur
1053 725 1168 755 Auiho-

99 770 162 793 ritas

141 784 188 830 D’e
211 799 311 830 Gratia
336 797 431 828 nostra
447 797 580 837 speciali,
605 806 680 830 certa
697 798 820 830 Scientia
839 799 872 830 &
892 809 972 830 mero
992 800 1083 831 Motu
1102 811 1170 831 nos-

102 840 167 877 tris,
185 839 219 869 &
236 847 270 868 ex
290 836 396 867 nostrae
414 836 566 868 Potestatis
585 836 686 876 Regiae
705 838 878 874 plenitudine
891 839 994 876 pariter
1009 842 1041 870 ὁ(
1057 840 1170 870 Praero-

100 879 196 917 gativa
212 876 330 913 nostris,
349 875 541 906 conceffimus
560 877 594 907 δε
612 876 771 907 Licentiatn
791 876 937 913 dedimus,
952 887 984 907 ac
1004 888 1055 915 pro
1070 877 1170 907 Nobis

100 915 272 947 Haeredibus
292 915 325 945 ὃς
344 913 559 944 Successoribus
579 914 679 944 nostris
696 937 705 948 ,
730 924 778 953 per
798 915 965 954 praeseiiteS‚
983 915 1169 946 concedimus

99 965 133 987 ac
154 953 313 984 Licentiam
331 952 429 982 damus
449 951 569 989 praefato
588 952 729 982 Gullielmo
747 953 838 983 Land
854 955 882 983 in
902 952 1079 992 Episcopum
1101 952 1172 984 Me-

101 991 253 1024 nevensem
271 1013 281 1029 ,
302 998 331 1021 ut
349 990 497 1028 praefertur
514 1013 524 1028 ,
542 990 719 1030 designatum
731 1014 741 1030 ,
777 991 837 1022 uod
856 991 911 1029 ipse
929 993 984 1022 uisa
1002 1003 1072 1023 cum
1091 992 1172 1022 dieto

103 1031 277 1069 Episcopatu
299 1027 488 1067 Menevenfi,
506 1028 676 1059 Rectoriam
696 1030 729 1060 &
793 1030 905 1061 cleliam
924 1031 1121 1062 parochialem
1138 1031 1171 1059 de

103 1069 207 1108 Ibstoke
225 1068 288 1098 alias
306 1067 423 1108 Ipstocke
436 1070 467 1099 in
484 1066 636 1099 Comitatu
655 1068 819 1099 Leicestriae
838 1068 968 1100 Dioecefi
986 1070 1176 1101 Lincolnien-

104 1108 124 1138 si
144 1107 252 1138 Curam
266 1106 437 1137 Animarum
453 1106 606 1137 habentem
646 1116 732 1145 quam
747 1117 825 1139 nunc
840 1108 927 1139 habet
945 1109 977 1140 &
995 1117 1091 1146 tenet,
1108 1117 1177 1138 nec-

104 1156 168 1177 non
186 1144 397 1176 Canonicatiim
417 1144 474 1176 five
491 1129 676 1184 praebendam
697 1145 834 1177 Ecclesiae
852 1146 1008 1186 collegiatae
1026 1147 1098 1177 Divi
1122 1145 1179 1176 Pe-

104 1186 142 1216 tri
163 1184 290 1215 Westm.
311 1193 380 1214 curri
405 1183 457 1214 suis
484 1184 640 1222 respedtive
654 1184 770 1222 Juribus
791 1185 934 1216 Membris
951 1185 1178 1216 Praeeminentiis

104 1223 265 1260 Privilegiis
291 1221 430 1253 Proficuis
454 1221 724 1254 commoditatibus
752 1224 966 1255 Emolumentis
986 1223 1178 1262 Dividentiis‚

106 1262 279 1301 quotidianis
298 1261 574 1298 Distributionibus‚
593 1261 802 1293 Excrescentiis
817 1264 850 1294 &
870 1262 1048 1293 Pertinentiis
1064 1263 1182 1301 quibus-

107 1310 242 1340 cunque,
260 1310 294 1331 ac
314 1300 333 1330 si
353 1300 473 1338 praesens
490 1301 520 1330 in
536 1299 642 1330 Choro
660 1301 745 1332 fuerit
762 1302 796 1332 &
816 1301 931 1332 Divinis
948 1302 1075 1341 quotidie
1092 1302 1180 1331 inter-

107 1339 202 1409 esdseh,
227 1341 261 1372 &
279 1339 366 1370 etiam
385 1347 517 1377 tempore
537 1338 681 1378 Computi
700 1339 757 1371 five
774 1340 894 1372 Auditus
912 1350 1029 1371 necnon
1045 1339 1183 1378 Capituli,

111 1388 128 1410 a
148 1388 163 1408 e
189 1385 217 1408 et

149 1417 168 1437 ²*
189 1400 234 1446 Et,
242 1416 387 1447 Officium
406 1415 585 1447 Praefidentis
599 1415 655 1447 five
675 1414 728 1446 Ma
750 1415 806 1446 istri
823 1415 951 1455 Collegii
966 1417 1062 1448 Sanffl
1074 1417 1184 1456 Johan-

111 1457 155 1486 nis
181 1454 312 1492 Baptistae
336 1456 365 1484 in
394 1454 584 1485 Universitate
602 1454 698 1484 nostra
751 1465 819 1485 xon.
841 1466 911 1486 cum
930 1457 1068 1486 omnibus
1091 1455 1185 1486 Profi-

112 1495 172 1525 cuis
194 1493 461 1524 Commoditatibus
481 1492 597 1531 Juribus
623 1494 655 1523 &
685 1493 897 1524 Emolumentis
923 1494 1018 1524 eidem
1036 1495 1185 1532 speetanti-

112 1533 165 1563 bus
189 1533 221 1562 &
249 1531 460 1562 Pertinentibus
484 1531 562 1569 quod
588 1542 667 1563 nunc
695 1532 783 1563 habet
801 1533 833 1562 &
851 1531 972 1569 poffidet
990 1534 1018 1562 in
1038 1532 1183 1569 praesenti,

112 1581 173 1602 non
193 1569 370 1600 obstantibus
390 1569 605 1608 quibuscunque
624 1570 738 1601 Statutis
756 1570 826 1601 dieti
845 1571 971 1607 Collegii
987 1572 1016 1600 in
1031 1571 1185 1609 Juramen·

114 1611 149 1641 tis
171 1609 281 1639 ratione
302 1607 406 1638 Officii
426 1608 553 1645 praedicti
571 1617 620 1645 per
636 1607 748 1638 dietum
768 1607 942 1638 Gullielmum
961 1609 1049 1639 Lami
1065 1609 1184 1639 antehac

114 1647 246 1686 praestitis
265 1655 333 1677 cum
351 1647 453 1683 quibus
470 1645 584 1677 Statutis
611 1646 849 1677 Ordinationibus
876 1648 909 1678 &
925 1647 1097 1686 juramentis
1115 1646 1185 1678 dieti

114 1685 241 1724 Collegii
266 1686 294 1715 in
320 1685 496 1716 contrarium
524 1684 704 1716 obstantibus
723 1708 733 1723 ,
758 1685 794 1715 de
821 1695 903 1716 mero
931 1685 1021 1716 Motu
1049 1687 1082 1716 &
1108 1694 1186 1716 certa

112 1725 239 1756 Scientia
255 1723 354 1754 nostris
374 1723 495 1760 gratiose
513 1723 547 1754 &
566 1723 776 1762 favorabiliter,
793 1723 969 1755 Autlioritate
986 1726 1019 1755 &
1039 1724 1187 1763 Praeroga—

114 1765 174 1796 tiva
200 1762 294 1794 nosti-a
319 1762 412 1802 Regia
441 1761 626 1799 dispensamus
652 1773 701 1800 per
720 1762 874 1793 Praesentes
888 1785 898 1800 ‚
916 1762 1034 1793 durante
1053 1762 1120 1794 Vita
1139 1762 1186 1793 sua

115 1802 234 1833 naturali
250 1802 283 1832 &
304 1800 440 1838 quamdiu
458 1801 537 1830 illum
566 1800 659 1831 eidem
678 1800 859 1839 Episcopatui
879 1800 1050 1832 Menevensi
1069 1802 1187 1840 praeeffe

116 1842 151 1872 ὃ(
169 1840 314 1878 praeiidere
333 1839 503 1878 contigerit,
521 1840 642 1870 retinere
659 1839 714 1870 frui
733 1841 766 1871 &
785 1839 915 1878 gaudere.

153 1879 286 1910 Necnon
314 1887 404 1910 unum
429 1877 502 1908 aliud
528 1878 726 1917 quodcunque
752 1877 928 1909 Beneficium
954 1877 1186 1910 Ecclefiasticum

114 1927 246 1950 curatum
267 1917 325 1948 sive
343 1927 403 1947 non
423 1924 552 1947 curatum
574 1916 760 1955 compatibile
777 1917 833 1948 sive
850 1926 912 1948 non
930 1918 1115 1954 compatibile
1135 1927 1187 1948 cu-

114 1957 273 1995 juscunque
299 1956 383 1986 fuerit
403 1955 501 1986 Annui
520 1954 633 1985 Valoris
650 1965 697 1986 aut
716 1955 806 1986 Taxae
820 1979 830 1994 ,
857 1965 890 1986 ac
914 1956 1080 1994 ubicunque
1105 1956 1189 1987 fuerit

117 1996 192 2026 infra
210 1995 398 2026 Provinciam
420 1993 650 2025 Cantuziriensem
679 1994 760 2033 quod
780 1994 967 2032 imposterum
986 1995 1091 2026 virtute
1109 1995 1190 2034 hujus

118 2033 226 2064 nostrae
250 2033 449 2064 Commendat:
477 2032 700 2070 Dispensationis
719 2033 776 2063 sive
795 2032 998 2063 Conceffionis
1015 2034 1190 2073 obtinuerit,

116 2073 175 2104 fine
196 2074 288 2110 aliqua
307 2072 486 2102 Institutione
506 2071 671 2102 Collatione
690 2071 736 2102 vel
755 2070 924 2102 Induffione
951 2073 1008 2102 unii
1026 2082 1095 2103 cum
1122 2072 1192 2111 Epi-

117 2112 235 2149 scopatu
252 2111 393 2148 praeditto
409 2120 442 2140 ac
462 2111 571 2141 caeteris
585 2109 736 2140 Praemiffis
755 2110 891 2141 omnibus
909 2111 942 2142 &
961 2110 1073 2149 singulis
1090 2119 1193 2151 accep-

116 2157 177 2180 tare
196 2151 323 2186 recipere
349 2151 468 2179 retinere
490 2148 545 2179 frui
561 2149 595 2180 &
616 2148 737 2185 gaudere
752 2172 762 2187 ,
780 2158 897 2180 necnon
917 2149 1037 2187 ejusdem
1057 2149 1192 2181 Beneficii

118 2189 211 2219 curati
228 2189 274 2219 vel
293 2198 352 2220 non
371 2188 460 2219 curati
479 2187 536 2218 sive
554 2187 664 2218 alterius
684 2188 878 2226 cujuscunque
897 2187 1034 2218 Beneficii
1053 2188 1193 2220 Ecclesia-

119 2227 185 2257 stici
204 2226 332 2264 praediffl
352 2228 440 2257 curati
461 2226 505 2257 vel
525 2236 585 2256 non
600 2226 703 2262 curati,
720 2236 768 2264 per
784 2236 851 2258 eum
871 2225 1052 2257 Authoritate
1070 2228 1193 2265 praesen-

120 2266 192 2296 tium
212 2265 400 2302 imposterum
420 2265 569 2295 obtinendi
596 2264 804 2296 Poffeffionem
830 2265 943 2302 propria
962 2265 1143 2296 Authoritate
1163 2276 1193 2295 e-

119 2305 190 2334 tiam
209 2304 417 2342 apprehendere
437 2305 539 2333 intrare
554 2304 588 2334 &
606 2305 790 2342 continuare,
807 2313 840 2334 ac
859 2303 970 2333 insimul
991 2314 1058 2334 cum
1075 2304 1194 2342 Episco-

119 2351 187 2379 patu
206 2342 375 2373 Menevensi
395 2341 532 2379 praedieto
551 2342 583 2372 &
602 2342 709 2373 caeteris
729 2341 882 2372 Praemiffis
899 2342 1037 2372 omnibus
1053 2343 1086 2374 ὅτ,
1102 2343 1193 2382 fingu-

120 2383 153 2413 lis
178 2381 297 2412 durante
326 2380 392 2411 Vita
420 2380 465 2411 sua
492 2380 608 2411 naturali
637 2380 773 2419 praedidffi
793 2382 827 2412 δε
845 2380 981 2418 quamdiu
999 2381 1080 2412 illum
1098 2382 1192 2412 eidem

122 2420 307 2458 Episcopatui
326 2418 496 2451 Menevensi
523 2419 639 2457 praeeffe
658 2420 810 2458 contigerit
822 2443 832 2457 ,
848 2420 969 2450 retinere
988 2420 1021 2451 δε
1038 2420 1192 2459 poffidere,

121 2460 297 2497 illorumque
314 2460 446 2489 omnium
463 2459 497 2490 &
516 2459 708 2497 singulorum,
725 2467 783 2489 tam
803 2467 852 2495 per
870 2467 936 2488 eum
951 2459 1011 2496 jam
1033 2467 1062 2489 ut
1078 2459 1192 2496 praefer—

123 2505 169 2528 tur
197 2498 387 2528 obtentorum
415 2497 502 2535 quam
526 2496 712 2533 imposterum
728 2496 953 2527 obtinendorum
970 2497 1004 2527 ὅτ.
1022 2507 1122 2527 eorum
1140 2507 1193 2528 cu·

118 2535 234 2576 jussibet
253 2535 374 2566 Fruftus
393 2535 536 2567 Redditus
554 2535 714 2566 Proventus
731 2534 959 2565 Praeeminentias
978 2535 1110 2566 Proficua
1131 2537 1194 2567 Pri-

123 2575 225 2614 vilegia
244 2574 481 2605 Commoditates
498 2574 709 2604 Emolumenta
727 2573 924 2611 Dividentias‚
944 2574 1121 2611 quotidianas
1138 2575 1195 2606 Di-

125 2613 343 2645 stributionibus
355 2613 550 2643 Excrescentia
568 2614 601 2644 &
621 2611 795 2643 Pertinentia
813 2612 964 2650 praedi&a,
984 2613 1089 2643 etiamsi
1104 2614 1135 2642 in
1149 2622 1197 2644 aut

126 2652 209 2690 super
227 2651 330 2682 eisdem
352 2651 507 2688 Recitoria,
528 2649 709 2682 Canonicatu
729 2651 785 2682 five
806 2651 889 2690 Mag.
909 2650 1034 2689 Collegii
1054 2652 1195 2691 praedicti,

125 2699 175 2722 aut
199 2690 252 2721 alio
280 2689 425 2721 Beneficio
448 2689 648 2720 Ecclesiastico
673 2698 773 2720 curato
799 2690 846 2720 vel
870 2700 931 2719 nori
952 2698 1052 2720 curato
1071 2691 1195 2720 omnino

128 2729 309 2768 personaliter
324 2738 384 2759 non
400 2727 546 2766 resederit,
565 2737 611 2759 aut
632 2727 746 2759 Divinis
763 2729 795 2758 in
813 2727 920 2758 eisdem
940 2728 1118 2767 personaliter
1132 2739 1198 2758 om—

130 2768 204 2798 nino
223 2768 379 2798 interfuerit
394 2792 403 2805 ,
421 2767 539 2806 perinde
557 2777 591 2798 ac
609 2767 629 2797 fi
647 2766 746 2798 eadem
764 2767 861 2797 omnia
886 2768 920 2798 &
940 2767 1048 2804 singula
1065 2768 1198 2805 praedieta

129 2808 160 2836 in
174 2806 310 2837 Titulum
330 2805 518 2836 Canonicum
537 2806 701 2843 obtineret,
719 2816 752 2836 ac
771 2806 800 2835 in
820 2806 853 2836 ὃς
880 2805 961 2843 super
980 2806 1082 2836 eisdem
1101 2808 1199 2837 omni-

131 2845 185 2876 bus
203 2845 238 2875 &
258 2845 372 2882 singulis
389 2844 533 2883 praedictis
553 2844 731 2881 personaliter
749 2843 898 2881 resideret,
912 2854 946 2875 ac
966 2844 1081 2875 Divinis
1099 2846 1128 2874 in
1147 2847 1199 2875 eis-

128 2883 199 2914 dem
217 2882 395 2922 personaliter
411 2882 570 2921 interesset,
589 2883 619 2912 in
632 2882 696 2912 suos
710 2882 743 2913 &
758 2881 948 2912 Ecclesiarum
962 2883 1114 2921 respective
1129 2893 1200 2922 prae·

128 2922 271 2952 dictarum
289 2922 367 2952 Usus
384 2922 417 2952 &
435 2921 601 2952 Utilitatem
628 2920 746 2951 durante
772 2919 831 2951 vita
849 2920 894 2951 sua
913 2922 1029 2952 naturali
1047 2922 1199 2961 praediCta,

130 2962 166 2992 &
185 2960 322 2998 quamdiu
346 2970 413 2990 eum
434 2959 529 2990 eidem
549 2959 732 2997 Episcopatui
752 2958 924 2990 Menevensi
943 2961 1082 2998 praedidto
1099 2971 1201 2998 praees-

131 2999 159 3031 se
173 2999 359 3067 ffenfigerst,
383 3006 554 3029 convertere
579 2998 612 3028 ὃς
636 2998 777 3035 applicare
802 2997 890 3028 libere
910 2998 944 3029 &
969 2999 1043 3030 licite
1060 3001 1151 3030 valeat
1165 3001 1200 3031 &

151 3048 170 3068 o
195 3045 227 3067 it.

130 3048 148 3076 P
167 3076 215 3106 Ac
235 3076 346 3107 ulterius
365 3076 391 3105 ei
406 3074 586 3114 indulgemus
604 3083 635 3105 ut
649 3075 713 3106 haec
730 3075 830 3106 omnia
840 3074 975 3113 praedieta
989 3075 1127 3113 possideat
1140 3077 1203 3107 abs-

131 3124 188 3153 que
208 3114 401 3153 cujuscunque
418 3114 628 3152 impedimento
651 3114 814 3152 gravamine
840 3115 1048 3151 interruptione
1073 3115 1130 3145 sine
1156 3125 1193 3145 car

132 3153 280 3183 villatione
296 3177 305 3189 ,
336 3154 434 3190 aliquo
463 3151 534 3190 Jure
560 3152 778 3183 Constitutione
805 3152 885 3192 Lege
908 3152 1099 3184 Ordinatione
1125 3153 1201 3185 Adia

133 3191 349 3222 Consuetudine
369 3191 482 3222 Statuto
500 3191 619 3229 generali
636 3191 745 3230 speciali
770 3191 851 3222 locali
878 3191 1022 3229 capitulari
1048 3192 1201 3229 collegiato

134 3231 220 3262 etiam
243 3229 413 3269 Juramento
430 3252 439 3267 ,
466 3238 512 3259 aut
538 3230 627 3267 aliqua
650 3231 701 3260 alia
728 3229 775 3259 Re
799 3238 846 3260 aut
873 3228 963 3260 Causa
982 3240 1152 3269 quacunque
1170 3232 1200 3261 in

133 3270 310 3301 contrarium
325 3268 492 3299 facientibus
507 3269 537 3298 in
551 3268 647 3306 aliquo
661 3278 720 3299 non
731 3268 907 3300 obstantibus
925 3291 935 3307 ,
950 3271 1052 3306 quibus
1067 3271 1203 3301 omnibus

136 3311 170 3341 δε
183 3308 296 3347 singulis
315 3306 461 3337 Praemifla
481 3306 674 3346 quovismodo
693 3307 873 3347 tangentibus
886 3330 896 3345 ,
916 3316 1052 3345 quatenus
1065 3309 1133 3339 huic
1148 3318 1201 3339 no-

136 3346 201 3377 strae
216 3346 423 3384 Diipensationi
441 3345 488 3376 seu
505 3344 693 3376 Conceffioni
703 3346 825 3378 obvient
844 3355 944 3377 tenore
958 3346 1136 3385 praesentium
1152 3347 1204 3378 de-

137 3394 172 3417 ro
194 3396 290 3416 amus:

205 3425 314 3455 olentes
332 3425 365 3455 &
385 3423 548 3454 mandantes
563 3422 644 3462 quod
662 3422 726 3453 haec
746 3423 841 3454 nostra
858 3424 977 3463 praesens
997 3423 1154 3455 Concessio
1171 3427 1205 3457 δε

138 3463 321 3502 Dispensatio
350 3471 506 3500 exponatur
531 3462 564 3493 &
589 3461 762 3499 adjudicetur
787 3463 818 3493 in
835 3463 972 3493 omnibus
991 3462 1085 3494 Curiis
1104 3463 1206 3495 nostris

138 3503 174 3534 &
192 3503 258 3533 alibi
277 3502 307 3531 in
322 3500 523 3540 benignissimo
547 3500 636 3531 Sensu
660 3500 694 3530 δε
721 3510 774 3538 pro
794 3501 921 3531 maximo
939 3501 1114 3533 Commodo
1133 3512 1206 3540 prae-

139 3539 187 3572 fati
201 3540 331 3571 Gulielmi
349 3540 438 3570 Lana'
454 3539 609 3571 secundum
630 3548 728 3571 veram
749 3539 939 3570 intentionem
959 3539 1088 3572 nostram
1107 3543 1138 3572 in
1151 3542 1205 3573 hac

138 3587 230 3616 parte:

177 3618 296 3649 Proviso
311 3628 405 3648 tamen
431 3617 511 3655 quod
532 3616 609 3647 dista
630 3615 769 3647 Renoua
783 3616 817 3647 &
834 3615 959 3648 Ecclesia
975 3617 1149 3649 Parochialis
1169 3618 1205 3651 de

141 3655 280 3687 Ibstocke
291 3658 354 3687 alias
367 3656 487 3695 Ipstock
502 3658 530 3686 in
548 3655 699 3686 Comitatu
708 3654 871 3686 Leicestriae
880 3655 1010 3687 Dioecesi
1019 3656 1206 3688 Lincolnien-

142 3693 162 3722 si
181 3694 314 3731 praediffii
331 3695 440 3726 Curam
456 3696 623 3726 Animarum
645 3695 685 3724 uti
700 3694 881 3731 praemittitur
898 3694 1004 3725 habens
1019 3719 1028 3732 ,
1054 3707 1087 3727 ac
1101 3706 1203 3727 caetera

142 3732 286 3763 Praemifla
300 3744 349 3770 per
364 3745 431 3765 eum
443 3734 505 3773 jam
518 3743 550 3766 ut
563 3732 711 3771 praefertur
732 3733 849 3763 obtenta
864 3733 909 3763 vel
922 3734 1111 3771 imposterum
1128 3735 1203 3766 obti-

143 3770 254 3809 nenda,
273 3772 374 3803 debitis
389 3782 537 3810 propterea
549 3782 608 3802 non
629 3771 792 3803 fraudentur
815 3771 955 3809 obsequiis
975 3772 1008 3803 &
1028 3774 1108 3811 quod
1131 3774 1204 3804 Ani-

143 3817 256 3840 marum
274 3808 351 3839 Cura
364 3813 391 3840 in
412 3812 488 3842 dieta
503 3811 642 3842 Rettoria
655 3811 690 3841 &
705 3809 830 3841 Ecclesia
844 3809 1002 3841 Parochiali
1017 3811 1053 3842 de
1066 3811 1203 3843 lbstocke

139 3848 206 3878 alias
222 3846 355 3890 Ipi'tocke
369 3850 503 3887 praedicta
525 3851 559 3881 &
578 3850 686 3880 caeteris
699 3847 851 3880 Praerniffis
868 3849 1002 3879 omnibus
1024 3849 1057 3881 ὃς
1076 3851 1205 3890 singulis,

140 3887 162 3918 fi
183 3896 247 3923 quae
263 3885 311 3915 illis
327 3887 489 3925 immineat,
509 3888 665 3920 nullatenus
681 3888 854 3927 negligatur,
880 3886 926 3917 sed
945 3897 1048 3918 eorum
1068 3891 1200 3920 omnium

140 3923 530 3993 ffiasngffuclggiffltzespeetive
546 3927 685 3966 praedidta
696 3928 824 3967 congrue
839 3926 1036 3965 supportentur
1051 3937 1136 3961 onera
1151 3927 1201 3959 de·

178 4000 225 4032 Eo
240 4001 321 4040 quod
338 4001 464 4038 expressa
478 4000 607 4044 mentio,
624 4004 685 4037 &c-

176 4076 212 4112 In
229 4077 310 4117 cujus
327 4076 386 4117 rei,
405 4079 469 4111 ὃζς.

1197 150 1678 231 P‘UssticA.

2197 202 2279 249 sifi*

1248 299 1336 337 Teste
1353 306 1436 346 Rege
1450 309 1524 345 apud
1540 309 1799 352 Wstmonaflmum
1813 316 1918 349 ofitavo
1939 310 1997 349 Die
2011 317 2203 349 Novembris.

1661 390 1714 417 Per
1732 393 1824 421 Breve
1838 393 1869 421 de·
1885 396 2001 424 Privato
2014 394 2117 433 sigillo.

1222 459 2272 484 Ἣ

1214 510 1240 537 θὲ
1267 510 1395 544 Foeda-is
1407 512 1598 545 Haereditarii
1619 525 1686 545 cnm
1697 513 1861 558 Christiano
1874 522 1996 557 Quarto
2012 526 2192 558 ReaeDaniae
2211 529 2276 566 (in-

1259 562 1295 591 iti
1326 560 1482 594 Londmiis
1516 563 1650 605 vicesimo
1674 576 1745 594 nono
1771 565 1818 596 dic
1847 556 1960 611 stffllis
1996 556 2099 607 ῑιίιῖζκο
2117 578 2277 617 pmterito)

1259 608 1450 647 Confirmatio
1474 620 1529 656 per
1559 610 1714 656 Jazcobmn
1745 616 1869 660 Ariagne
1902 618 2059 651 Brit-annia
2089 624 2217 655 I-‘ranciae
2240 626 2277 660 ὠ·

1259 654 1409 690 Hibernia:
1434 661 1552 705 Regem.

1202 739 1232 810 J

1213 819 1324 848 linoulis
1340 822 1486 857 praesentes
1503 820 1609 851 Literas
1625 823 1797 860 inspecturis.

1251 841 1427 898 Postquam,
1453 862 1525 891 inter
1550 859 1619 889 Nos
1641 863 1673 891 ὃς
1696 863 1899 894 sereniffimurn
1930 865 2095 905 Principem
2118 869 2284 902 Dominum

1215 896 1243 926 C
1252 904 1274 924 H
1281 905 1307 941 'R
1318 904 1329 925 1
1341 906 1353 926 s
1363 908 1386 928 T
1397 908 1407 928 i
1420 910 1437 928 A
1450 908 1471 929 N
1482 908 1504 929 υ
1516 908 1543 929 Μ
1564 898 1627 936 (LU
1639 909 1657 929 A
1670 910 1692 931 R
1702 909 1724 930 T
1735 909 1756 930 u
1769 909 1794 930 M
1803 925 1811 939 ,
1831 902 1931 933 eadem
1949 906 2055 944 gratia,
2072 909 2176 937 Daniae
2212 911 2287 939 Nor-

1215 945 1308 977 wegtfie
1323 957 1332 972 ,
1356 937 1540 967 Vandalorum
1559 939 1753 979 Gottorumque
1778 939 1806 970 R
1819 951 1867 971 EG
1879 951 1895 970 i:
1908 952 1935 973 M
1950 967 1959 982 ,
1986 945 2100 976 Ducit
2110 954 2138 976 M
2165 932 2271 986 Siesuici

1216 973 1352 1010 Holsatiae
1370 998 1379 1013 ‚
1409 978 1567 1005 Stormariae
1583 987 1615 1018 fic
1637 978 1815 1018 Dithmarfiae
1829 1003 1838 1017 ,
1861 979 1915 1011 Co
1925 992 1952 1013 M
1963 992 1973 1012 Ι
1984 992 2006 1013 Τ
2017 994 2034 1014 E
2045 994 2072 1015 M
2090 989 2118 1015 in
2132 971 2291 1024 oldenburg}

1218 1012 1255 1047 ὠ
1273 1012 1482 1052 Delmenhorsb,
1501 1014 1770 1059 Conianguiiieum,
1790 1018 1937 1058 Affinem,
1966 1022 2091 1054 Fratrem
2107 1034 2142 1054 ac
2163 1025 2292 1063 Compa-

1219 1059 1292 1081 trem
1307 1052 1438 1097 nostr-um
1460 1053 1653 1098 charissimum
1677 1058 1856 1088 convenisset
1873 1080 1882 1096 ,
1902 1068 1933 1089 ut
1946 1061 2097 1094 aretiffima
2112 1062 2293 1103 Conjundtio

1221 1090 1254 1120 &
1270 1089 1424 1128 Armenia,
1443 1102 1560 1136 quam'a
1578 1091 1660 1123 Divis
1676 1093 1932 1128 Praedecefforibus
1947 1099 2046 1131 nostris
2062 1103 2090 1132 iri
2107 1102 2176 1133 Nos
2192 1110 2294 1141 propa-

1221 1136 1317 1168 gatam
1329 1152 1337 1167 ‚
1356 1129 1481 1160 fraterno
1496 1141 1659 1162 animorum
1675 1134 1814 1165 consensu
1832 1137 1989 1174 mutuisque
2012 1140 2108 1171 studiis
2132 1143 2165 1173 δε
2180 1142 2296 1173 Officiis

1225 1167 1387 1212 constanter
1402 1168 1511 1213 semper
1523 1169 1683 1208 coluimus,
1702 1174 1845 1211 quamque
1860 1185 1920 1205 non
1938 1177 2030 1207 ioliim
2049 1182 2190 1218 uti-iusque
2214 1180 2294 1220 Reg-

1224 1216 1266 1236 nis
1283 1215 1316 1250 ac
1331 1206 1490 1238 Provmciis
1505 1207 1620 1251 Magno
1637 1208 1819 1242 Ornaincnto
1833 1222 1866 1243 ac
1882 1212 2015 1245 Praefidio
2031 1218 2112 1248 fuisse
2126 1241 2134 1256 ,
2150 1219 2194 1250 sed
2211 1221 2295 1250 etiam

1228 1244 1416 1291 Subditorum
1433 1244 1494 1276 Res
1509 1255 1625 1284 privatas
1639 1255 1723 1284 atque
1748 1249 1952 1283 Emolumenta
1975 1256 2094 1287 mirifice
2120 1259 2296 1297 provexisse,

1227 1293 1257 1313 re
1270 1292 1329 1321 ipsa
1343 1287 1556 1322 comperimus,
1576 1295 1656 1316 novo
1672 1286 1782 1318 foedere
1798 1289 1967 1330 sanciretur,
1987 1295 2019 1325 ὃς
2041 1295 2074 1326 ad
2100 1296 2238 1329 Haeredes
2259 1306 2294 1329 ac

1227 1321 1407 1353 Successores
1420 1323 1533 1354 nostros
1551 1324 1682 1362 utrinque
1696 1335 1909 1364 propagaretur:

1269 1359 1361 1404 inque
1376 1371 1443 1392 eum
1464 1363 1552 1394 finem
1568 1361 1721 1403 Delegatos
1734 1375 1766 1395 ac
1778 1362 1997 1400 Commissarios
2012 1380 2078 1401 curn
2096 1373 2217 1410 plenaria
2234 1374 2296 1405 Au—

1227 1407 1349 1444 toritate·
1361 1400 1394 1430 &
1417 1399 1560 1446 Potestate
1577 1403 1708 1440 utrinque
1723 1404 1965 1438 constituissemus
1979 1431 1988 1446 ,
2013 1412 2050 1440 uti
2066 1420 2100 1441 ex
2117 1413 2298 1451 infrascriptis

1228 1436 1475 1481 Commiffionum
1492 1441 1610 1478 ipsarum
1633 1442 1762 1472 formulis
1782 1444 1894 1474 uberius
1915 1445 2028 1486 elucet,
2045 1457 2128 1487 atque
2141 1451 2179 1481 illi
2195 1454 2296 1487 vigore

1228 1474 1348 1520 istarum
1377 1476 1624 1523 Commissionurn
1651 1480 1820 1519 Negotium
1849 1482 2026 1521 suscipientes
2048 1487 2085 1517 de
2113 1489 2244 1520 Poimula
2262 1491 2297 1521 &

1229 1514 1362 1558 Articulis
1380 1516 1539 1561 hujusmodi
1560 1520 1688 1549 renovati
1709 1521 1743 1551 &
1762 1520 1941 1553 Haereditarii
1960 1524 2086 1556 Foedcris
2105 1527 2176 1557 intei·
2193 1529 2217 1559 se
2237 1529 2298 1566 pless

1230 1560 1306 1596 narie
1325 1556 1523 1587 convenissent
1540 1558 1573 1587 ὃς
1592 1558 1807 1597 transegiii'ent,
1835 1561 1872 1591 ita
1900 1570 1993 1592 tamen
2019 1572 2049 1595 ut
2077 1574 2130 1595 nos
2149 1568 2220 1597 intra
2238 1571 2298 1604 ipa-

1231 1599 1302 1634 tium
1321 1601 1440 1636 quatuor
1463 1594 1606 1626 Mensium
1626 1598 1757 1632 proxime
1775 1598 1950 1635 sequentium
1977 1611 2008 1631 ea
2024 1605 2120 1634 omnia
2142 1604 2299 1643 Diplonia⁴

1231 1629 1305 1673 tibus
1320 1629 1419 1662 nostris
1439 1631 1536 1671 Regiis
1555 1633 1787 1666 confirmaremus
1807 1639 1841 1668 ὃς
1859 1646 1915 1667 rata
1934 1639 1991 1669 esse
2008 1641 2170 1677 juberemus
2205 1646 2243 1675 uti
2263 1647 2298 1675 εἶ’

1230 1667 1313 1698 Azikis
1326 1669 1359 1698 &
1376 1668 1569 1702 Concordatis
1588 1674 1658 1702 inter
1678 1675 1828 1711 praedifios
1847 1675 1926 1706 Com
2175 1666 2184 1681 ³

1756 1714 1759 1718 Ι
1930 1678 2067 1710 miffarios
2088 1682 2197 1719 plenius
2216 1692 2299 1722 appa-

1230 1714 1292 1744 ret,
1314 1716 1380 1745 qua:
1399 1707 1436 1740 de
1452 1711 1542 1741 verbo
1559 1711 1593 1742 ad
1613 1712 1733 1742 veibutn
1753 1724 1791 1744 ita
1805 1715 1831 1744 se

1850 1714 1964 1747 liabent.

1269 1782 1383 1822 QUM
1401 1786 1575 1818 Sereniffimi
1600 1789 1634 1820 &
1652 1789 1843 1820 Potentiffimi
1867 1791 2014 1830 Principes
2028 1818 2037 1833 ,
2060 1795 2221 1833 Miconos,
2241 1796 2300 1830 Dei

1230 1820 1347 1861 Gratia,
1367 1827 1480 1864 Magnae
1495 1830 1674 1867 Britanniae,
1693 1832 1815 1859 Franciae
1830 1827 1868 1863 (ἐν
1888 1832 2025 1863 Hiberniae
2041 1837 2118 1873 Rex,
2139 1837 2219 1867 Fidei
2237 1837 2301 1868 De-

1231 1859 1324 1892 fensor
1338 1887 1348 1899 ‚
1372 1864 1434 1895 &c.
1452 1864 1491 1895 Et
1515 1865 1751 1898 Cuius-rmum
1773 1868 1963 1907 QUARTUS,
1982 1871 2081 1903 eadem
2099 1874 2216 1912 Gratia,
2236 1879 2300 1905 Da->

1231 1901 1301 1937 niae·‚
1320 1903 1661 1947 Norvegiae‚Gotthorum
1673 1929 1682 1944 ,
1699 1907 1928 1947 Vandalorumque
1948 1909 2019 1940 REX
2035 1934 2045 1949 ,
2071 1912 2149 1943 Dux
2174 1913 2284 1952 Slefiaici

1230 1937 1381 1980 Holfimae,
1399 1945 1557 1974 Stormari‘ae
1576 1945 1614 1981 ὠ
1636 1944 1950 1985 Dithmarfiae,CoMEs
1969 1952 1997 1978 in
2011 1950 2164 1989 oldenburg
2177 1952 2216 1987 όν
2230 1937 2300 1982 Βειξ

1233 1977 1383 2019 menhorst,
1408 1991 1461 2026 pro
1477 1982 1577 2020 Regiis
1596 1984 1650 2015 suis
1671 1984 1829 2016 Prudentiis
1844 2009 1853 2024 ,
1868 1987 1901 2017 &
1918 1987 2018 2018 eximia
2038 1989 2216 2028 Populorum
2234 1992 2298 2022 suo⁴

1234 2025 1298 2046 rum
1317 2022 1384 2062 cura
1403 2019 1472 2051 nihil
1487 2023 1627 2060 antiquius
1646 2023 1802 2055 statuissent
1818 2047 1827 2062 ,
1854 2026 1939 2063 quani
1957 2026 2068 2058 foedera
2087 2028 2129 2059 illa
2146 2037 2301 2069 renovare,

1236 2064 1301 2099 quae
1319 2068 1390 2089 inter
1408 2060 1502 2104 Divos
1514 2070 1622 2104 ‘eorum
1643 2062 1770 2101 Majores
1789 2065 1922 2102 utrinque
1950 2066 2161 2098 interceil'erunt
2175 2091 2184 2106 ,
2209 2078 2243 2099 ac
2268 2080 2300 2099 e-

1237 2103 1306 2125 tiam
1322 2106 1352 2127 ut
1369 2108 1437 2129 noVi
1456 2098 1578 2129 Articuli
1598 2101 1647 2138 qui
1663 2110 1697 2132 ex
1718 2103 1766 2133 usu
1786 2102 1976 2141 videbuntur,
1999 2104 2091 2136 habita
2110 2105 2300 2145 Temportim

1237 2135 1271 2164 &
1285 2133 1497 2182 'Status'rerum
1515 2138 1700 2182 praesentium¹
1715 2142 1838 2179 ratione,
1856 2144 1889 2173 δε
1908 2142 1943 2172 de
1962 2144 2063 2180 quibus
2082 2147 2233 2176 conveniri
2249 2156 2302 2183 po-

1239 2180 1303 2203 terit
1318 2198 1328 2218 ,
1345 2176 1747 2221 'prioribusTraCtationibus
1764 2180 1931 2212 adderentur
1949 2182 1982 2212 ad
2001 2182 2221 2221 Omnipotentis
2240 2185 2299 2215 Dei

1241 2211 1378 2258 Gloriam
1394 2238 1403 2252 ‚
1432 2216 1588 2247 firmiorem
1603 2216 1756 2249 Christiani
1773 2219 1862 2249 Orbis
1882 2220 1990 2250 Pacem
2003 2244 2012 2257 ,
2041 2221 2229 2253 Subditorum
2257 2235 2300 2254 rc-

1239 2251 1365 2289 spedhve
1386 2254 1589 2285 Commodum
1604 2278 1614 2292 ,
1642 2266 1757 2288 necnon
1786 2257 1820 2287 ad
1847 2258 2014 2289 Amicitiam
2033 2262 2175 2298 antiquam
2196 2263 2301 2292 mutuis

1238 2289 1373 2323 haetenus
1387 2301 1571 2338 propagatam
1587 2293 1709 2333 officiis,
1727 2296 1976 2335 honestissimaque
1989 2298 2049 2335 jam
2064 2299 2135 2330 olim
2160 2299 2300 2331 firmatam

1239 2329 1476 2370 Neceffitudine,
1494 2333 1608 2363 arctiori
1619 2334 1678 2370 jam
1695 2335 1813 2366 vinculo
1832 2335 2044 2366 stabiliendam:

1272 2368 1341 2400 Nos
1361 2380 1395 2401 ex
1416 2380 1492 2409 pai-te
1511 2371 1581 2402 dieti
1605 2372 1777 2404 Sereniffimi
1802 2377 1902 2411 Magni
1926 2377 2103 2406 Brittanniae
2124 2379 2247 2407 Franciae
2264 2376 2303 2413 &'

1234 2407 1379 2438 Hiberniae
1391 2413 1486 2448 Regis,
1505 2407 1565 2444 &a

1277 2447 1434 2479 Ludovicus
1449 2453 1517 2479 Dux
1535 2451 1688 2488 Lenoxiae,
1704 2450 1829 2488 Hospitii
1848 2450 1931 2490 Regii
1945 2451 2135 2491 Senescallus‚

1277 2488 1403 2528 Georgius
1417 2487 1546 2517 Marchio
1559 2488 1780 2525 Buckinghamiae
1789 2512 1799 2528 ,
1819 2489 1948 2527 Magnus
1961 2491 2131 2521 Admii‘allus
2148 2491 2278 2530 Angli-te,

1274 2524 1398 2562 Jacobus
1413 2526 1541 2556 Marchio
1553 2526 1734 2557 Hamiltoniae
1743 2552 1750 2565 ‚

1278 2562 1430 2596 Gulielmus
1443 2569 1533 2594 comes
1549 2566 1726 2595 Pembrochiae
1743 2565 1924 2598 Camerarius
1936 2567 2060 2605 Hospitii
2077 2567 2180 2608 Regii,

1279 2601 1396 2632 Thomas
1412 2608 1502 2633 Comes
1517 2604 1699 2641 Arundeliae,

1276 2639 1399 2680 Jacobus
1415 2645 1557 2673 Vicecomes
1574 2643 1762 2682 Domustrz‘ae,

1279 2682 1413 2711 Hem-icus
1429 2685 1572 2712 Vicecomes
1585 2681 1766 2711 falcolandiae
1777 2705 1786 2717 ‚

1280 2718 1395 2750 Thomas
1406 2720 1546 2750 Edmonds
1561 2720 1761 2750 Thesaurarius
1777 2719 1902 2757 Hospitii
1922 2720 2006 2759 Regii
2016 2743 2025 2759 ,

1280 2760 1408 2795 Georgius
1428 2758 1545 2788 Calvert
1562 2759 1649 2789 Urius
1663 2760 1680 2788 ὲ
1697 2758 1853 2789 Secretariis
1869 2759 1965 2797 Regiis
1985 2762 2139 2798 miniariis,

1283 2797 1369 2828 Fulko
1384 2797 1498 2827 Grevill
1510 2798 1649 2828 Scaccani
1664 2797 1752 2836 Regii
1766 2796 1956 2828 Cancellarius
1966 2823 1974 2834 ,

1276 2834 1376 2903 {nlius
1389 2835 1481 2876 Caefizr
1496 2835 1602 2867 Custos
1622 2836 1820 2867 Arcliivoruin
1838 2836 1936 2867 Curia:
1950 2836 2135 2868 Cancellaiiae
2145 2859 2154 2875 5

1239 2879 1247 2886 ⁵
1305 2882 1317 2904 t

1283 2897 1425 2944 Le’onellus
1440 2912 1588 2953 Cranfeild
1598 2912 1695 2944 Curi-te
1709 2913 1852 2952 Pupillaris
1864 2912 1984 2949 Praeses,
2002 2913 2119 2952 Equites
2144 2914 2240 2945 Aiirati
2250 2939 2258 2949 ,
2275 2915 2308 2946 ὅ(

1244 2950 1405 2984 Consiliarii
1424 2962 1526 2984 omnes
1538 2954 1556 2983 ὲ
1571 2952 1785 2984 Secretionibus
1800 2951 1933 2982 Consiliis
1954 2952 2023 2982 dieti
2048 2953 2219 2984 Screniffinii
2241 2953 2310 2984 Do-

1243 2991 1315 3020 mini
1331 2992 1441 3030 Regis,

1283 3029 1417 3062 Similiter
1442 3030 1512 3062 Nos
1532 3030 1617 3061 etiam
1645 3040 1678 3060 ex
1698 3037 1775 3067 parte
1797 3028 1866 3060 dieii
1891 3029 2062 3061 Serenil'simi
2083 3033 2206 3068 Danae,
2232 3031 2310 3059 Nor-

1245 3072 1345 3107 vegiae,
1363 3069 1536 3106 Gosthorusn,
1552 3068 1787 3109 Vandalorumque
1801 3092 1810 3106 ‚
1835 3071 1916 3105 Regis
1929 3093 1938 3106 ,
1964 3069 2024 3099 δίε.
2052 3070 2185 3098 Andreas
2211 3072 2307 3098 Same-

1243 3106 1305 3138 klar
1331 3108 1426 3146 Eques
1449 3109 1571 3139 Auratus
1586 3130 1595 3145 ‚
1626 3108 1722 3143 Regni
1750 3106 1854 3138 Daniae
1877 3108 1995 3137 Senator
2012 3132 2020 3145 ,
2044 3107 2157 3138 Militiae
2180 3108 2309 3137 Scanicae

1243 3146 1381 3185 Arcisque
1407 3148 1518 3178 Landes
1543 3146 1698 3177 Croneniis
1720 3146 1870 3183 praefed'tus
1886 3145 2089 3176 Haereditarius
2106 3148 2132 3176 in
2152 3145 2306 3187 Sainctklai-

1242 3186 1384 3216 resholm:
1414 3186 1614 3216 Procuratores
1632 3195 1664 3214 ac
1680 3185 1815 3222 Deputati
1838 3185 1872 3215 ad
1896 3186 1958 3214 h-:ec
1983 3184 2153 3222 perficienda
2175 3184 2307 3215 substitu-

1242 3226 1264 3256 ti
1285 3247 1294 3262 ‚
1331 3227 1364 3257 &
1400 3225 1602 3256 sufficientibus
1626 3224 1790 3262 idoneisque
1819 3223 1961 3253 Mandatis
1994 3224 2125 3260 uti-inque
2154 3222 2283 3253 instructi
2298 3246 2308 3260 ,

1245 3264 1343 3302 (prout
1356 3274 1432 3303 patet
1446 3273 1479 3295 cx
1495 3262 1756 3294 Comniiffionibus
1771 3262 1872 3293 nostris
1888 3262 2003 3292 inferius
2023 3261 2216 3300 registrandis)
2239 3261 2305 3299 post

2294 279 2371 311 Anii.
2382 280 2423 310 D

2315 319 2387 349 i625

2299 357 2426 394 19Jac.ir

2296 532 2310 548 ⁸
2329 522 2426 559 X'Vii:

2301 579 2366 607 329.

1246 738 1300 787 Ac
1311 751 1330 771 o
1340 750 1360 771 Β
1370 753 1391 774 U
1403 743 1507 789 &Dei
1524 743 1642 781 Gratia,
1662 748 1774 784 Magna
1790 749 1963 789 Βνίίακηῐιε,
1978 754 2102 783 Franciae
2120 754 2157 789 (θ’
2178 755 2278 787 Hilrer-
2297 761 2352 785 Rot.
2366 760 2433 784 Trass

1255 790 1307 809 mae
1329 783 1389 811 Rex
1412 784 1491 814 Fidei
1507 782 1663 821 Defensor,
1684 786 1744 815 ἅτε.
1764 787 1829 816 No
1842 795 1934 819 TUM
1954 790 2072 822 facimus
2093 797 2224 826 omuibus
2244 796 2276 826 &
2297 797 2360 823 &at-
2376 799 2434 822 At&

2302 835 2338 861 nis
2354 842 2395 867 17,

2309 871 2351 903 18,
2375 879 2418 901 io,

2307 919 2350 938 20.
2367 908 2429 946 Jac»

2310 954 2437 976 i.m.101

1243 3303 1406 3341 frequentes
1413 3302 1585 3335 Conventus
1597 3302 1655 3334 &a
1673 3303 1758 3332 varias
1768 3301 1994 3338 Disceptationes
2007 3301 2152 3331 dierorum
2164 3300 2304 3331 Potentis-
2320 3300 2335 3317 *
2355 3296 2454 3332 ΧνΙῘι·

1245 3343 1384 3372 fimorum
1401 3342 1567 3387 Principum
1582 3341 1744 3372 nostrorum
1760 3341 1897 3377 nomine,
1913 3341 2063 3369 communi
2078 3339 2208 3369 Consilio
2229 3349 2304 3370 con·
2320 3347 2382 3377 330,

1246 3382 1394 3418 venimus,
1409 3390 1598 3414 contraximus
1617 3380 1651 3410 &
1671 3379 1912 3409 concordavimus
1927 3377 2164 3417 Conventiones,
2184 3377 2305 3417 Capitu-

1247 3420 1362 3451 tationes
1375 3421 1410 3451 δε
1425 3420 1568 3453 Articulos
1586 3427 1649 3456 qua:
1663 3418 1824 3456 sequuntur.

1765 3492 1779 3524 Ι

1283 3538 1321 3568 ΙΝ
1344 3538 1467 3568 PRiMis
1487 3541 1664 3566 conventum
1683 3530 1885 3563 concordatum
1905 3532 1937 3562 &
1956 3531 2122 3563 conclusum
2142 3534 2201 3573 est,
2224 3535 2306 3573 qubd

1246 3578 1319 3608 inter
1338 3577 1469 3615 utrosque
1489 3575 1581 3613 Reges
1599 3572 1746 3611 praefatos,
1771 3580 1928 3608 eorumque
1949 3570 2084 3601 Haercdes
2103 3573 2136 3603 ὅ(
2153 3574 2305 3606 8υεςείίὸ;

1245 3625 1288 3646 res
1301 3639 1311 3654 ,
1335 3615 1437 3655 Regna
1452 3637 1461 3653 ‚
1488 3613 1651 3643 Provincias
1667 3634 1676 3649 ,
1700 3609 1836 3640 Subditos
1853 3610 1886 3639 ὅ(
1907 3608 2060 3652 Vaffallos,
2085 3619 2142 3641 tam
2159 3616 2209 3650 qui
2226 3625 2304 3646 nunc

1243 3654 1307 3685 sunt
1322 3676 1332 3692 ,
1358 3656 1445 3692 quam
1464 3653 1513 3690 qui
1529 3653 1557 3681 in
1577 3650 1722 3689 posterum
1741 3657 1839 3686 erunt,
1864 3647 1896 3677 sit
1914 3655 2127 3685 imperpetuum
2146 3674 2156 3689 ,
2176 3658 2234 3683 tani
2254 3656 2304 3691 per

1244 3692 1367 3723 Terram
1383 3715 1393 3731 ,
1421 3694 1509 3730 quam
1527 3700 1576 3728 per
1597 3688 1680 3718 Mare
1698 3690 1732 3719 &
1752 3688 1846 3725 Aquas
1862 3684 1959 3716 dulces
1977 3696 2009 3717 ac
2028 3687 2119 3718 ubivis
2137 3690 2272 3722 locorum
2290 3711 2301 3729 5

1246 3731 1368 3769 sincera,
1396 3740 1478 3770 vera,
1502 3727 1694 3760 irrevocabilis
1713 3728 1745 3757 ἃ
1764 3725 1887 3763 perfetta
1907 3725 2061 3764 Amicitia,
2090 3727 2147 3759 Pax
2163 3729 2196 3759 ὃς
2215 3731 2301 3762 C'orii.

1244 3770 1414 3808 foedermio,
1429 3771 1465 3800 ita
1484 3777 1514 3798 ut
1534 3775 1624 3804 neque
1642 3765 1691 3803 ipsi
1711 3766 1760 3795 sibi
1781 3766 1926 3802 invicem,
1944 3764 1989 3794 vel
2003 3765 2156 3797 alterutrius
2177 3769 2303 3809 Regnis3

1243 3808 1404 3839 Provinciis
1419 3831 1429 3846 ,
1452 3807 1575 3838 Subditis
1597 3810 1644 3834 aut
1671 3803 1794 3835 Vaffaliis
1821 3802 2047 3834 Incommodum
2067 3805 2155 3836 ullum
2172 3808 2218 3837 vel
2238 3808 2300 3840 De-

1243 3848 1415 3880 trimentum
1439 3845 1577 3884 Corporis
1599 3852 1645 3873 aut
1667 3842 1816 3873 Bonorum
1842 3842 1983 3879 inferant,
2009 3851 2102 3881 neque
2127 3846 2303 3878 consentiant

1242 3893 1289 3919 aut
1309 3887 1498 3926 permittant,
1523 3890 1662 3921 quantum
1678 3883 1707 3912 in
1726 3881 1788 3919 ipsis
1807 3881 1858 3911 etit
1869 3903 1879 3919 ,
1905 3890 1933 3911 ut
1952 3883 1988 3911 ab
2005 3882 2063 3912 aliis
2083 3883 2140 3914 hoc
2155 3883 2227 3922 fiat3
2254 3886 2301 3916 sed

1242 3926 1271 3957 se
1293 3925 1419 3955 invicem
1444 3922 1550 3953 sincero
1576 3921 1687 3951 Amore
1702 3930 1735 3951 ac
1755 3919 1822 3950 Fide
1840 3920 2070 3959 amplectantur,
2105 3922 2173 3954 alter
2196 3925 2304 3955 altem,

1247 3963 1411 3995 Utilitatem
1430 3964 1463 3994 &
1476 3960 1680 3991 Commodum
1693 3960 1735 3990 uti
1748 3959 1781 3989 ὃς
1795 3958 1980 3989 Subditoiuiri
1993 3959 2149 3997 respefflve
2169 3970 2301 4000 tanquam

1245 4003 1396 4042 proprium
1411 4007 1549 4039 quantum
1564 3999 1666 4037 poterit
1680 4007 1849 4037 promoveat
1865 3999 1898 4028 ὃς
1915 3997 2049 4036 provehat
2081 3999 2192 4029 Damna
2206 4009 2301 4030 autem

1246 4043 1280 4072 &
1296 4041 1447 4072 Interitum
1461 4037 1594 4068 omnibus
1607 4037 1730 4075 viribus,
1748 4044 1806 4067 tam
1820 4035 1910 4068 Facto
1928 4037 2015 4076 quani
2035 4020 2183 4077 Consiliis,
2201 4039 2302 4069 itidem

1247 4087 1281 4111 ac
1298 4080 1445 4118 proprium
1461 4076 1595 4115 impediat
1608 4085 1640 4108 ae
1657 4081 1770 4108 avertam
2264 4107 2299 4143 Π
