2557 4279
128 159 185 200 44

0 232 110 264 innD.
125 234 193 276 fiae,
219 232 369 266 CoMizs
392 232 422 262 in
441 227 614 267 oldenburgh
635 228 669 259 ὃς
692 222 905 270 deenhwll,
929 221 1080 266 Dominus
1100 217 1196 264 noster

7 281 93 310 1590·
137 273 389 309 clementissimus,
407 279 467 301 tam
482 278 518 300 ex
535 268 637 298 Literis
650 267 827 297 Serenissmii
843 266 980 291 Scotorum
993 262 1070 297 Regis
1093 257 1197 296 Jacobz

0 321 21 342 ‚2
49 312 117 337 aiz..

23 354 85 385 Reg.

4 1951 69 1981 Bibl.
78 1955 140 1979 Cot-

5 1989 142 2018 tonfialha

9 2034 35 2056 D
53 2028 140 2066 7.fol.

142 314 220 342 Sexti
233 335 243 349 ,
271 313 374 349 Regiae
395 309 476 346 ipiius
497 307 653 345 Majestatis
676 301 891 341 Consanguinei
912 298 1016 340 Affinis
1042 298 1075 328 ὃς
1096 296 1200 326 Fratris

142 350 312 389 charissimi,
338 349 421 387 quam
437 356 472 378 ex
485 346 627 377 luculenta
641 345 674 375 &
696 349 841 377 accurata,
866 336 1129 381 generolorum&
1143 334 1197 378 cla·

143 389 316 421 riffimoruni
332 389 494 418 serenitatis
513 385 592 426 ipsius
613 383 792 420 Legatorum
817 378 974 422 Oratione,
992 374 1136 412 perspicue
1153 382 1201 418 ⁴in-

141 431 247 462 teilexit
261 429 362 468 quibus
375 434 444 457 cum
460 424 604 454 Mandatis
622 423 637 452 a
651 420 732 451 dieto
747 417 931 449 Serenissimo
946 412 1075 451 Rege‚ad
1092 414 1202 447 Regmm

140 469 216 509 ipsfus
230 465 406 506 Majestatem
417 464 468 494 sint
481 462 622 499 ablegati3
640 469 704 498 quae
719 459 821 501 etiam,
837 462 1001 498 quanquam
1018 460 1117 493 graves
1125 449 1203 493 Cau-

142 510 196 546 iac,
213 507 354 544 imprimis
368 505 441 534 vero
458 502 582 532 utilitatis
597 506 766 530 communis
780 495 813 525 &
830 491 1011 535 Reipublicae
1033 488 1204 532 Christianae

142 547 223 578 Pacis
237 555 271 577 ac
286 542 511 582 Tranquillitatis
525 538 713 577 procurandae
735 533 887 569 Studium,
904 534 1091 573 Sere71thtem
1114 530 1199 570 ipsius

142 589 178 616 ad
194 586 222 615 id
237 584 357 615 Consilii
369 579 540 619 capiendum
556 576 736 615 impulerint,
754 572 789 602 ad
804 572 869 601 haec
884 569 985 612 quibus
997 576 1097 612 viisrac
1111 574 1198 595 ratio-

142 624 223 654 nibus
236 623 271 654 ad
284 623 341 659 eins
351 622 392 652 sui
408 617 550 656 Propoiiti
565 617 650 646 finem
657 612 853 649 effectumque
868 611 1031 653 serenitatis
1044 603 1121 645 tpfius
1136 613 1199 646 per-

143 662 238 693 venii'i
253 661 334 700 poffe
350 658 510 693 existimet3
528 655 669 692 denique,
682 650 754 720 1quid
767 650 782 678 a
796 650 879 685 Regia
888 645 969 689 ⁹tpfius
992 642 1199 687 questatexm

141 701 244 732 eadem
259 700 349 731 Causa
362 696 487 728 viciffim
503 693 627 732 praestari
641 700 680 731 po
708 689 778 719 ulet:
797 687 833 717 de
846 686 948 728 quibus
960 683 1110 726 omnibus,
1127 689 1200 710 curn

141 741 276 781 exiguum
290 736 463 770 deliberandi
478 743 590 771 tempus
611 734 696 766 Regia
711 725 788 769 ipfiur
808 727 864 768 Ma
877 722 947 766 estur
965 719 1104 763 petiisset,
1122 728 1201 762 nunc

144 778 212 816 Re,
229 788 298 810 cum
314 774 474 814 magnificis
488 773 521 803 &
534 774 672 810 generoiis
693 767 830 797 Dominis
881 770 950 798 egni
969 764 1008 789 lui
1029 758 1202 801 Proceribus

142 827 177 848 ac
199 817 400 851 Senamribus,
425 808 659 849 communicata,
680 806 709 836 in
731 804 810 833 hunc
831 800 969 845 modum,
991 797 1027 839 de
1040 796 1199 827 eorundem

141 855 303 888 Procerum
323 856 357 887 &
377 853 548 885 Senatorum
570 847 699 878 Consilio
719 843 942 877 sententiaque,
974 834 1203 874 respondendum

139 895 198 967 effie
205 902 393 967 §ffiffifflss
407 930 495 965 vero,
513 934 571 956 tam
587 924 623 955 de
644 921 740 953 Salute
760 921 850 962 Regiae
861 914 940 957 ipstus
961 911 1120 952 MaJestatis
1144 919 1204 957 tam

141 976 237 1008 amice
250 972 397 1007 nunciata,
413 969 446 999 ὃς
461 963 662 997 Benevolentia
676 983 686 999 ,
703 961 737 991 ὅς
753 958 988 999 studio-fraterno
1001 956 1207 994 dezat02quam

141 1016 179 1046 de
193 1021 290 1045 mutua
303 1013 336 1043 &
352 1008 457 1038 fincera
471 1003 667 1034 Consiliorum
681 1000 715 1029 δι
729 997 938 1038 Sententiarum
947 990 1203 1036 Communicatio-

144 1061 198 1091 neq
214 1052 295 1082 dieto
307 1044 492 1080 Serenissirno
509 1045 646 1070 Srotorum
658 1032 940 1077 Regi,Sereniffimus
954 1033 1057 1074 Damq
1073 1028 1110 1072 (ᾗῇ
1125 1029 1204 1057 Nor-

144 1095 228 1130 uagiae
247 1089 305 1127 &c.
324 1091 402 1123 Rex,
421 1082 566 1114 Dominus
582 1077 677 1108 noster
699 1071 949 1115 clementiffimu8‚
968 1068 1079 1112 Gratias
1099 1075 1204 1103 ingen-

144 1141 186 1165 tes
220 1116 249 1161 tit
262 1138 311 1166 par
325 1125 381 1161 est,
401 1124 473 1162 agit,
489 1120 523 1150 &
537 1119 552 1148 ‘a
568 1116 706 1157 generosis
723 1123 755 1144 ac
770 1108 933 1153 charissirnis
947 1106 1083 1150 Dominis
1095 1104 1202 1147 Qrato-

143 1154 222 1203 tibiis
244 1161 462 1198 clementissime
487 1159 557 1197 petit
571 1165 619 1192 ut,
642 1156 670 1184 in
686 1153 775 1184 reditu
788 1149 829 1195 *ad
851 1147 964 1192 dietum
985 1145 1201 1188 Serenissimum

145 1213 285 1239 Scotorum
298 1207 394 1240 Regem
405 1224 415 1240 2
436 1207 494 1229 tam
509 1196 578 1233 suo,
597 1194 682 1232 quam
697 1187 881 1222 Seremffimo
895 1188 1008 1229 Regrnae
1029 1183 1132 1214 Matris
1147 1182 1204 1212 suae

146 1245 295 1279 cariffimae
316 1240 454 1276 nomine,
482 1236 632 1266 Serenitati
652 1231 733 1269 ipsius
756 1226 877 1271 vicissim
900 1224 1056 1267 plurimum
1077 1221 1204 1265 Salutem

146 1282 340 1316 amantissimis
353 1278 447 1310 verbis
460 1282 623 1314 precentur,
642 1272 676 1302 &
689 1269 763 1299 hanc
779 1273 931 1309 gratiarum
948 1262 1105 1309 Aetionern
1114 1283 1123 1297 ‚
1136 1269 1205 1290 cum

147 1333 245 1356 mutua
258 1322 378 1356 eorum3
394 1325 475 1356 quae,
494 1323 552 1344 tam
573 1313 588 1340 a
604 1309 740 1340 Materno
763 1304 900 1344 Affectu,
919 1310 1003 1344 quam
1031 1312 1047 1331 a
1070 1301 1207 1342 kraterno

148 1366 259 1394 Amore
273 1369 305 1390 ac
321 1354 530 1389 Benivolentia,
557 1347 699 1388 proficisci
719 1345 849 1385 poffunt,
875 1340 1044 1371 btudiorum
1065 1338 1208 1369 delatione

146 1401 332 1434 renuntient,
686 1425 691 1430 .
737 1424 742 1429 ι
919 1420 924 1425 .
1013 1417 1019 1423 ⁴
1156 1415 1161 1419 ῃ
1187 1414 1192 1419 .

187 1437 279 1477 Quod
294 1436 368 1466 verb
381 1431 417 1462 ad
429 1430 574 1460 summum
591 1425 757 1464 Legationis
766 1421 861 1460 Caput
877 1426 993 1456 attinet,
1012 1427 1041 1446 in
1057 1425 1116 1454 quo
1133 1414 1208 1444 divi-

150 1489 186 1510 na
202 1479 235 1509 &
250 1476 366 1506 heroica
380 1469 513 1509 quaedam
526 1467 693 1495 Serenitatis
705 1462 788 1500 ipsius
805 1461 910 1501 virtus,
927 1466 996 1500 curn
1011 1455 1123 1498 summa
1138 1453 1210 1496 Pru-

149 1518 246 1548 dentia
260 1512 436 1550 conjuncta,
453 1507 565 1542 elucet,
583 1504 653 1534 dum
669 1501 847 1532 imminentia
867 1497 1001 1540 Lccleliae
1015 1492 1125 1537 Christi
1144 1490 1210 1521 Dis-

149 1556 272 1587 crimina
312 1560 345 1581 ex
367 1548 478 1579 bellicis
493 1544 666 1574 vicinorum
684 1541 799 1578 Regum
814 1536 947 1581 Motibus
955 1556 972 1578 ².
989 1535 1142 1571 prospieit,
1161 1531 1211 1574 ὃς,

153 1576 448 1634 provido’Consilio,
470 1583 527 1622 qua
542 1583 649 1612 ratione
662 1590 694 1609 ea
708 1578 827 1608 devitari
841 1574 1029 1642 declinaritfie
1045 1570 1148 1609 possint
1158 1592 1167 1607 ,
1183 1579 1213 1612 in

154 1632 286 1664 medium
300 1626 438 1663 consulit,
452 1622 617 1658 animosque
632 1617 836 1648 Dissidentiurn
850 1622 922 1643 mter
936 1611 964 1642 se
1018 1618 1120 1650 egum,
1141 1616 1213 1638 ami-

166 1686 1227 1717 W

181 1800 239 1832 Pro
263 1788 420 1828 Edwardo
441 1787 568 1821 Norreis
590 1783 719 1822 Milite,
753 1790 842 1826 quem
868 1779 982 1824 Regina
1005 1771 1191 1822 Toparcham

441 1832 549 1884 Oppidi
574 1831 610 1865 de
633 1828 744 1875 Ostend
763 1827 932 1874 affignavit.

167 1941 288 2001 AFter
302 1950 352 1973 our
367 1936 456 1969 hartie
473 1929 747 1978 Commendations.
903 1964 909 1969 α
984 1962 990 1968 .
1209 1975 1220 1980 -

258 1979 398 2011 Whereas
413 1976 463 2006 her
477 1969 604 2010 Majestte
613 1968 675 2006 ,for
690 1967 737 1997 the
752 1966 844 1996 better
853 1962 1032 1994 SatisfaCtion
1045 1960 1081 1990 of
1089 1960 1136 1989 the
1153 1957 1207 1989 Bur

168 2023 257 2060 geffes
271 2020 326 2050 and
343 2014 536 2049 Inhabitantes
550 2011 585 2040 of
595 2008 645 2039 the
656 2007 774 2037 Towne
788 2003 824 2033 of
834 2001 954 2041 ostend,
971 2001 1036 2045 bath
1050 1997 1176 2043 resolved
1191 2006 1222 2040 to

168 2062 275 2094 xevoke
297 2058 340 2089 Sir
355 2055 434 2095 John
457 2051 586 2082 eona-aie
606 2045 737 2082 Knight,
754 2042 808 2074 and
834 2051 866 2071 to
882 2041 962 2079 place
984 2049 1014 2083 in
1029 2039 1073 2082 his
1086 2036 1163 2082 steed
1179 2035 1223 2066 Sir

168 2099 298 2131 Ea'ward
317 2096 447 2126 Norreis,
470 2091 576 2126 beinge
600 2096 616 2116 a
637 2083 811 2114 Gentlenian
826 2080 862 2110 of
876 2079 957 2119 good
975 2078 1142 2108 Diicretion
1165 2074 1221 2118 Va-

163 2141 224 2171 lour
239 2137 292 2169 and
308 2134 499 2174 Experience,
516 2126 570 2158 and
584 2134 640 2155 one
656 2123 713 2153 that
730 2123 752 2151 is
767 2119 832 2151 well
847 2118 977 2162 thought
989 2116 1026 2147 of
1042 2118 1079 2156 by
1099 2115 1146 2146 the
1166 2113 1221 2157 said

162 2179 391 2210 Inhabitauntesz,
406 2169 468 2199 NVe
483 2168 555 2197 have
572 2163 697 2199 thought
712 2159 789 2203 good
813 2166 844 2188 to
860 2167 968 2196 require
988 2165 1046 2196 you
1064 2163 1095 2198 to
1118 2152 1221 2193 signify

165 2227 198 2249 to
214 2217 262 2248 the
276 2212 387 2253 Estam
404 2204 534 2238 Generall
548 2204 604 2234 and
624 2200 759 2231 Counlell
771 2197 807 2228 of
818 2196 913 2227 Estate
929 2196 976 2225 the
990 2192 1110 2231 espen-all
1126 2192 1221 2222 Choi-

164 2267 198 2287 ce
214 2257 262 2285 her
277 2249 406 2290 Majestie
418 2246 485 2277 hath
499 2243 579 2274 made
595 2240 630 2271 of
642 2239 696 2269 this
705 2235 948 2273 Gentleman‚her
962 2232 1099 2270 Highnes
1107 2229 1222 2261 Graunt

163 2295 230 2325 bein
255 2303 270 2323 e
292 2291 359 2321 well
381 2288 505 2317 knowen
526 2289 600 2312 unto
623 2279 722 2315 thern,
740 2276 857 2307 whome
871 2273 943 2303 alsoe
965 2273 1010 2302 for
1026 2271 1086 2301 that
1102 2269 1222 2307 purpose

164 2334 215 2364 her
232 2303 359 2368 {hieme
373 2325 440 2356 bath
452 2320 583 2360 specially
600 2314 797 2348 commended
812 2321 843 2343 to
858 2312 905 2342 the
920 2314 1012 2341 States
1026 2308 1173 2346 Generall,
1191 2316 1224 2338 to

165 2374 200 2402 be
219 2373 239 2402 b
275 2367 348 2400 their
363 2360 559 2395 Commiffion
576 2354 730 2395 appointed
749 2352 906 2382 Governor
922 2350 1017 2387 there,
1034 2348 1088 2378 and
1103 2347 1224 2390 ushome

161 2411 234 2441 alsoe
241 2381 297 2440 libe
309 2401 448 2436 doubteth
464 2407 514 2430 not
528 2398 581 2427 but
594 2395 654 2425 that
670 2393 706 2423 he
721 2391 780 2435 will
795 2400 875 2429 carry
884 2388 1011 2419 himselfe
1027 2396 1057 2417 to
1074 2386 1146 2416 their
1162 2385 1224 2424 Ly-

166 2451 254 2486 kinge
267 2445 322 2477 and
338 2443 564 2473 Contentment,
583 2435 612 2463 in
627 2433 676 2462 the
695 2430 855 2473 Discharge
869 2427 906 2458 of
915 2427 963 2457 the
979 2424 1068 2456 Trust
1083 2433 1224 2455 commit-

166 2497 177 2519 t
195 2488 213 2518 d
229 2496 261 2516 to
277 2485 337 2514 him
374 2479 447 2510 both
461 2477 506 2506 for
520 2475 569 2504 the
590 2470 644 2502 saie
663 2469 805 2505 keepinge
819 2466 875 2497 and
899 2464 978 2502 good
1001 2464 1224 2506 Governement

167 2499 204 2556 oef
220 2525 268 2555 the
288 2504 427 2555 Toxivne3
449 2514 494 2544 for
515 2510 614 2542 which
636 2507 744 2550 respetfik
765 2516 836 2546 your
858 2504 927 2535 ihall
949 2502 1027 2533 deale
1049 2502 1120 2531 With
1144 2500 1224 2530 thern

168 2563 242 2595 both
257 2561 302 2591 sor
317 2559 366 2590 the
379 2554 545 2595 grauntinge
558 2550 601 2580 his
613 2547 712 2578 Patent
726 2555 755 2575 in
770 2543 848 2584 good
870 2541 925 2572 and
940 2541 1035 2580 ample
1048 2540 1154 2577 forme,
1170 2538 1223 2568 and

169 2603 215 2633 for
235 2602 279 2630 his
299 2596 555 2631 entertaignement
576 2586 630 2618 and
648 2585 836 2616 alloweaunce
852 2590 883 2612 to
906 2580 990 2610 make
1009 2588 1039 2620 yt
1051 2588 1080 2608 as
1100 2578 1184 2621 large·
1198 2587 1225 2621 as

172 2651 230 2709 y⁰<i¹
243 2648 296 2707 ⁶3¹¹
311 2637 542 2705 ἒὲῗῗεῗῖῃζὲὠξ
544 2620 914 2695 22¹331315292ff132¹¹³0233
916 2617 1225 2687 ῖξὲᾛηξῗιωὲῗῖἲέἓ

167 2688 257 2751 31³1}an
278 2687 456 2745 {ommitted
482 2714 553 2736 unto
570 2703 630 2733 him
647 2713 657 2739 3
740 2699 835 2729 herein
860 2704 993 2736 praylnge
1012 2704 1068 2734 you
1087 2703 1118 2724 ro
1135 2692 1225 2723 afford

170 2759 234 2788 him
251 2762 322 2792 your
339 2748 400 2781 best
420 2744 605 2784 Aisystaunce
621 2739 675 2771 and
694 2737 804 2776 Helpe,
822 2736 884 2767 We
903 2733 961 2774 byd
980 2743 1038 2774 you
1057 2732 1160 2771 hartely
1184 2731 1225 2762 fa-

169 2794 274 2827 rewell.

207 2871 298 2904 From
313 2866 362 2898 the
375 2863 471 2894 Court
485 2868 512 2891 at
526 2856 662 2889 Otelands
679 2854 728 2886 the
745 2851 815 2882 11th
829 2850 866 2881 of
879 2848 993 2888 August
1013 2855 1095 2887 1590.

461 2941 527 2968 Your
545 2935 653 2971 Iovinge
671 2929 814 2966 Freindes,

328 3019 356 3058 J.
374 3017 597 3049 Housman.

331 3057 386 3087 W.
405 3055 655 3086 BURGHLEY.

333 3095 373 3126 C.
391 3093 597 3124 Howann.

332 3134 366 3164 F.
385 3131 581 3162 CoBHAM.

331 3172 374 3203 T.
390 3169 612 3200 Huni-:Aoo

329 3210 359 3249 J.
375 3208 579 3239 WoLLEir.

330 3249 359 3288 J.
378 3247 640 3277 FoRTEchE.

182 3383 231 3414 De
256 3373 451 3420 Commiffione
467 3370 592 3418 speciali
613 3368 657 3401 ad
680 3365 890 3414 inquirendum
914 3362 951 3395 de
975 3363 1060 3394 Bonis
1084 3359 1233 3405 Hispano-

404 3433 474 3456 rum
497 3424 528 3453 in
552 3421 686 3452 Civitate
709 3415 841 3450 London.
865 3411 1026 3445 concelaeis.

33 3548 110 3578 Am.
127 3544 167 3576 D.
189 3522 345 3594 REgina
359 3522 420 3552 &c.
438 3516 546 3548 dileeto
561 3515 595 3546 &
610 3512 686 3543 fideli
700 3512 749 3543 suo
765 3510 896 3550 Johanm'
910 3510 1002 3538 Harte
1020 3504 1110 3536 Militi
1128 3502 1237 3545 Majori

59 3594 142 3623 1590.

276 3561 405 3591 Civitatis
426 3556 573 3592 London,
590 3562 642 3590 ac,
660 3550 826 3591 praedileem
842 3551 876 3580 ὃ(
897 3546 971 3577 fideli
989 3543 1156 3587 Consiliario
1170 3544 1236 3586 suo,

192 3601 298 3631 Thomae
314 3601 430 3629 Domino
442 3591 609 3632 Buckhurst,
625 3600 658 3621 ac
674 3591 777 3627 etiam,
794 3587 899 3618 dilecto
922 3586 955 3616 &
977 3583 1051 3614 fideli
1070 3580 1238 3611 Consihano

33 3625 173 3652 R‘t‘d‘di‘
193 3640 261 3677 suo,
277 3637 406 3676 Johanni
422 3631 556 3671 Fortescue
572 3630 726 3672 Arniigero
740 3624 968 3658 Subthesaurario
988 3620 1146 3667 Scaccarii‚
1170 3628 1239 3662 nee-

32 3672 79 3705 vf⁷
89 3672 109 3688 ¹⁵
122 3671 170 3687 ‘m'
193 3688 270 3715 non,
282 3675 392 3706 dileffis
406 3673 438 3702 δί
451 3670 577 3701 fidelibus
590 3669 660 3705 iuis,
677 3669 789 3703 Georgia
803 3667 912 3693 Barnes
926 3664 1047 3706 §.2⁰ng
1062 3658 1159 3687 Bonde
1175 3656 1239 3687 Mi-

32 3709 116 3728 'mm'
126 3709 172 3727 ²⁹·
188 3716 300 3752 litibus,
318 3714 351 3744 &
365 3713 481 3742 Henrico
496 3706 665 3747 Billingefley
683 3704 879 3737 Aldertnanno
894 3701 1024 3732 Civitatis
1038 3696 1142 3727 nostrae
1157 3696 1238 3726 Lon-

185 3756 245 3785 don
254 3777 263 3791 ,
275 3753 411 3783 Salutem.
630 3784 635 3788 ¹
782 3781 787 3787 .
932 3779 938 3783 Ι

227 3793 246 3812 *¹
268 3791 348 3821 Csim
367 3788 464 3818 datum
478 3784 525 3815 -est
549 3783 650 3814 Nobis
673 3782 790 3821 intelligi
808 3778 889 3818 quod
909 3775 1015 3808 diversa
1033 3773 1115 3804 Bona
1135 3772 1193 3803 Res
1207 3773 1241 3804 &

35 3821 54 3840 ὕ
85 3821 170 3848 XVI·
189 3828 380 3860 Mercandisae
400 3825 435 3856 ad
456 3823 593 3854 Subditos
607 3823 683 3857 Regis
706 3823 861 3859 Hispaniae,
881 3816 930 3848 sub
946 3814 1093 3846 Dominio
1116 3811 1241 3850 ejusdem

73 3859 120 3895 83.

188 3869 276 3908 Regis
290 3865 433 3903 Hispaniae
447 3861 591 3892 residentes
603 3861 636 3892 &
653 3860 822 3895 habitantes,
841 3858 874 3888 &
890 3864 949 3885 non
963 3851 1111 3897 existentes
1126 3852 1154 3881 in
1168 3849 1238 3880 Pro—

186 3908 312 3938 tectione
327 3903 419 3934 nostra
435 3902 465 3930 in
480 3901 603 3939 partibus
619 3897 720 3934 Belgiae
733 3920 743 3934 ‚
760 3906 814 3926 nec
836 3894 903 3925 alibi
916 3891 1067 3935 nobiscum
1089 3899 1118 3918 in
1135 3887 1239 3932 Foede-

182 3956 214 3976 re
229 3947 261 3977 δε
280 3942 433 3977 Amicitia,
451 3939 616 3976 pertinentia
628 3937 662 3967 &
678 3935 830 3973 spectantia
851 3933 931 3970 sunt,
950 3939 1008 3962 tam
1032 3927 1102 3959 infra
1126 3926 1238 3970 (Inita-

183 3994 244 4015 tem
261 3981 389 4014 nostram
406 3976 540 4008 London.
557 3977 645 4014 quam
666 3973 737 4010 infra
755 3972 937 4003 Comitatum
958 3967 1089 4002 nostrum
1104 3964 1238 3997 Muelle-

179 4024 279 4062 sexiae,
297 4021 314 4053 ὲ
329 4019 409 4051 nobis
423 4014 567 4049 concelata
583 4014 615 4044 &
630 4011 730 4051 injuste
743 4006 875 4048 detenta,

542 125 1938 185 ooNvENTioNES,L1‘i-ERAE‚

1235 218 1271 249 ca
1284 213 1503 254 Interceffione,
1522 215 1672 246 tentandos
1684 213 1924 254 explorandosque
1943 210 2055 251 censet,
2072 219 2144 242 num
2165 205 2296 251 reconci-
2312 195 2444 231 &ln-D·

1236 256 1301 287 liatfi
1320 256 1393 284 inter
1413 255 1488 293 ipsos
1507 254 1747 294 redintegrataque
1769 254 1886 291 Gratia,
1909 252 1943 284 ad
1966 252 2050 283 Pacis
2067 252 2100 283 &
2116 246 2297 280 Concordiae
2330 246 2418 288 1599·

1238 293 1438 333 Cogitationes
1452 291 1529 322 fleffi
1541 292 1699 331 adducique
1711 302 1829 330 queant,
1848 292 1942 329 Regia
1954 291 2036 330 ipsius
2050 287 2185 327 Majestas
2198 285 2294 316 arderi-
2315 287 2349 314 32
2374 281 2444 304 ΕΜ·

1238 332 1378 365 tisfimum
1404 330 1483 361 illum
1504 333 1667 362 Serenitatis
1684 331 1760 372 ipfius
1783 330 1905 368 Zeluin,
1922 329 2144 368 praeclarumque
2161 325 2298 368 Studium
2348 321 2407 352 ΚΕΖ·

1239 373 1273 404 &
1289 370 1473 400 Voluntatem
1486 368 1523 398 de
1537 367 1697 406 Republica
1708 369 1871 399 Christiana
1885 370 1962 399 bene
1983 367 2127 404 merendi,
2144 364 2300 400 condignis

1241 409 1372 441 laudibus
1393 407 1544 445 extollere,
1564 406 1680 445 satisque
1699 407 1904 438 commendare
1917 417 1976 437 non
1991 405 2100 444 potest,
2122 414 2216 442 neque
2236 411 2298 432 tan-

1242 449 1306 480 tum
1320 446 1420 477 Media
1433 447 1449 476 a
1463 448 1618 476 Serenitate
1635 445 1713 486 ipfius
1734 446 1892 483 propofita,
1913 446 1998 483 plane
2014 444 2120 475 idonea
2134 444 2168 474 &
2190 450 2300 472 conve-

1242 486 1347 518 nientia
1356 507 1366 522 ‚
1379 484 1414 516 ad
1428 484 1612 522 expediatum
1625 492 1811 524 optatumque
1826 483 1961 514 Fruetum
1974 482 2209 520 consequendum
2222 479 2299 511 arbi-

1242 534 1344 562 tratur,
1358 523 1461 554 veriim
1474 524 1561 554 etiam
1575 525 1658 554 omni
1673 522 1767 553 studio
1778 524 1808 552 in
1823 522 1944 553 eandem
1960 531 2058 552 curam
2071 520 2240 551 incumbere
2256 518 2298 549 se-

1236 564 1262 594 se
1277 563 1366 600 velle,
1388 572 1509 600 quaeque
1525 560 1561 593 ad
1579 561 1752 600 adjuvandos
1774 560 2039 598 promovendosque
2060 568 2119 589 tam
2138 560 2199 596 pios
2220 558 2298 599 ipfius

1236 604 1401 632 Serenitatis
1413 609 1531 631 conatus
1543 601 1636 631 facere
1649 600 1728 638 poss'e
1738 600 1877 637 judicabit
1885 622 1895 638 ,
1912 608 2015 629 eorum
2037 598 2119 628 nihii
2129 596 2301 635 praetermis-

1236 641 1331 671 surum
1346 641 1427 670 certo
1440 639 1607 679 pollicetur3
1627 639 1656 668 in
1669 648 1756 677 quem
1770 638 1855 669 finem
1870 638 1923 668 suis
1936 636 2052 674 Litteris,
2066 645 2126 667 tam
2142 636 2176 666 ad
2185 634 2298 665 Elecfio-

1239 691 1281 709 res
1295 679 1382 719 quam
1397 678 1432 708 ad
1450 679 1518 708 alios
1533 681 1643 716 Imperii
1656 680 1791 715 Principes
1806 677 1892 714 datis,
1909 678 1994 713 Regia
2009 674 2087 714 ipfius
2104 673 2240 714 Majestas
2253 673 2299 704 di-

1240 718 1305 748 &os
1319 720 1484 747 Ser-enitatis
1498 716 1575 758 ipfius
1591 715 1726 747 Oratores
1746 716 1860 746 abunde
1875 714 2022 751 instruxit,
2041 713 2142 752 quibus
2157 723 2206 752 ut,
2225 722 2298 743 con-

1234 757 1343 796 junffls
1362 756 1380 776 *
1402 755 1515 786 Animis
1531 755 1704 793 studiisque,
1731 753 1913 793 Reipublicae
1932 752 2103 783 Christianae
2117 752 2302 789 periclitantis
2316 744 2337 764 *¹
2363 746 2448 774 XVI-³

1239 795 1317 826 saluti
1331 793 1494 832 consulant,
1508 793 1605 824 sedulo
1620 803 1667 823 eos
1679 793 1857 831 adhortatur,
1874 793 1915 823 uti
1929 802 1963 823 ex
1977 790 2070 828 fideli,
2090 790 2299 828 generosorum
2353 783 2416 821 3²2

1240 845 1274 865 ac
1296 833 1513 864 clarissimorum
1535 832 1754 870 Dominorum,
1775 831 1975 862 Dominorum
1996 829 2153 859 Oratorum
2169 828 2304 859 relatione

1243 875 1394 903 Serenitati
1410 871 1488 911 ipfius
1502 871 1611 909 plenius
1623 870 1780 908 constabit,
1803 871 1851 901 cui
1865 870 2066 908 prosperimam
2080 866 2282 898 Valetudinem
2291 889 2303 905 ,

1243 912 1414 949 felicemque
1427 910 1524 948 Regni
1536 909 1825 940 Administrationem
1833 932 1843 947 ,
1857 911 1991 938 omnium
2001 907 2162 938 Aetionum
2175 916 2208 936 ac
2217 905 2302 936 Con-

1245 951 1368 981 siliorum
1384 949 1549 988 prosperum
1564 956 1719 986 eventum,
1736 957 1770 978 ex
1786 949 1898 978 Animo
1912 955 2052 985 precatur.

1280 988 1358 1027 Qiae
1384 989 1482 1018 omnia
1502 989 1587 1023 Regia
1607 985 1684 1031 ipfius
1706 985 1859 1025 Majestas,
1889 986 1905 1016 a
1929 985 2068 1025 generofis
2089 984 2123 1015 &
2145 981 2303 1014 clariffimis

1243 1027 1380 1057 Dominis
1392 1026 1562 1056 Oratoribus
1576 1033 1645 1066 petit
1659 1024 1759 1055 eadem
1772 1021 1827 1055 fide
1841 1026 1874 1055 &
1889 1025 2067 1061 dexteritate,
2086 1022 2142 1063 qua
2166 1023 2196 1052 in
2211 1031 2302 1059 expo-

1241 1066 1340 1097 nendis
1359 1065 1411 1096 suis
1431 1063 1575 1094 Mandatis
1594 1064 1656 1094 sunt
1673 1063 1729 1102 usi,
1748 1066 1897 1093 Serenitati
1918 1064 1995 1105 ipfius
2015 1061 2165 1092 renuntiari
2182 1083 2193 1099 ,
2229 1070 2304 1098 quos

1242 1114 1358 1144 propter
1379 1104 1539 1140 Virtutem,
1552 1101 1754 1140 Prudentiam,
1769 1103 1801 1134 &
1822 1103 1853 1132 in
1877 1104 1959 1133 rebus
1979 1101 2095 1138 agendis
2114 1098 2304 1136 Industriam,

1241 1145 1345 1174 merito
1358 1143 1425 1173 facit
1440 1141 1575 1179 plurimi,
1593 1141 1726 1179 suamque
1745 1141 1930 1172 Voluntatem
1956 1142 1990 1173 ὃς
2010 1140 2152 1170 Favorem
2176 1138 2303 1177 Regium

1240 1184 1279 1213 eis
1294 1180 1513 1213 clementiffime
1526 1180 1685 1219 promittit,
1698 1188 1781 1217 atque
1795 1179 1869 1210 adeo
1883 1180 1976 1211 felicia
1995 1178 2096 1209 omnia
2115 1178 2150 1209 δι
2173 1177 2305 1216 prospera

1241 1222 1276 1252 ad
1288 1220 1452 1252 Institutum
1466 1220 1539 1248 inter
1551 1218 1744 1258 peragendum
1757 1225 1878 1256 exoptat.

1283 1298 1434 1335 Signatum
1447 1296 1476 1325 in
1492 1294 1583 1334 Regia
1599 1293 1704 1326 nostra.
2016 1293 2045 1325 Si
2067 1293 2116 1324 illo
2128 1291 2229 1323 nostro
2244 1292 2309 1322 Re-

1245 1339 1294 1377 gio
1312 1359 1322 1374 ,
1351 1334 1585 1377 subscribentibus
1602 1333 1638 1364 ad
1661 1333 1908 1376 Gubernationem
1928 1331 2027 1372 Regni
2084 1333 2203 1370 eputatis
2225 1329 2310 1361 Con-

1246 1376 1347 1446 {illiasriii
1357 1372 1605 1451 5{co-Senatorihus
1617 1394 1629 1410 ‚
1664 1371 1723 1404 Die
1751 1373 1887 1403 viceiimo
1915 1382 1996 1403 nono
2013 1371 2081 1412 Julii
2097 1393 2108 1409 ‚
2145 1371 2237 1401 Anno
2255 1368 2308 1400 Sa-

1378 1488 1556 1520 Niconaus
1576 1486 1676 1518 Kaas.

1382 1528 1504 1559 PETER
1530 1525 1678 1558 Munere.

1384 1566 1574 1596 Geonolus
1596 1563 1896 1596 CHRISTOPHERUS.

1381 1604 1636 1635 Rescomtaurz
1655 1603 1864 1634 Limnoria.

1257 1734 1364 1766 Lettre
1385 1730 1431 1765 du
1453 1729 1583 1764 Conseil
1607 1729 1646 1764 de
1669 1730 1695 1764 la
1719 1730 1845 1774 Reine,
1878 1730 1929 1763 sur
1954 1741 1991 1764 ce
2024 1740 2090 1774 que
2113 1730 2151 1763 sa
2176 1726 2315 1772 Majeste

1300 1792 1316 1814 a
1338 1779 1431 1814 etabli
1455 1780 1482 1812 le
1505 1777 1676 1812 chevalier
1699 1777 1844 1814 Edward
1876 1778 2008 1813 Norreis
2036 1778 2254 1813 Gouverneur
2275 1775 2317 1811 de

1302 1829 1330 1864 la
1351 1828 1438 1863 Ville
1462 1825 1657 1862 d’Ostende.

1261 1912 1385 1973 ΑΡνές
1401 1925 1446 1945 nos
1459 1912 1623 1952 complimem
1631 1912 1755 1953 finceres.

1353 1958 1457 1983 Comme
1474 1956 1511 1982 Sa
1530 1951 1652 1991 Majeste
1671 1964 1688 1981 a
1705 1951 1806 1991 rsb'olu,
1823 1960 1890 1989 pour
1905 1950 1936 1980 Ia
1948 1950 2010 1989 plus
2024 1950 2130 1988 grande
2138 1947 2319 1991 sbtirfal't'ion

1260 1993 1304 2022 des
1329 1996 1471 2029 Bourgeots
1496 1989 1534 2026 ᾤ’
1553 1991 1696 2021 Habitans
1715 1993 1748 2021 de
1765 1991 1793 2020 la
1812 1993 1840 2020 V
1841 1990 1889 2019 ille
1906 1989 2083 2028 d’Ostende,
2098 1990 2130 2018 de
2150 1989 2279 2028 rappeller
2293 1989 2319 2018 le

1261 2031 1406 2062 chevalier
1421 2031 1490 2070 Jean
1509 2029 1650 2061 Conwaie
1671 2028 1710 2064 ῤ’
1733 2030 1765 2059 de
1784 2029 1809 2058 le
1829 2027 1972 2067 remplacer
1987 2038 2043 2067 par
2062 2029 2088 2058 le
2107 2027 2254 2058 chevalier
2275 2027 2317 2058 E-

1259 2070 1363 2102 douard
1379 2070 1501 2101 Norreis
1515 2091 1525 2106 ‚
1555 2067 1752 2099 Gentilhomme
1765 2068 1797 2097 de
1811 2067 1953 2106 discretion
1968 2091 1978 2104 ,
2009 2067 2040 2096 de
2062 2065 2162 2097 valeur
2181 2066 2219 2101 ὠ·
2241 2066 2320 2096 d'ex-

1253 2114 1376 2148 perience
1394 2132 1404 2148 ‚
1435 2107 1474 2143 &
1501 2109 1534 2138 de
1567 2111 1613 2147 qui
1645 2106 1683 2136 les
1709 2105 1842 2136 habitans
1873 2114 1923 2136 ont
1955 2105 2044 2135 bonne
2075 2108 2183 2144 opinion
2205 2115 2216 2141 ,-
2251 2116 2318 2135 nous

1259 2160 1348 2179 avons
1361 2149 1465 2178 trouvts
1473 2147 1525 2177 bon
1538 2146 1570 2175 de
1585 2156 1653 2177 vous
1665 2145 1800 2176 ordonner
1813 2144 1846 2174 de
1859 2148 2056 2186 communiquer
2075 2155 2132 2174 aux
2154 2143 2234 2174 Etats
2254 2142 2319 2174 Ge-

1259 2197 1362 2219 neraux
1379 2185 1417 2222 &
1432 2198 1470 2216 au
1484 2190 1542 2216 Con
1559 2185 1596 2214 eil
1609 2185 1717 2214 d'Etat
1731 2183 1756 2213 le
1770 2182 1848 2213 choix
1860 2183 2017 2220 partit-ulier
2031 2193 2081 2224 que
2099 2185 2136 2212 Sa
2159 2181 2285 2218 Maieste':
2301 2193 2320 2211 a

1252 2225 1316 2265 fait
1338 2228 1370 2257 de
1391 2237 1417 2254 ce
1438 2225 1535 2255 Genti!
1568 2235 1652 2261 mme,
1677 2230 1747 2253 cette
1768 2222 1906 2261 conceffi'on
1927 2221 1987 2252 leur
2007 2223 2090 2251 {tant
2107 2221 2168 2250 bien
2191 2230 2319 2257 connue;

1256 2274 1325 2304 pour
1339 2274 1379 2295 cet
1393 2263 1458 2303 effi’t
1473 2267 1509 2293 Sa
1525 2262 1646 2300 Majeste
1660 2261 1698 2291 l'a
1713 2260 1780 2300 auffi
1795 2259 2046 2300 particulierement
2065 2261 2254 2289 recommande‘
2263 2270 2322 2289 aux

1262 2304 1339 2334 Etats
1353 2303 1522 2339 GenerauX,
1541 2301 1600 2342 ajin
1614 2311 1664 2342 que
1675 2309 1728 2339 par
1742 2302 1800 2329 leur
1815 2298 1979 2338 Commiffion
1999 2298 2050 2337 ily
2063 2298 2121 2335 soit
2141 2298 2227 2327 e'tabli
2247 2300 2324 2328 Gou-

1263 2353 1400 2380 vernem,
1419 2353 1452 2371 ne
1467 2341 1585 2370 doutant
1594 2348 1644 2378 pas
1658 2339 1726 2380 qu’il
1738 2350 1772 2368 ne
1783 2338 1811 2376 [ἓ
1825 2345 1954 2377 comperte
1969 2336 2048 2377 fi’lon
2066 2336 2124 2366 leur
2145 2337 2324 2374 approbativa

1262 2381 1300 2416 όν
1310 2382 1326 2411 ἃ
1336 2381 1393 2411 leur
1407 2386 1610 2409 contentement
1624 2378 1642 2407 ax
1651 2389 1663 2407 s
1673 2382 1797 2418 aquitter
1812 2377 1844 2406 de
1858 2376 1886 2405 la
1899 2375 2034 2416 confiant-e
2047 2378 2094 2417 qui
2108 2374 2147 2404 lui
2162 2374 2200 2414 est
2215 2379 2323 2405 commi·

1255 2419 1306 2460 ft,
1326 2428 1395 2458 pour
1417 2418 1446 2447 la
1460 2418 1527 2457 sicre
1543 2418 1627 2455 garde
1648 2415 1686 2451 ὠ·
1703 2425 1773 2454 pour
1792 2414 1816 2444 le
1830 2415 1882 2445 bon
1899 2421 2115 2452 gouvernement
2129 2413 2204 2443 dela
2218 2413 2300 2443 Plare
2314 2425 2327 2452 3

1262 2470 1331 2489 vous
1350 2461 1487 2488 traiterez
1507 2467 1576 2485 avec
1590 2467 1644 2485 eux
1652 2454 1703 2494 ficr
1718 2466 1745 2484 ce
1758 2453 1834 2493 fiq'et
1847 2477 1856 2492 ‚
1891 2452 1951 2493 afin
1976 2452 2054 2495 qu'ils
2067 2452 2106 2482 lui
2124 2452 2267 2482 accordent
2284 2451 2323 2492 ſs

1263 2500 1384 2527 Patente
1403 2507 1437 2525 en
1460 2495 1547 2524 bonne
1568 2493 1606 2528 ὠ·
1626 2493 1714 2531 ample
1725 2491 1836 2531 forme,
1854 2491 1892 2527 ό·
1908 2502 1978 2530 pour
1985 2490 2039 2531 son
2055 2495 2189 2521 entretisn
2204 2490 2322 2530 &pour

1256 2535 1301 2575 ses
1313 2539 1513 2576 appointemens
1527 2536 1574 2572 qui
1579 2530 1676 2570 seront
1689 2531 1756 2570 auffi
1769 2531 1879 2560 e'tendus
1895 2540 1945 2568 que
1957 2540 2026 2559 vous
2040 2529 2078 2558 les
2085 2538 2205 2568 pourrez
2217 2538 2317 2568 procu-

1262 2585 1324 2613 rer,
1338 2584 1391 2614 par
1408 2574 1441 2602 oia
1455 2571 1477 2601 il
1489 2581 1561 2600 aura
1576 2569 1614 2604 &
1627 2569 1688 2609 plus
1701 2568 1874 2598 d’authorite'
1882 2570 1920 2602 &⁵
1932 2566 1993 2606 plus
2005 2568 2039 2596 de
2054 2578 2159 2606 moyens
2167 2576 2235 2607 pour
2249 2568 2320 2597 s’ac-

1263 2617 1368 2655 quitter
1374 2612 1411 2641 du
1419 2610 1481 2651 βίη
1498 2607 1536 2644 &⁵
1551 2609 1583 2638 de
1598 2608 1626 2638 Ia
1640 2607 1776 2645 confiance
1789 2606 1861 2636 dela
1875 2605 1957 2635 Pt’ace
1964 2606 2040 2636 idont
2052 2604 2076 2634 il
2086 2605 2123 2644 est
2138 2605 2254 2642 charge,
2271 2609 2319 2636 En

1262 2656 1325 2693 quoi
1340 2661 1408 2681 vour
1417 2653 1518 2690 priant
1532 2647 1564 2676 de
1579 2646 1618 2677 lui
1649 2646 1723 2676 reter
1737 2653 1799 2677 tout
1814 2652 1895 2675 votre
1907 2643 2016 2683 secours
2036 2642 2074 2679 (ῥ’
2089 2652 2171 2675 votre
2191 2643 2317 2684 affistan,

1262 2702 1306 2730 ce,
1326 2699 1392 2721 nous
1404 2698 1473 2719 vous
1487 2684 1576 2726 difims
1594 2698 1613 2716 a
1641 2697 1683 2715 eu.

1298 2850 1343 2877 De
1357 2852 1435 2876 notre
1449 2845 1519 2873 cour
1533 2840 1553 2871 ἃ
1567 2838 1702 2870 Otelands
1716 2837 1742 2868 le
1757 2847 1801 2868 ii.
1813 2835 1923 2867 d’Aoit
1940 2844 2026 2875 1590.

1555 2917 1618 2949 Vos
1635 2916 1708 2947 bons
1726 2915 1826 2953 Amis,

1446 2994 1700 3027 .H1msna.x1.

1471 3034 1748 3065 .BuRoHL1·:r.

1420 2996 1467 3065 ge

1460 3071 1685 3103 .HOWARD.

1455 3110 1670 3141 .C013HAM.
1699 3122 1712 3136 0

1462 3149 1712 3180 ,Hammon

1451 3187 1680 3217 .WOLLEY.

1452 3249 1459 3255 .
1477 3226 1737 3256 Foru-escun.

1426 3073 1459 3264 *hv-iim

1230 3295 2282 3320 w

1310 3352 1410 3385 Sciatis
1433 3351 1518 3390 igitur
1537 3347 1618 3388 quod
1633 3346 1721 3384 Nos,
1736 3345 1876 3386 praemissa
1889 3344 2112 3382 considerantes,
2126 3352 2160 3374 ac
2185 3344 2221 3375 de
2241 3343 2329 3375 fideli-

1275 3394 1377 3424 tatibus
1391 3391 1424 3422 &
1439 3387 1564 3429 providis
1578 3385 1895 3424 circumspectionibus
1902 3382 1999 3415 vestris
2012 3382 2166 3420 plurimum
2181 3382 2328 3413 confideri—

1278 3441 1337 3468 tes,
1353 3427 1554 3465 affignavimus
1570 3435 1623 3456 vos
1634 3447 1644 3463 ,
1663 3422 1932 3454 Commiffionarios
1946 3420 2075 3458 nostrOS,
2086 3430 2120 3450 ac
2136 3430 2186 3457 per
2201 3421 2329 3452 Praesen-

1279 3479 1320 3500 tes
1333 3468 1432 3498 damus
1447 3465 1531 3494 vobis
1546 3465 1579 3494 &
1593 3464 1683 3494 tribus
1699 3461 1825 3492 vestrfim
1839 3464 1974 3500 (quorum
1988 3468 2043 3489 vos
2054 3458 2185 3496 praefatos
2198 3458 2328 3489 Thomam

1275 3510 1424 3538 Dominum
1446 3501 1596 3542 Buckhurst
1621 3503 1655 3534 ὃ(
1675 3500 1839 3540 Johannem
1859 3497 1998 3537 Fortefiue
2008 3506 2096 3527 unum
2111 3496 2167 3527 effe
2182 3497 2328 3535 volumus)

1274 3547 1389 3586 plenam
1401 3541 1573 3574 Potestatem
1590 3541 1623 3572 &
1638 3540 1846 3570 Auctoritatem
1861 3537 1895 3568 ad
1910 3534 2124 3580 inquirendum,
2139 3543 2199 3578 tarn
2211 3545 2262 3575 per
2277 3535 2328 3566 Sa-

1276 3591 1456 3615 cramentum
1470 3581 1631 3618 proborum
1644 3578 1821 3616 &legalium
1835 3574 2002 3606 Hominum
2013 3573 2049 3603 de
2062 3572 2197 3609 praedieta
2218 3573 2328 3605 Civita-

1276 3631 1305 3654 te
1325 3620 1422 3652 nostra
1440 3618 1577 3650 London.
1601 3619 1635 3649 &
1657 3616 1808 3647 Comitatu
1829 3612 1927 3645 nostro
1943 3610 2154 3655 Middlesexiae,
2171 3620 2204 3640 ac
2224 3621 2327 3642 eorum

1276 3663 1365 3692 altero
1374 3683 1385 3699 ,
1402 3668 1435 3689 ac
1449 3658 1581 3687 omnibus
1596 3656 1655 3686 aliis
1667 3656 1720 3686 viis
1735 3654 1826 3685 modis
1838 3653 1871 3683 &
1887 3650 1986 3681 mediis
2000 3650 2101 3688 quibus
2116 3648 2215 3679 melius
2237 3649 2329 3681 scive-

1279 3701 1338 3731 ritis
1358 3706 1406 3729 aut
1427 3696 1571 3734 poteritis,
1595 3703 1656 3725 tam
1670 3694 1741 3724 infra
1756 3693 1910 3723 Libertates
1924 3690 2009 3727 quam
2023 3696 2098 3718 extra
2140 3687 2176 3717 de
2191 3688 2329 3719 omnibus

1279 3739 1314 3769 &
1328 3735 1439 3775 singulis
1452 3734 1537 3764 Bonis
1551 3733 1650 3763 Rebus
1666 3734 1699 3764 &
1715 3728 1917 3765 Mercandifis,
1932 3726 1967 3758 ad
1982 3725 2075 3756 dietos
2094 3710 2228 3756 §ubditos
2243 3727 2330 3764 ‘Regis

1279 3775 1441 3816 Hispaniae‚
1458 3771 1509 3803 sub
1522 3771 1668 3802 Dominio
1681 3770 1804 3808 ejusdem
1826 3766 1915 3805 Regis
1934 3764 2081 3795 residentes
2100 3764 2133 3794 &
2155 3764 2329 3804 habitantes,

1280 3816 1313 3847 &
1327 3825 1386 3844 nori
1399 3810 1545 3842 existentes
1557 3812 1588 3840 in
1602 3810 1786 3840 protectione
1799 3805 1894 3836 nostra
1906 3805 1937 3834 in
1950 3803 2076 3847 partibus
2089 3800 2209 3840 Belgiae,
2228 3812 2282 3834 nec
2297 3814 2329 3834 a-

1277 3853 1331 3884 libi
1344 3854 1374 3883 in
1388 3850 1513 3882 Foedere
1526 3850 1559 3880 &
1575 3848 1712 3879 Amicitia
1726 3845 1893 3880 nobiscum,
1911 3840 2114 3886 peronentibus
2126 3841 2160 3872 &
2180 3841 2331 3878 speetantis

1277 3893 1330 3922 bus
1343 3913 1354 3930 ‚
1371 3899 1421 3928 per
1435 3889 1627 3928 quoscumque
1640 3886 1674 3917 &
1691 3885 1932 3924 qualitercumque
1951 3879 2026 3924 infra
2047 3877 2200 3922 Ciyitatem
2215 3879 2249 3911 &
2263 3879 2328 3911 Co.

1277 3932 1411 3962 mitatum
1427 3926 1582 3965 praedietos
1598 3932 1643 3957 aut
1657 3932 1758 3954 eorum
1773 3922 1973 3956 alterum,tam
1985 3917 2057 3962 infra
2066 3917 2223 3948 Libertates
2236 3919 2328 3956 quam

1275 3979 1372 4006 exrra,
1392 3968 1409 3998 a
1424 3966 1508 3996 nobis
1529 3965 1590 3996 sunt
1613 3962 1760 3994 concelata
1773 3958 1909 3991 subtratsta
1921 3957 1955 3988 &
1966 3955 2073 4000 iniuste
2087 3955 2200 3999 detenta
2209 3978 2233 4000 ,.
2243 3967 2277 3987 ac
2291 3956 2328 3987 ad

1275 4015 1401 4048 quorum
1417 4014 1516 4036 manus
1530 4003 1722 4040 devexerunt5
1738 4009 1772 4032 ac
1783 4001 1816 4030 in
1828 4005 1953 4037 quorum
1966 3995 2098 4027 manibus
2111 4003 2175 4032 Jarn
2187 3994 2329 4033 existunt,

2297 4041 2333 4064 ac
