2557 4279
718 158 829 200 ΕΤ.
914 157 1178 200 ACTA
1266 154 1730 210 PUB'LICA,

13 245 143 283 Ann.D.
163 247 241 280 suam
262 255 397 286 tanquam
415 244 576 276 Dominum
599 244 780 283 Superiorem
799 245 1050 286 prosequerentur,
1064 245 1114 275 ubi
1135 243 1229 274 neutri

35 295 117 325 1591-
163 289 236 327 parti
251 287 372 326 Justitiae
395 294 430 314 ex
448 294 532 322 aequo
549 284 775 327 administrandae
797 285 868 314 ratio
888 284 955 327 esset
974 284 1227 321 defutura3verum

15 336 58 366 33.
79 327 145 352 eriz·
165 327 199 357 ad
219 336 262 357 eas
281 325 350 362 ipsas
373 323 478 353 Literas
502 331 588 361 regias
609 332 657 361 per
676 331 787 353 certum
811 322 975 352 Hominem
996 322 1126 353 nostrum
1150 322 1229 352 reite

2286 188 2351 228 77

1268 241 1325 274 sera
1354 255 1549 288 ¹aucunement
1574 251 1691 295 relentie
1714 263 1736 296 a,
1757 254 1889 299 l’endroit
1906 258 1943 290 de
1962 258 2058 291 vostre
2085 258 2208 299 subject,
2231 270 2337 299 pauvre
2353 256 2425 288 Ann.
2442 258 2483 292 D.-

1266 282 1492 350 lGentilhomme
1501 299 1535 331 2²
1554 299 1602 326 (lul
1622 290 1680 334 1⁷01!
1700 290 1769 322 fal&
1787 299 1835 323 tres
1853 298 1926 337 *rand
1942 299 2069 336 tort,luy
2087 297 2178 328 ostant
2197 310 2256 330 non
2272 300 2332 329 seu-
2381 306 2462 335 1591.

1277 331 1374 353 ernent
1394 325 1432 354 les
1456 336 1569 357 moreris
1587 327 1623 357 de
1646 328 1713 359 faire
1736 330 1774 360 les
1796 331 1826 360 O
1862 345 1906 364 ces
1929 338 1961 366 ὃς
1980 337 2125 368 Debuoirs
2144 347 2198 375 que
2214 338 2275 369 doit
2291 348 2329 368 ou
2349 344 2394 372 33-
2411 339 2480 369 bliz-

48 368 108 400 Reg.

165 364 281 396 redditas
313 362 445 392 Lubecen.
464 360 612 399 questati
630 364 719 398 Regiae
740 360 813 391 aliud
840 362 897 391 fere
920 361 990 391 nihil
1011 360 1228 398 responderunt,

163 412 248 441 quam
267 400 303 431 de
326 400 484 431 Conventu
501 409 549 437 per
572 410 620 430 eos
643 409 722 430 certo
738 399 804 430 loco
826 399 979 437 habendo,
993 401 1020 429 in
1042 409 1128 437 quem
1143 398 1226 429 Con-

162 441 322 472 iultationes
342 441 399 469 suas
419 439 548 469 collaturi
568 439 638 477 sint,
660 440 757 476 postea
780 446 874 468 tamen
898 440 1094 477 cognovimus
1111 437 1226 468 eosdem

164 477 329 517 Lubecenses
348 501 358 517 ,
396 487 467 508 cum
485 479 594 507 caeteris
608 477 782 514 Anseuticis,
805 476 996 507 Conventum
1012 477 1092 507 suum
1110 476 1227 506 Lubecae

162 518 298 555 peregisse
318 528 328 553 3
367 517 393 546 in
416 525 475 555 quo
490 526 522 546 ea
535 516 571 546 de
589 527 618 546 re
635 516 761 547 Confiha
777 516 959 545 contulerunt
972 515 1006 545 &
1022 515 1226 546 constituerunt

162 555 268 593 aliquid
288 556 430 592 secretius,
447 556 562 585 remotis
577 556 662 585 etiam
678 554 855 590 Secretariis,
869 564 905 595 ne
920 553 1000 583 facile
1013 554 1104 593 spargi
1118 555 1224 592 posset:

159 592 195 624 Id
218 596 289 624 vero
311 593 390 632 quale
407 594 438 623 sit
452 603 505 623 nec
521 594 592 623 dum
608 593 751 630 potuimus
765 593 940 629 cognoscere
952 614 962 629 ,
996 594 1064 630 quin
1086 602 1180 624 tamen
1195 594 1226 624 sit

159 632 300 671 ejusmodi
314 632 391 669 quod
408 632 524 662 fortasse
538 632 571 662 &
586 632 686 661 Nobis
700 631 733 661 &
756 629 893 659 Societati
910 630 1075 667 Anglicanae
1092 642 1151 662 non
1165 632 1228 662 satis

161 671 289 710 expediat
304 670 511 701 subverendum
527 669 655 707 videtur,
671 669 749 709 quod
770 677 847 698 nunc
864 668 1011 708 Majrstati
1025 669 1124 708 vestrae
1146 673 1226 707 Regi-

159 710 219 739 nali
237 711 368 747 ignotum
384 708 440 739 effe
456 709 613 746 noluimus,
628 708 697 738 dum
713 707 779 745 quid
796 707 899 737 certius
913 709 945 737 &
962 707 1128 746 exploratius
1142 719 1173 739 ea
1189 710 1226 739 de

162 758 193 778 re
209 748 380 786 habeamus,
396 747 500 778 tametsi
516 756 610 777 autem
625 746 739 777 Officio
762 745 859 775 nostro
882 767 891 782 ‚
929 745 962 775 &
987 747 1018 775 iis
1032 757 1095 784 quae
1112 748 1128 777 a
1142 748 1226 777 nobis

161 788 356 827 requiruntur,
389 786 461 817 uoad
475 787 533 824 ejus
550 784 607 814 fieri
621 785 732 823 potest,
752 784 908 826 Dominus·
919 783 1014 815 noster
1032 785 1225 817 Clementiffi-

161 836 226 857 mus
249 826 322 856 hanc
339 828 366 865 ip
378 835 424 854 am
441 833 500 854 rem
518 823 552 854 ad
571 824 660 853 futura
680 823 776 862 Regni
796 821 943 861 Comma,
958 834 1020 861 quae
1041 825 1095 854 hac
1110 824 1224 863 Hyeme

160 865 255 895 sutura
272 873 419 902 putantur,
435 862 484 893 nifi
503 862 570 900 quid
593 861 764 893 difficultatis
783 862 987 900 intervenerit,
1014 864 1223 894 terminandam

159 903 320 940 reservarit,
337 903 384 932 ubi
400 904 433 933 &
455 900 552 931 Vicini
569 900 658 930 nostri
674 900 908 938 proculdubio,s1
925 901 993 938 quid
1010 901 1062 931 una
1078 912 1147 932 cum
1156 906 1224 931 An-

152 940 265 982 fi’aticrs
278 949 426 978 poterunt,
443 939 523 970 nullo
547 939 639 970 studio
654 950 751 977 operae
766 948 812 969 aut
828 940 962 977 impensae
977 947 1090 976 parcent
1104 952 1115 978 3
1143 950 1223 971 nunc

160 979 320 1019 Majestatis
335 978 431 1017 vestrae
445 977 584 1015 Reginalis
596 978 737 1016 sapientiae
752 979 786 1009 &
804 977 922 1007 consilio
940 979 1137 1017 permittemus
1151 1002 1161 1016 ,
1186 990 1222 1010 an

158 1019 209 1049 sub
230 1019 258 1048 id
280 1026 388 1054 tempus
411 1017 487 1047 suam
504 1027 615 1054 quoque
631 1017 845 1047 Authoritatem
862 1016 892 1045 in
909 1017 1062 1046 communi
1086 1026 1118 1048 ea
1132 1016 1222 1048 Causa

158 1066 248 1095 porro
264 1055 452 1085 adhibendam
466 1055 622 1092 censuerit,
637 1064 666 1085 ut
690 1054 768 1094 quod
785 1064 839 1091 pro
854 1056 980 1084 muneris
1003 1054 1093 1084 nostri
1115 1057 1225 1087 ratione

158 1103 232 1124 onus
247 1094 363 1124 subituri
380 1092 655 1133 lhmus‚Majcstatis
666 1093 765 1133 vestrae
779 1092 916 1130 Reginalis
931 1093 1101 1125 authoritate
1116 1093 1226 1126 suffulti

1265 360 1385 393 scauroit
1405 366 1474 396 faire
1494 365 1575 406 celuy
1592 367 1640 405 qui
1656 369 1697 397 est
1712 368 1772 405 plus
1788 370 1934 409 qu'oblige
1948 385 1963 404 a
1979 376 2026 405 son
2044 376 2165 413 Prince3
2181 378 2249 406 mais
2263 376 2330 407 aussi

1264 400 1313 443 luy
1329 401 1437 441 ostant,
1453 413 1501 448 par
1516 405 1597 436 force
1619 407 1653 437 &
1674 406 1824 446 violence,
1838 418 1937 441 contre
1951 421 2015 444 tout
2030 414 2140 444 Droidt
2156 435 2166 452 ,
2187 414 2212 444 la
2226 415 2332 445 susten—

1264 446 1353 469 tatron
1367 442 1404 472 de
1418 442 1443 472 la
1457 453 1503 473 vie
1524 444 1639 474 mesme.

1280 516 1284 521 .
1302 478 1392 509 Nous
1413 482 1570 512 entendons
1591 483 1616 513 le
1632 484 1746 514 remede
1767 483 1838 515 estre
1859 495 1895 516 en
1910 496 1967 518 voz
1987 491 2090 530 mains,
2104 493 2179 523 &la
2199 492 2330 530 Disposi-

1264 523 1327 546 tion
1351 528 1421 562 vous
1440 523 1600 557 appartenir
1623 523 1796 553 maintenant
1815 525 1851 554 de
1873 534 1908 555 ce
1931 526 1999 564 qu’il
2014 532 2130 565 pretend
2147 540 2198 569 pat
2220 530 2329 563 Droio:

1264 554 1424 588 Hereditair
1432 558 1472 602 gle
1486 567 1569 590 toutz
1585 570 1632 591 ces
1648 561 1807 592 Ancestres.

1302 593 1391 625 Nous
1405 607 1475 627 vous
1490 598 1634 636 supplions
1651 599 1779 639 donques
1797 600 1823 630 le
1838 601 1949 632 vouloir
1962 602 2100 643 secourir,
2116 616 2190 643 pour
2205 608 2328 639 l’amour

1264 631 1300 661 de
1322 643 1411 677 nous,
1436 637 1468 667 ὃ(
1483 647 1532 674 par
1548 638 1653 669 mesme
1670 641 1766 668 moien
1782 638 1808 668 le
1822 640 1922 670 rendre
1935 649 2029 671 autaut
2046 645 2158 681 capable
2181 647 2217 676 de
2234 647 2330 678 vostre

1264 671 1398 712 Servrce,
1418 684 1537 705 comme
1550 676 1569 705 il
1579 677 1620 707 est
1635 676 1832 715 affeffionne3
1849 689 1887 709 en
1902 688 1979 719 quoy
1997 690 2069 710 vous·
2085 682 2169 713 fairez
2183 685 2269 716 chose
2284 686 2330 716 di-

1263 719 1318 748 gne
1333 711 1368 742 de
1384 713 1480 743 vostre
1494 714 1640 746 Honneur
1655 716 1688 746 &
1702 715 1853 746 Liberalite
1867 717 1976 757 Royale
1986 740 1995 755 ‚
2015 719 2047 748 ὅ(
2068 720 2186 751 rendrez
2207 724 2231 754 le
2255 735 2328 755 con-

1264 757 1421 783 tentement
1444 754 1562 792 parfait,
1587 765 1642 793 que
1664 764 1736 785 nous
1751 764 1838 785 avons
1855 755 1930 792 desta
1950 766 2063 787 conceu
2078 768 2114 788 en
2128 760 2202 790 ceste
2223 763 2331 800 chose,

1263 799 1390 833 voyantz
1405 791 1500 823 nostre
1517 793 1643 832 requeste
1655 794 1784 830 produire
1799 793 1836 822 de
1858 794 1877 824 si
1894 795 1968 824 bons
1989 794 2114 834 effeetz,
2130 807 2184 835 que
2204 800 2239 830 de
2254 812 2328 839 pou-

1263 837 1327 858 voir
1339 829 1467 874 soulager
1482 841 1528 869 par
1544 832 1640 863 vostre
1654 832 1753 863 faveur
1769 842 1808 862 un
1823 831 2049 864 Gentilhotntne
2070 834 2106 865 de
2122 835 2141 865 si
2159 837 2253 869 bonne
2268 849 2330 878 part

1263 874 1324 935 tanSt
1340 868 1436 907 afflige
1449 871 1481 900 &
1498 871 1588 901 ruine.

1324 917 1354 936 [Π
1372 917 1407 937 CC

1262 986 1280 1012 S
1299 930 1668 1025 TrssaffesTreftxoellmte
1681 947 1720 983 ὥ·
1733 947 1931 988 Trespuiffante
1947 949 2079 990 Princeffe
2096 951 2184 991 nostre
2199 952 2330 992 trefihere

1281 994 1329 1012 eur
1418 995 1450 1013 ou
1462 995 1506 1014 me
1514 1008 1524 1023 ‚

1300 1021 1387 1052 Nous
1405 1023 1548 1061 supplions
1566 1023 1700 1055 l’Eternel
1719 1024 1787 1063 qu'il
1806 1036 1876 1056 vous
1895 1028 1979 1059 doint
2000 1027 2190 1060 tresheureuse
2217 1031 2250 1061 δε
2271 1032 2333 1061 1οη-

1264 1068 1319 1129 gu?
1338 1061 1384 1092 vie
1402 1083 1412 1099 ,
1448 1071 1521 1094 avec
1540 1062 1686 1094 rheureux
1704 1065 1973 1103 accompliffement
1991 1068 2025 1099 de
2045 1076 2129 1099 toutz
2146 1078 2206 1100 voz
2224 1070 2334 1101 SainCts

1285 1110 1301 1130 e
1312 1109 1359 1138 irs,
1711 1107 1714 1110 ”

2386 378 2441 411 Reg.

157 1134 268 1164 facilius
286 1134 319 1164 &
339 1133 477 1162 dexterius
497 1132 629 1162 sustinere
652 1132 796 1170 possimus.

155 1209 184 1240 d·
200 1170 303 1218 Quodx
313 1171 432 1215 superest
457 1193 467 1209 ,
508 1170 686 1215 Majestatem
705 1171 826 1210 vestram
848 1170 1005 1225 Regjnalem
1021 1170 1183 1202 feliciffim&
1193 1173 1228 1204 &
1305 1179 1354 1211 De
1370 1180 1466 1213 nostre
1479 1181 1574 1213 Palais
1588 1183 1621 1214 de
1636 1186 1732 1213 Sainte
1747 1187 1849 1223 croix,
1868 1195 1902 1218 ce
1917 1186 2042 1218 fixiesme
2052 1187 2124 1226 Jour
2144 1187 2181 1220 de
2196 1188 2335 1226 Novem-3

177 1209 309 1242 iutiffime
332 1219 442 1248 Vivere,
463 1209 654 1249 omnibusque
671 1211 752 1240 rebus
769 1209 908 1240 secundus
928 1209 982 1241 frui
995 1219 1138 1248 optamus.
1266 1219 1317 1250 bre
1335 1228 1419 1259 1591,

192 1286 281 1319 Datae
302 1286 447 1326 Elbingae,
461 1286 562 1318 ultima
577 1286 717 1318 Octobris
731 1287 820 1318 Anno
836 1286 963 1318 Domini
981 1295 1067 1326 1591.
1588 1298 1677 1338 Vostre
1692 1300 1907 1339 trefhffifflonm,
1921 1277 1987 1333 Sey„-
2005 1303 2043 1339 ὠ,
2062 1304 2187 1346 confine,

691 1367 782 1401 Regiae
797 1363 958 1404 Majestatis
976 1363 1094 1403 vestre,
2009 1381 2116 1414 ANNA
2139 1382 2298 1415 Rasum

931 1441 1133 1480 Dff‘b'fnfi‘lffbni
1140 1446 1151 1482 ἐ
1266 1449 1353 1483 Dors.

332 1517 549 1550 PRAEcoNsUL
566 1515 604 1552 ὠ
622 1517 760 1549 CONSUL
779 1520 870 1556 Regiae
890 1520 1028 1548 Civitatis
1043 1518 1187 1556 Elbingen.
1266 1491 1530 1568 ηιῇῆἷέεέἶῖἶξι
1537 1491 2184 1571 Ἰέἕζῗῖιὲξὰῖρᾶΐκῖἒῗζὲἶιῖἔξζίὲ.Ρνὶησθβέ
2200 1522 2211 1538 ²
2247 1499 2334 1542 nostre

5 1681 23 1698 ⁸
58 1679 142 1709 XVI·
182 1661 208 1688 *
233 1660 290 1696 Ad
303 1657 523 1694 Elizabetham
541 1659 662 1741 Angli}
680 1663 830 1706 Reginam
853 1661 946 1693 Annae
971 1661 1072 1691 Scotiae
1091 1662 1206 1706 Regina
1402 1662 1464 1694 Pro
1488 1659 1626 1705 Epift⁰P⁰
1650 1661 1784 1704 Sarum>
1809 1659 1845 1692 de
1877 1663 2017 1694 Licentia
2046 1663 2198 1710 Eligendi·
2401 1688 2441 1710 «c
2451 1691 2455 1696 “

35 1720 96 1755 ¹3⁶·
663 1720 750 1742 tterae.
1958 1718 1960 1722 ’
2407 1710 2414 1722 ⁴
2429 1708 2453 1722 Η

1268 1746 1440 1802 REgina,
1465 1744 1576 1775 dileffifis
1600 1744 1650 1774 sibi
1675 1745 1705 1789 in
1727 1744 1866 1784 Christo,
1892 1750 2005 1777 Decano
2029 1748 2067 1783 ὦ·
2090 1750 2215 1788 Capitulo
2236 1750 2340 1783 Eccle-
2360 1759 2493 1793 AustD·

1348 1788 1394 1815 11ae
1407 1784 1514 1815 nostrae
1531 1783 1706 1813 Cathedrahs
1722 1787 1819 1813 Sarum
1842 1786 1976 1816 Salutem.
2380 1807 2467 1838 1591·

1302 1824 1403 1863 Cum‚
1421 1833 1454 1853 ex
1471 1831 1549 1860 parte
1564 1821 1655 1852 vestra
1679 1822 1765 1852 nobis
1781 1823 1924 1854 humiliter
1940 1826 1972 1856 fit
1986 1825 2175 1864 supplicatum
2191 1838 2222 1860 ut
2236 1853 2246 1867 ,
2265 1831 2336 1860 cum
2359 1843 2408 1866 Par
2429 1850 2464 1876 34

1264 1863 1392 1896 Ecclesia
1414 1862 1567 1902 praedicta,
1583 1871 1633 1899 per
1648 1861 1874 1905 promotionem
1890 1863 1983 1893 ultimi
2005 1863 2203 1898 Incumbentis
2227 1868 2336 1899 ibidem
2358 1862 2417 1906 eliz*
2431 1888 2445 1916 ρ
2465 1882 2494 1910 ²4

1261 1905 1295 1935 ad
1306 1901 1593 1939 Archiepiscopatum
1611 1899 1761 1937 Eborum,
1773 1910 1832 1938 jam
1848 1910 1932 1932 vacet
1945 1904 1977 1934 &
1989 1902 2108 1934 Pastoris
2123 1905 2222 1937 solatio
2240 1907 2273 1937 sit
2287 1908 2336 1937 de-
2352 1926 2379 1944 m
2419 1900 2455 1953 ‘7'

1262 1945 1372 1980 stituta,
1398 1941 1486 1971 aliurn
1507 1940 1590 1970 vobis
1603 1938 1725 1977 eligendi
1751 1940 1780 1968 in
1804 1939 1978 1981 Episcopum
2004 1943 2038 1973 δε
2057 1942 2206 1975 Pastorem
2231 1945 2338 1977 Licen-
2384 1938 2391 1946 ’
2411 1927 2422 1954 3

1263 1984 1333 2015 tiam
1353 1979 1480 2011 nostram
1507 1980 1590 2009 vobis
1603 1977 1766 2009 concedere
1784 1978 1987 2018 dignaremur,

1304 2019 1531 2058 Nos,precibus
1551 2017 1648 2048 vestris
1668 2018 1698 2047 in
1716 2016 1770 2060 hac
1792 2027 1867 2054 parte
1886 2019 2078 2050 favorabiliter
2096 2021 2340 2062 inclinantes,Li-

1269 2061 1393 2092 centiam
1409 2059 1488 2089 illam
1504 2057 1632 2088 nostram
1656 2057 1742 2087 vobis
1759 2054 1892 2086 duximus
1911 2058 2128 2089 concedendam
2139 2073 2156 2098 3-

1308 2098 1481 2129 Mandantes
1503 2096 1584 2136 quod
1609 2095 1695 2126 talem
1718 2095 1801 2124 vobis
1822 2095 1930 2130 eligatis
1946 2098 1975 2126 in
1992 2096 2169 2135 Episcopum
2184 2100 2218 2130 δε
2236 2099 2338 2131 Pasto-

1269 2148 1330 2169 rem
1340 2161 1350 2176 ,
1366 2138 1421 2205 i{ui
1434 2136 1504 2167 Deo
1520 2135 1658 2172 devotus,
1675 2132 1828 2173 Nobisque
1844 2135 1877 2167 &
1893 2134 2000 2175 Regno
2014 2136 2114 2167 nostro
2134 2137 2208 2167 utilis
2220 2139 2254 2169 ὃς
2268 2138 2340 2176 fidei

1269 2177 1302 2208 lis
1318 2177 1363 2207 exi
1391 2184 1428 2206 at.

1306 2215 1341 2246 In
1359 2214 1439 2252 cuius
1454 2215 1511 2252 rei,
1528 2213 1591 2244 &c.

156 1796 299 1837 Trefhaute
319 1792 530 1835 Tresexcellente
544 1793 593 1863 &15
595 1793 809 1873 §reggisszylen
810 1793 948 1862 ίῬνιήειβὲ
971 1793 1060 1834 nostre
1083 1793 1227 1834 Trefihere

830 1856 842 1873 >

230 1912 329 1944 OUS
354 1921 427 1942 vous
448 1911 622 1942 remercions
643 1918 696 1940 tres
713 1909 962 1942 aflectueusement
976 1911 1012 1942 de
1025 1912 1051 1943 la
1070 1911 1223 1943 courtoifie

237 1955 271 1985 &
290 1952 305 1983 f
311 1962 385 1982 veut
404 1951 467 1989 qu’a
486 1948 582 1979 nostre
601 1948 726 1986 requeste
744 1959 818 1980 vous
835 1949 1002 1981 monstrates
1020 1962 1035 1981 a
1052 1962 1087 1982 ce
1106 1950 1224 1981 Gentil-

155 1993 276 2023 homme
293 1992 409 2021 Porteur
428 1989 463 2019 de
480 1988 505 2018 la
524 1987 670 2026 presente,
688 1989 737 2026 qui
751 1998 824 2019 nous
839 1997 924 2030 ayant
939 1989 1224 2021 treshonnestement

156 2040 267 2069 raporte
294 2028 404 2059 dicelle
427 2050 436 2066 ,
476 2036 494 2066 y
516 2036 605 2056 avons
627 2036 710 2057 receu
729 2037 764 2056 un
789 2027 923 2064 singulier
947 2036 1167 2060 contentement
1189 2029 1223 2059 &

156 2079 262 2108 preuue
274 2068 311 2098 de
327 2066 422 2097 vostre
439 2065 587 2096 Affection
603 2076 703 2096 envers
722 2067 890 2104 nous‚dont
908 2077 980 2097 nous
999 2077 1035 2097 en
1055 2068 1228 2097 recherche-

158 2118 225 2138 rons
243 2108 281 2137 les
295 2106 444 2137 occasions
463 2105 499 2135 de
524 2114 595 2135 vous
615 2105 682 2135 faire
695 2103 831 2142 paroistre
852 2128 863 2143 ,
900 2106 1036 2136 combien
1060 2116 1134 2136 nous
1156 2115 1230 2136 nous

157 2146 293 2177 estimons
309 2145 456 2175 redeuable
474 2154 489 2173 a
506 2153 560 2173 une
576 2143 684 2173 Amitie
703 2144 872 2182 reciproque
882 2144 937 2182 3les
952 2143 1031 2174 fruits
1047 2144 1084 2175 de
1097 2145 1123 2174 la
1139 2144 1230 2182 quelle

156 2185 374 2223 esprouverons,
391 2183 466 2213 Dieu
482 2182 602 2222 aydam,
621 2193 636 2212 a
654 2182 785 2212 l'endrort
803 2183 839 2213 de
858 2192 947 2222 ceux,
971 2182 1041 2222 qu'il
1056 2193 1128 2214 vous
1145 2183 1230 2221 plaira

159 2224 292 2254 favoriser
309 2223 344 2253 de
367 2222 491 2259 parellles
514 2222 808 2252 recommendations.

197 2262 298 2293 Zertes
320 2261 508 2291 l'lnclination
529 2260 670 2290 honneste
688 2261 720 2292 ὃς
740 2260 800 2290 bon
817 2260 940 2291 naturel.
958 2259 1058 2298 Jointe
1078 2261 1106 2292 la
1122 2260 1229 2291 Devo-

159 2302 219 2332 tion
242 2302 364 2338 sincere,
397 2309 430 2329 ue
450 2309 521 2329 nous
537 2308 649 2338 voyons
662 2308 697 2328 en
713 2309 747 2329 ce
763 2298 1005 2338 Gentilhomme,
1018 2299 1054 2330 de
1074 2309 1147 2330 vous
1162 2299 1231 2330 faire

159 2340 294 2378 parozstte
315 2339 366 2369 son
376 2310 504 2368 qService
527 2338 559 2367 ὃς
580 2338 702 2368 humble
716 2336 955 2377 affection,nous
976 2349 992 2368 a
1010 2339 1108 2369 donne
1123 2338 1230 2369 l’occa-

159 2379 219 2408 fion
239 2378 274 2408 de
293 2388 363 2408 vous
380 2376 512 2415 supplier,
536 2385 583 2413 par
601 2384 675 2406 cette
689 2386 744 2416 cy,
760 2377 872 2407 vouloir
889 2377 1050 2414 accomplir
1068 2378 1106 2407 les
1122 2376 1230 2408 effectz

159 2417 196 2447 de
208 2416 303 2447 vostre
323 2415 441 2452 faveur,
458 2424 529 2444 nous
548 2414 702 2444 assetirantz
719 2424 773 2453 que
790 2415 815 2446 la
834 2416 903 2454 pitie
922 2417 955 2446 δε
974 2415 1229 2454 compaffi0n‚qui

158 2465 229 2487 vous
252 2454 321 2486 rend
337 2462 395 2485 tant
407 2453 659 2485 recommendable
676 2463 774 2484 envers
792 2461 874 2484 toutz
891 2453 930 2483 les
948 2453 1123 2493 Estrangiers
1146 2477 1157 2493 ‚
1194 2464 1230 2484 ne

7 1926 62 1955 Bibl
73 1930 133 1954 Cot-

6 1973 56 1993 ton.
64 1965 136 1994 Cali-

1 2004 65 2041 gula
77 2010 138 2032 D.2.

0 2043 50 2080 fol.
72 2053 119 2078 40.

1304 2291 1396 2362 Tiast‘e
1410 2291 1523 2332 Regina
1537 2289 1612 2329 apud
1625 2286 1904 2329 Wstmonasterium,
1929 2290 2070 2321 vicesimo
2084 2300 2187 2332 quarto
2205 2293 2252 2325 die
2266 2293 2337 2330 No-;

1269 2342 1340 2365 vem
1363 2342 1408 2362 ns.

1764 2406 1819 2435 Per
1834 2408 1928 2435 Breve
1945 2406 1978 2436 de
1994 2408 2116 2436 Privato
2133 2407 2233 2445 Sigillo.

157 2579 185 2607 *ἒ
209 2577 416 2624 Instrufliones
425 2588 480 2624 pro
498 2575 614 2610 noma
637 2580 737 2611 Grove
746 2576 806 2673 ſja‘d
826 2575 1046 2627 defendendum
1067 2580 1230 2625 *Se-janum

574 2629 692 2660 Rivnm
709 2631 753 2659 mi
773 2640 800 2661 0.

7 2580 29 2602 Β
54 2583 137 2610 XVI.

28 2630 87 2658 ¹37·
1269 2660 1483 2699 Instruffions
1501 2669 1585 2707 pour
1608 2657 1753 2694 Thomas
1772 2659 1889 2693 Grove
1908 2659 1969 2705 qui
1991 2659 2060 2695 doit
2084 2661 2157 2698 aller
2184 2650 2336 2698 desentire

154 2713 389 2754 Instrudlionsfor
402 2714 538 2744 Thomas
553 2712 657 2743 Grove
672 2723 722 2743 one
740 2711 776 2751 of
784 2712 833 2743 the
843 2711 891 2754 fix
908 2711 1041 2753 Maiflers
1054 2713 1090 2753 of
1098 2713 1147 2744 her
1158 2716 1227 2744 Ma-
1619 2707 1648 2742 la
1673 2708 1806 2743 Riviere
1824 2707 1863 2742 de
1886 2708 1985 2743 Scine.

185 2754 274 2793 jesties
290 2755 391 2788 Navia
400 2751 483 2792 sente
497 2751 570 2781 with
582 2759 700 2786 certeyne
716 2751 750 2792 of
760 2751 808 2781 her
826 2753 968 2791 Majestiex
985 2752 1113 2793 Pynaffer
1127 2760 1156 2783 to
1162 2753 1229 2793 Jer-

194 2804 229 2822 ve
243 2796 274 2823 in
288 2793 334 2822 the
349 2796 442 2832 Ryver
455 2789 490 2830 of
497 2789 638 2830 Seanefor
658 2803 697 2820 an
709 2791 832 2830 especiall
846 2794 967 2821 service.

4 2879 130 2908 Biberot-

4 2927 45 2946 too
64 2920 135 2947 Cali-

0 2960 61 2994 gu[.⁴
72 2962 98 2985 Ε.
110 2959 136 2987 8.

0 2996 50 3034 fol.
69 3005 113 3032 70.

153 2872 350 2927 FIRSTE,
375 2872 442 2903 You
466 2872 534 2904 shall
559 2872 644 2903 make
666 2882 738 2911 your
758 2881 874 2911 repayre
894 2880 966 2902 unto
990 2872 1147 2911 Chatham,
1164 2873 1221 2904 and
1261 2870 1496 2925 PRemierement
1515 2882 1584 2902 vous
1607 2881 1676 2901 vous
1701 2871 1817 2901 rendrez
1839 2870 1858 2901 ιὶ
1881 2870 2027 2903 Chatharn
2049 2872 2087 2907 ό·
2103 2884 2173 2903 vous
2198 2884 2329 2906 recevrez

211 2913 288 2943 there
302 2921 422 2950 receyve
439 2913 499 2942 into
516 2922 588 2951 your
606 2911 720 2949 Charge
746 2911 795 2940 her
820 2910 966 2948 Majesties
991 2911 1146 2952 Pynnasses
1170 2912 1219 2942 the
1311 2911 1374 2950 fines
1388 2923 1437 2942 vos
1453 2912 1544 2942 ordres
1559 2910 1597 2940 les
1612 2909 1735 2948 Pinaffes
1748 2912 1779 2940 de
1795 2910 1830 2941 Sa
1841 2909 1971 2948 Majeste',
1986 2911 2010 2940 le
2026 2912 2162 2949 Charles,
2182 2913 2206 2942 la
2223 2914 2326 2952 Lune,

156 2951 282 2989 charles,
302 2950 349 2981 the
364 2954 478 2988 Moone,
495 2951 543 2980 the
556 2953 630 2988 Spe,
649 2951 703 2980 and
717 2950 765 2980 the
782 2950 956 2987 Gonne,and
972 2950 1044 2980 with
1063 2950 1144 2980 them
1159 2960 1216 2988 you
1256 2949 1385 2987 l'Espion
1404 2950 1442 2986 &
1463 2950 1487 2979 le
1510 2949 1634 2987 Canon,
1652 2948 1691 2983 ό
1711 2959 1779 2978 vous
1796 2952 1922 2986 partirez
1945 2961 2013 2979 avec
2037 2961 2074 2980 ces
2091 2950 2237 2990 Vatffiaux
2257 2960 2325 2989 pour

153 2990 221 3022 shall
238 2991 321 3020 make
335 2999 405 3028 your
421 2999 534 3028 repayre
549 2990 621 3019 with
635 2989 721 3019 suche
736 2988 845 3024 Speede
859 2998 886 3017 as
901 2997 959 3026 you
976 2998 1058 3026 maye
1068 2997 1100 3018 to
1117 2992 1212 3027 Deipe,
1256 2988 1374 3025 Dieppe
1392 2999 1462 3018 avec
1483 2995 1559 3017 toute
1580 2987 1608 3016 la
1631 2987 1755 3024 diligence
1768 2987 1893 3026 poffible,
1912 2986 1949 3021 ό»
1966 2999 2033 3017 vous
2046 3000 2114 3018 vaus
2136 2988 2280 3019 arreterez
2295 2990 2326 3020 la

150 3031 205 3060 and
219 3028 293 3068 staye
307 3028 400 3058 theare
415 3028 494 3057 untill
512 3036 646 3067 certeyne
660 3026 775 3057 Vetsells
791 3026 881 3057 called
898 3025 1062 3057 Crumsters
1076 3036 1110 3056 or
1125 3027 1210 3058 suche
1242 3026 1359 3067 jusqu'd
1373 3037 1400 3055 ce
1414 3037 1464 3066 que
1479 3028 1510 3055 de
1522 3029 1640 3055 certains
1658 3033 1750 3055 autres
1766 3025 1912 3064 Varffeaux
1926 3026 1971 3055 des
1996 3027 2128 3057 Pais-Bas
2139 3051 2147 3063 ‚
2175 3029 2255 3068 qu‘on
2276 3037 2326 3066 ap-

152 3070 248 3099 others
263 3066 331 3098 shall
345 3075 432 3099 come
445 3075 496 3095 out
510 3065 546 3094 of
553 3066 602 3095 the
615 3067 703 3094 Lowe
719 3068 863 3105 Countryes
876 3074 907 3094 to
919 3066 1008 3104 joyne
1024 3066 1096 3094 with
1113 3075 1171 3105 you
1180 3066 1210 3096 in
1246 3065 1314 3102 pelle
1327 3069 1409 3094 Crum
1433 3076 1493 3103 ers,
1513 3075 1546 3094 ou
1559 3063 1682 3105 quelques
1702 3071 1812 3102 autres,
1835 3063 1928 3102 sbront
1950 3075 2038 3095 venus
2058 3074 2126 3104 pour
2135 3064 2167 3105 se
2184 3067 2287 3103 joindre
2304 3067 2326 3096 ἃ

151 3108 212 3138 that
231 3105 346 3135 Scrvice
366 3105 412 3133 for
434 3103 482 3133 the
503 3102 677 3139 defendinge
691 3103 738 3133 the
760 3103 857 3141 Ryver
869 3106 905 3133 of
915 3106 1021 3141 Seane,
1040 3104 1094 3133 aad
1112 3113 1139 3133 as
1153 3113 1210 3143 you
1250 3115 1319 3134 vius
1330 3126 1340 3141 ,
1354 3104 1422 3133 dans
1443 3103 1468 3133 le
1489 3102 1573 3132 meme
1584 3102 1704 3141 service,
1722 3101 1781 3142 afin
1795 3103 1827 3132 de
1848 3101 1976 3142 defhndre
1988 3107 2017 3133 la
2033 3108 2145 3135 Rtviere
2168 3105 2200 3134 de
2225 3109 2324 3141 Seine3

153 3155 219 3184 may
233 3144 282 3174 sett
295 3151 349 3182 any
361 3152 417 3172 one
435 3141 533 3172 Lande
548 3151 605 3180 you
622 3140 688 3171 shall
704 3142 768 3180 give
790 3141 943 3178 knowlege
965 3150 997 3172 to
1021 3142 1070 3172 the
1093 3141 1211 3172 Gover-
1253 3141 1292 3177 &
1305 3142 1408 3182 lorsque
1423 3153 1491 3172 vous
1503 3151 1622 3180 pourrez
1637 3141 1787 3181 de‘barquer
1801 3141 1968 3182 quelqu'un,
1995 3154 2064 3173 vous
2086 3143 2110 3173 le
2124 3142 2209 3182 ferez
2224 3143 2325 3182 fizvoir

152 3194 206 3214 nor
222 3183 257 3212 of
267 3182 314 3211 the
329 3181 447 3211 Towne
461 3190 494 3210 or
508 3180 550 3210 his
565 3180 767 3210 Lieuetennant
785 3181 822 3220 by
839 3190 935 3211 means
957 3181 995 3211 of
1012 3189 1070 3210 one
1093 3180 1219 3212 Ottwell
1254 3192 1291 3211 au
1315 3184 1495 3211 Gouverneur
1517 3181 1549 3210 de
1571 3180 1600 3210 la
1624 3179 1698 3210 Ville
1721 3191 1754 3210 ou
1777 3180 1795 3210 a*
1811 3179 1865 3219 son
1887 3183 2075 3220 Lz‘eutenant,
2095 3190 2151 3221 par
2169 3193 2204 3212 un
2223 3184 2333 3212 nomme*

153 3222 263 3257 Smythe
278 3231 311 3250 an
331 3218 467 3255 Engiiffie
485 3228 562 3249 man.
1257 3220 1367 3251 Otwell
1385 3219 1507 3259 Smythe
1525 3218 1653 3256 Anglois.

190 3262 219 3292 Y
230 3272 249 3291 0
259 3269 282 3290 U
303 3258 370 3290 shall
393 3258 520 3288 conferre
542 3256 615 3288 with
631 3257 692 3288 him
709 3257 771 3288 that
788 3258 854 3288 shall
876 3256 949 3287 have
964 3256 1067 3296 charge
1080 3257 1119 3288 of
1136 3257 1216 3288 those
1292 3262 1361 3288 Vous
1374 3258 1538 3297 consulterez
1553 3269 1622 3287 avec
1637 3256 1703 3287 celui
1716 3260 1763 3298 qui
1775 3268 1845 3288 aura
1861 3256 1889 3287 la
1907 3258 2002 3296 charge
2015 3260 2047 3289 de
2060 3271 2100 3289 ces
2122 3257 2266 3298 Vaiffiaux
2279 3260 2325 3290 des

152 3300 272 3339 Shippes
291 3298 328 3328 of
346 3297 391 3327 the
416 3298 503 3337 que
525 3299 682 3333 countries,
704 3296 760 3326 and
783 3297 838 3326 also
861 3297 935 3327 with
953 3296 1001 3327 the
1024 3299 1171 3327 Governor
1190 3296 1226 3336 of

153 3343 256 3377 Deipe,
271 3337 350 3368 what
367 3339 464 3365 courle
480 3344 537 3374 you
553 3344 599 3364 are
613 3334 689 3364 beste
703 3335 793 3366 bothe
808 3345 839 3366 to
854 3336 945 3373 keepe
961 3336 992 3365 in
1008 3337 1154 3374 enteringe
1173 3336 1217 3365 in-

153 3387 186 3408 to
215 3378 261 3408 the
287 3376 386 3414 Ryver
411 3375 447 3404 of
468 3377 553 3403 Seane
570 3396 580 3411 ,
617 3374 662 3403 for
687 3373 746 3404 that
765 3377 786 3405 it
807 3385 870 3414 may
890 3375 928 3404 be
945 3374 1073 3406 doubted
1093 3375 1150 3405 that
1168 3375 1217 3405 t-he

153 3416 275 3448 Towne
293 3415 331 3445 of
343 3413 516 3444 Newhaven
548 3411 607 3444 will
631 3420 768 3450 attempte
793 3412 974 3451 somethinge
1001 3422 1032 3444 to
1058 3414 1216 3454 ympeache

153 3465 236 3525 yofN
255 3493 310 3523 like
329 3492 400 3522 sorte
418 3489 475 3531 you
496 3489 564 3521 shall
581 3487 712 3520 conferre
730 3490 803 3521 with
824 3490 904 3528 him,
923 3490 979 3521 and
992 3491 1088 3521 others
1103 3491 1140 3521 of
1150 3491 1217 3522 tho—

150 3533 178 3564 se
196 3541 284 3571 partes
303 3532 361 3562 that
379 3540 426 3560 are
443 3529 580 3560 tow-ardes
596 3528 643 3558 the
660 3531 765 3567 Kinge,
783 3530 860 3559 what
878 3529 957 3566 place
977 3529 1046 3560 shall
1067 3531 1103 3559 be
1121 3530 1216 3560 moste

150 3580 350 3610 convenyente
368 3569 413 3599 for
431 3578 490 3609 you
507 3576 538 3598 to
556 3568 600 3606 lye
619 3567 649 3596 in
666 3567 710 3597 for
728 3567 928 3607 performance
947 3568 985 3599 of
1007 3569 1056 3599 the
1078 3568 1135 3599 said
1152 3569 1216 3600 Set-

169 3621 222 3641 ice.

148 3621 168 3642 v
186 3649 277 3679 You
298 3647 366 3679 shall
381 3645 453 3677 alsoe
469 3655 591 3682 procure
605 3644 654 3676 the
673 3645 834 3674 Governour
847 3642 883 3684 of
890 3647 992 3684 Deipe,
1011 3655 1048 3676 or
1069 3645 1132 3676 him
1154 3645 1214 3677 that

153 3687 220 3718 shall
245 3688 316 3717 have
339 3687 388 3716 the
410 3684 527 3721 Charge
542 3685 578 3714 of
588 3684 648 3714 that
666 3683 750 3714 Place
765 3684 793 3712 in
807 3684 848 3713 his
865 3683 993 3715 Absence
1007 3706 1017 3722 ,
1035 3693 1066 3715 to
1088 3684 1214 3715 furnishe

152 3736 212 3766 you
232 3726 304 3757 with
324 3725 442 3755 Pilottes
464 3722 505 3753 fitt
533 3731 563 3752 to
584 3722 712 3753 conda&
734 3730 791 3761 you
815 3724 876 3752 into
901 3723 950 3753 the
975 3722 1092 3762 Ryver,
1110 3723 1165 3753 and
1182 3733 1214 3753 to

1257 3296 1406 3336 Pais-Bas,
1430 3307 1525 3326 comme
1547 3295 1615 3335 auffi
1640 3307 1707 3325 avec
1727 3295 1752 3325 le
1775 3296 1968 3328 Gouverneur
1983 3299 2019 3328 de
2035 3298 2151 3335 Dieppe
2162 3321 2171 3333 ,
2188 3298 2220 3326 de
2236 3298 2325 3337 quelle

1256 3341 1378 3366 muniere
1399 3347 1467 3366 vous
1480 3346 1547 3365 vous
1565 3335 1710 3365 condurrez
1720 3343 1788 3373 pour
1802 3343 1893 3365 entrer
1906 3336 1978 3366 dans
1993 3336 2020 3366 la
2042 3340 2154 3366 Riviere
2169 3337 2200 3365 de
2220 3336 2324 3375 Scine,

1255 3375 1386 3405 d'autant
1401 3376 1480 3415 qu‘on
1496 3386 1513 3404 a
1524 3372 1601 3414 sujet
1617 3374 1648 3402 de
1666 3373 1762 3403 douter
1776 3385 1825 3414 que
1839 3386 1903 3405 ceux
1918 3375 1954 3404 du
1968 3375 2065 3406 Havre
2077 3376 2113 3405 de
2130 3374 2228 3406 Grace
2244 3375 2321 3406 n'en-

1254 3422 1431 3454 treprennent
1454 3413 1564 3456 quelque
1580 3411 1652 3453 chose
1662 3421 1729 3451 pour
1743 3423 1812 3444 vous
1826 3425 1860 3445 en
1874 3413 2016 3453 empecher.

1292 3495 1337 3522 De
1352 3491 1436 3522 mb'me
1457 3502 1526 3522 vous
1545 3498 1712 3521 concerterez
1736 3490 1805 3532 auffl
1821 3502 1890 3521 avec
1907 3490 1966 3529 lui,
1997 3489 2036 3525 ὀ·
2052 3501 2122 3521 avec
2147 3491 2270 3522 d’autres
2285 3493 2320 3522 de

1253 3541 1294 3560 ces
1310 3530 1495 3571 qmrtiers-ld
1504 3553 1513 3568 ‚
1532 3534 1578 3570 qui
1583 3529 1651 3569 sont
1680 3540 1729 3560 our
1744 3531 1769 3559 le
1783 3530 1842 3560 Roi
1853 3553 1862 3568 ,
1874 3529 1937 3569 quel
1948 3529 2057 3559 endroit
2063 3527 2130 3568 sera
2145 3529 2169 3560 le
2178 3530 2240 3570 plus
2250 3540 2319 3571 pro-

1248 3578 1300 3608 pre
1311 3578 1379 3609 pour
1394 3580 1462 3600 vous
1471 3580 1492 3607 y
1503 3569 1607 3607 poster,
1624 3580 1641 3598 a
1663 3580 1681 3598 n
1695 3569 1848 3599 d’executer
1862 3578 1888 3597 ce
1893 3569 2009 3606 service.

1287 3649 1354 3677 Vouc
1374 3653 1504 3685 porterez
1525 3643 1592 3684 auffi
1607 3644 1633 3675 le
1646 3644 1836 3676 Gouverneur
1851 3644 1886 3674 de
1901 3643 2035 3685 Dieppe,
2051 3656 2084 3676 ou
2098 3646 2164 3676 celui
2186 3650 2233 3688 qui
2241 3651 2313 3678 coms

1251 3686 1351 3717 mande
1371 3697 1405 3715 en
1421 3683 1474 3724 son
1488 3683 1618 3722 absence,
1637 3683 1655 3713 ὰ
1669 3695 1736 3714 vous
1752 3683 1864 3724 fournir
1875 3683 1921 3712 des
1938 3684 2039 3714 Pilotes
2058 3685 2177 3723 capables
2199 3688 2231 3717 de
2244 3698 2314 3717 vous

1251 3725 1375 3755 conduire
1383 3723 1436 3763 fier
1451 3723 1479 3753 la
1494 3726 1625 3760 Riviere,
1644 3721 1682 3757 ὠ
1696 3726 1741 3763 qui
1756 3722 1886 3761 reflerent
1901 3733 1970 3752 avec
1989 3734 2058 3753 vom·
2071 3731 2137 3754 tout
2153 3724 2177 3753 le
2192 3733 2259 3754 tems
2273 3727 2311 3756 du

152 3774 298 3805 contynue
310 3764 382 3794 with
398 3772 455 3802 you
467 3762 600 3800 dureinge
615 3763 664 3792 the
675 3760 791 3791 Service
805 3771 839 3790 or
855 3761 901 3791 soe
915 3762 1003 3799 longe
1018 3772 1045 3792 as
1068 3771 1125 3800 you
1142 3760 1209 3792 shall
1241 3761 1352 3802 service
1364 3773 1397 3792 ou
1413 3772 1463 3803 que
1479 3772 1548 3792 vous
1562 3772 1596 3791 en
1611 3772 1698 3791 aurez
1712 3761 1818 3798 besoin3
1836 3758 1874 3794 ὠ
1889 3771 1958 3791 vous
1973 3762 2138 3792 ordonnerez
2160 3762 2178 3792 ἃ
2201 3764 2313 3796 Otwell

152 3803 224 3835 have
238 3802 334 3841 cause,
352 3804 408 3833 and
421 3811 478 3840 you
493 3800 560 3831 shall
577 3800 671 3838 bydde
687 3798 824 3828 Ottowell
837 3799 945 3840 Smythe
958 3800 1039 3830 cause
1059 3800 1210 3831 knowled-
1248 3802 1369 3840 Smythe
1383 3801 1416 3830 de
1424 3799 1502 3840 faire
1520 3811 1552 3829 en
1566 3799 1637 3836 fhrte
1649 3810 1698 3839 que
1714 3798 1738 3828 le
1750 3802 1802 3828 Roi
1809 3797 1866 3837 ftit
1880 3798 2016 3838 informe,
2031 3809 2084 3839 par
2100 3809 2178 3831 notre
2185 3802 2312 3841 Ambas:

150 3850 186 3879 ge
199 3852 228 3872 to
241 3843 277 3871 be
292 3851 384 3880 gyven
397 3842 417 3870 b
453 3850 507 3870 our
522 3838 712 3869 Ambaffador
724 3860 733 3875 ,
748 3847 781 3866 or
801 3838 838 3876 by
859 3837 938 3869 some
958 3840 1107 3876 principall
1130 3839 1210 3870 Offi-
1240 3840 1345 3880 fizdeur
1356 3863 1365 3879 ,
1383 3850 1416 3869 ou
1427 3849 1480 3879 par
1495 3838 1637 3879 quelqu'un
1653 3839 1697 3866 des
1703 3841 1833 3876 premiers
1846 3838 1968 3876 Offi'ciers
1989 3839 2035 3869 des
2055 3843 2167 3879 Troupes
2190 3841 2310 3879 Angloi-

153 3889 201 3910 cer
214 3879 248 3909 of
259 3880 309 3909 the
327 3879 422 3918 Englis
459 3878 576 3917 Troops
591 3886 621 3908 to
637 3877 686 3908 the
701 3876 816 3905 Frenche
831 3878 918 3913 Kinge
931 3877 966 3907 of
980 3887 1051 3917 your
1060 3888 1210 3918 comynge
1240 3879 1302 3919 ses,
1321 3879 1352 3908 de
1372 3885 1454 3908 votre
1472 3879 1583 3907 arrivee
1595 3876 1613 3905 ἂ
1630 3876 1760 3914 Dieppe,
1777 3884 1844 3915 pour
1857 3877 1896 3907 lui
1910 3878 2007 3908 rendre
2020 3885 2082 3908 tout
2093 3878 2117 3908 le
2128 3878 2237 3918 service
2276 3892 2309 3910 ue

154 3926 187 3948 to
202 3920 286 3955 Deipe
296 3926 327 3947 to
340 3918 395 3948 doe
410 3919 473 3948 him
488 3917 573 3947 suche
587 3916 703 3946 Service
719 3925 747 3945 as
762 3924 820 3954 you
841 3924 922 3954 maye
943 3916 974 3945 in
997 3917 1046 3946 the
1062 3915 1158 3955 Ryver
1178 3917 1216 3947 of
1249 3928 1317 3948 vous
1329 3926 1444 3956 pourrez
1453 3914 1506 3955 fiar
1519 3916 1548 3945 la
1567 3918 1678 3943 Riviere
1693 3915 1725 3944 de
1740 3918 1829 3954 Scine,
1846 3924 1912 3954 pour
1935 3918 2109 3946 incommoder
2129 3918 2169 3952 les
2186 3919 2256 3949 Rebe
2268 3918 2306 3949 les

156 3959 258 3991 Searae,
276 3964 306 3985 to
321 3956 370 3986 vhe
389 3957 546 3996 Anoyance
559 3956 594 3986 of
604 3955 645 3985 his
663 3954 800 3984 Rebbells
813 3955 844 3984 in
865 3956 962 3993 Roan,
981 3965 1015 3985 or
1030 3956 1060 3984 in
1074 3965 1129 3994 any
1146 3965 1212 3993 par-

159 4003 189 4025 te
202 3993 303 4023 within
317 3994 376 4024 that
389 3994 498 4035 R-yver.

201 4033 225 4062 Α
237 4040 257 4060 N
270 4039 308 4068 D,
325 4032 450 4062 whereas
464 4032 527 4062 We
539 4032 594 4062 doe
609 4030 776 4062 understand
793 4031 830 4061 of
841 4039 936 4068 greate
952 4031 1088 4063 Wealthe
1112 4032 1170 4063 that
1193 4032 1216 4062 is

162 4077 197 4110 ιο
209 4079 295 4103 come
307 4069 401 4102 donne
413 4071 461 4102 the
476 4071 576 4111 Ryver
592 4071 672 4102 from
678 4074 774 4103 Roane-
785 4079 817 4103 to
830 4070 943 4111 avoyde
956 4071 1008 4111 the
1028 4070 1166 4111 Daunger
1179 4071 1221 4139 gf

1250 3957 1282 3988 de
1297 3956 1423 3994 Rouen,
1441 3967 1474 3985 ou
1487 3966 1521 3985 en
1537 3952 1648 3993 quelque
1660 3953 1765 3984 endroit
1778 3965 1830 3995 que
1843 3966 1868 3985 ce
1879 3954 1989 3996 sbitsur
2009 3955 2040 3985 la
2052 3959 2172 3986 Riviere.

1291 4035 1335 4064 Et
1348 4043 1442 4063 comme
1453 4040 1517 4061 nous
1531 4040 1618 4059 avons
1632 4034 1721 4069 appris
1734 4042 1784 4072 que
1799 4032 1830 4061 de
1842 4031 1961 4069 grandes
1981 4032 2099 4072 richeffi’s
2121 4034 2234 4064 doivent
2254 4033 2313 4072 des:

1255 4074 1349 4108 cendre
1368 4072 1398 4104 la
1419 4072 1533 4109 Riviere
1555 4069 1589 4102 de
1602 4068 1706 4102 Rouen
1759 4081 1808 4101 our
1826 4072 1917 4104 {viter
1931 4070 1955 4103 le
1976 4072 2077 4112 danger
2098 4072 2225 4113 dufiege,
2245 4082 2314 4102 vous

1761 4117 1777 4147 3
2229 4108 2315 4152 ferte
