2557 4279
32 185 109 217 Ano.
126 182 169 214 D·
184 187 277 226 jestati
297 197 346 226 per
363 187 477 230 eosdem
494 188 641 220 humiliter
655 189 846 227 oblata,cum
865 187 1006 220 Petitione
1025 198 1054 220 ut
1070 189 1170 220 eadem
1190 187 1251 218 Re-
1288 189 1308 233 li
1328 189 1447 223 Moram
1464 197 1613 235 traxerint,

61 220 145 262 1598-
187 228 234 264 gia
251 226 383 265 Majestas
399 228 505 258 eiidem
523 228 674 259 Assensum
694 229 772 258 suum
784 228 911 267 Regium
929 230 1084 265 praeberet,
1088 229 1168 266 juxta
1183 226 1239 256 for-
1281 237 1330 257 cio
1349 229 1397 261 suo
1415 231 1539 272 Curato,
1558 245 1617 265 non

732 103 846 145 ET
931 102 1199 145 ACTA

1285 103 1760 156 PUBLICA.

1635 237 1765 268 obstante
1786 240 1874 271 Mora
1891 243 1920 272 in
1940 243 2119 283 Cathedrali,
2140 246 2286 286 alendam,
2302 250 2336 280 &

32 272 68 300 4⁰
93 261 162 289 Eliz.
186 275 264 296 mam
283 264 425 302 cujusdam
442 266 544 296 Statuti
571 266 628 296 sive
645 265 740 297 Actus
764 266 943 297 Parliamenti
968 268 997 297 in
1017 276 1048 297 ea
1065 274 1144 304 parte
1161 273 1242 295 ante·
1278 265 1507 305 Hospitalitatem
1527 275 1732 306 excercendam
1752 284 1814 307 toto
1831 279 1937 317 reliquo
1956 290 2086 321 tempore
2108 295 2165 322 quo
2192 286 2208 315 a
2228 285 2336 318 Curato

65 303 124 336 Reg.

12 1516 32 1538 t
56 1518 145 1545 xvr.

41 1564 105 1594 330·

182 303 236 334 hac
251 303 334 340 editi,
349 312 436 341 eaque
450 304 630 336 Auctoritate
647 304 691 336 sua
707 304 802 344 Regia
815 305 998 336 confirmaret
1004 318 1015 344 3

178 384 222 419 Ut
246 385 390 418 Homines
413 385 510 419 idonei
532 385 576 419 ad
594 390 700 419 Sacros
722 386 848 421 Ordines
871 390 908 426 &⁶
929 387 1074 432 Beneficia
1099 388 1162 427 <uti
1181 398 1236 420 vo-

429 441 514 477 cant)
535 435 736 479 Ecclefiastiea
755 435 974 469 admittantur.

213 520 347 561 PRIMO,
365 522 493 554 Cautum
509 524 568 563 est,
585 525 624 554 ne
638 524 700 562 quis
712 522 830 561 posthac
843 523 877 553 ad
893 524 996 554 Sacros
1011 523 1136 554 Ordines
1150 523 1232 554 susci-

174 560 285 598 piatur,
301 563 350 628 gui
365 572 423 592 non
439 564 542 594 eodem
555 572 669 608 quoque
682 570 814 600 tempore
829 561 1078 606 Praesentationem
1099 563 1139 593 sui
1151 563 1233 600 ipfius

171 597 208 628 ad
221 598 298 629 Bene
319 602 398 630 cium
411 601 542 640 aliquod,
565 609 637 632 intra
651 600 813 630 Dioecesim
836 600 894 630 five
912 600 1148 638 Jurisdidtionein
1163 601 1231 640 ejus—

170 636 239 666 dem
254 636 392 676 Episcopi
407 640 488 679 ‘aquo
502 639 604 670 Sacros
619 638 743 669 Ordines
755 639 842 679 petit,
857 646 927 669 tunc
939 647 1041 669 vacans
1053 638 1232 677 exhibuerit,

170 675 217 705 vel
233 678 282 713 qui
300 686 360 708 non
373 677 467 708 eidem
484 677 628 716 Episcopo
642 684 752 708 certum
767 685 868 708 verum
890 677 924 707 δε
946 677 1142 708 indubitatum
1159 677 1233 709 Cer-

764 724 780 745 a
793 716 864 745 intra
886 714 1047 746 Dioecefim
1068 716 1125 746 five
1143 715 1232 754 Juris-

751 763 809 784 urae
823 752 997 785 Animarum
1020 753 1152 785 inservire
1167 755 1232 792 pos-

169 712 356 746 tificatoriurn
372 717 490 747 attulerit
502 717 538 747 de
553 715 678 746 Ecclesia
689 714 723 744 ali

170 751 332 785 dictionem
346 755 416 785 diffl
431 754 584 793 Episcopi,
608 755 637 784 in
652 764 707 792 qua
865 793 870 797 .

173 790 230 836 fit,⁴
245 793 298 840 velx
306 794 355 831 qui
368 794 496 838 insi-iqua
509 792 671 837 Cathedrali
683 801 731 823 aut
754 791 917 836 Collegiata
938 791 1079 837 Ecclesia,
1096 793 1142 823 vel
1156 793 1231 824 Coi-

170 829 1166 914 {Zffiiiii}‘333{gifss‘ssiissssssxfissiiisiissfflaffgigdcffifflffi’ass
1176 831 1230 914 {3¹1}

167 909 286 977 vetffiant)
307 907 527 947 inserviendam,
542 915 613 939 tunc
624 915 708 939 etiam
724 915 898 945 vacantem,
915 917 977 939 non
993 909 1025 940 sit
1039 918 1112 940 mox
1125 908 1231 941 admit·

164 955 178 978 t
234 957 280 977 us·

201 968 336 1024 Deiiide,
351 985 389 1015 ne
402 985 463 1023 quis
477 982 637 1023 Episcopus
651 983 772 1023 posthac
791 984 915 1024 aliquem
937 986 968 1016 in
988 985 1090 1017 Sacros
1103 985 1229 1017 Ordines

165 1031 301 1061 cooptet,
325 1024 374 1061 qui
393 1033 454 1053 non
477 1032 511 1054 ex
532 1023 578 1055 sua
592 1023 675 1063 ipsius
699 1023 829 1068 Dioecefi
843 1023 944 1063 inerit,
969 1025 1020 1056 nisi
1032 1024 1079 1057 vel
1094 1034 1130 1055 ex
1143 1025 1228 1056 altera

164 1061 334 1092 nostratium
350 1062 575 1093 Academiarum
590 1062 745 1101 prodierit3
771 1063 816 1093 vel
831 1063 882 1093 nifi
903 1062 1013 1094 Literas
1050 1071 1083 1095 ut
1102 1063 1230 1102 loquun—

163 1098 427 1144 tur,·Dimissorias
448 1101 486 1131 ab
506 1100 652 1146 Episcopo
671 1102 752 1139 cujus
767 1085 1077 1147 Dioeceianusexiiiit,
1091 1102 1228 1147 attulerit,

163 1139 197 1169 δί
212 1139 381 1170 Vicesimum
399 1147 529 1178 quartum
545 1139 654 1171 AEtatis
670 1139 725 1171 suae
739 1139 862 1171 Annum
879 1149 942 1180 Jam
963 1141 1173 1185 compleverit,
1195 1150 1231 1171 ac

164 1178 251 1208 etiam
268 1179 297 1208 in
313 1178 398 1209 altera
412 1178 555 1209 dictarum
572 1178 796 1211 Academiarum
810 1178 945 1210 Gradum
958 1180 1083 1218 aliquem
1096 1179 1232 1211 Scolasti-

164 1225 234 1246 cum
249 1216 424 1261 susceperit,
433 1218 479 1248 vel
494 1217 591 1248 saitem
604 1240 615 1256 ,
638 1217 689 1248 nifi
705 1217 863 1261 Rationem
875 1217 955 1249 Fidei
967 1217 1041 1263 suae,
1059 1220 1138 1258 juitta
1152 1218 1232 1248 Arti—

160 1255 242 1285 culos
256 1256 319 1286 illos
334 1254 491 1294 Religionis
508 1257 537 1286 in
552 1255 673 1296 Synodo
686 1255 899 1297 Episcoporum
913 1258 948 1289 &
957 1255 1036 1288 Cleri
1051 1257 1232 1297 approbatos,

162 1292 426 1339 Latino'Sermone
442 1294 559 1325 reddere
573 1294 676 1333 p0ffit;
693 1295 767 1339 adeo
783 1303 816 1325 ut
837 1295 993 1340 Sacra'rum¹
1008 1295 1168 1340 Literarum
1190 1303 1231 1340 te-

160 1331 319 1403 {iffifflaz
331 1333 440 1416 3:1¹5&
452 1333 621 1416 {timis
631 1332 971 1416 dffi‘ssffilffi‘gssiaisffi
984 1342 1231 1418 Effemffissifirifiiss

161 1411 299 1454 tegi-itate,
315 1411 423 1453 Literas
443 1410 683 1454 Testimoniales,
707 1411 757 1454 sub
778 1410 881 1449 Sigillo
904 1411 951 1441 vel
973 1412 1086 1456 alicujus
1100 1411 1228 1456 Collegii

162 1446 398 1488 Cantabrigiensis
412 1457 458 1479 aut
473 1447 663 1487 Oxonienfis,
678 1449 730 1478 ubi
745 1456 827 1479 antea
842 1447 962 1480 Moram
978 1448 1167 1488 feceritfvel
1181 1452 1231 1481 ali-

160 1489 238 1526 cujus
249 1488 404 1526 Justiciarii
419 1487 453 1517 ad
467 1487 576 1517 Pacem
586 1486 728 1517 Dominae
741 1486 869 1524 Reginae
877 1486 1102 1519 conservandam
1112 1488 1232 1526 affigna-

159 1528 199 1564 ti,
216 1529 271 1557 una
291 1535 363 1557 cum
378 1525 592 1563 Subscriptione
618 1525 652 1556 &
676 1523 866 1556 Testimonio
882 1526 1005 1556 aliorum
1024 1526 1043 1547 *θ
1065 1526 1230 1557 Proborum

159 1567 194 1599 &
221 1565 290 1595 Fide
315 1564 470 1604 dignorum
495 1563 665 1594 Hominum
689 1563 815 1601 eiusdem
834 1564 1001 1603 Parochiae,
1027 1565 1078 1596 ubi
1104 1574 1154 1602 per
1177 1573 1232 1596 tres

161 1605 266 1636 Annos
283 1611 349 1634 ante
367 1604 502 1641 proximo
521 1601 628 1640 elapsos
646 1609 850 1633 commoratus
875 1602 917 1645 est
928 1625 937 1640 ,
962 1603 1093 1634 exhibeat
1109 1615 1119 1641 ;
1146 1611 1232 1642 utque

161 1644 228 1675 sscri
247 1643 286 1673 hii
304 1641 427 1673 Ordines
445 1641 556 1672 Diebus
574 1640 781 1672 tantummodo
800 1640 971 1684 Dominicis
987 1651 1021 1672 ac
1041 1641 1230 1680 Festivis,id-

161 1692 218 1721 que
236 1681 354 1719 publice
373 1690 406 1711 ac
425 1678 651 1718 ternpestive,in
667 1678 794 1710 Ecciefia
804 1678 854 1710 ubi
869 1677 1026 1719 Episcopus
1045 1688 1159 1711 moram
1174 1689 1230 1712 tra-

161 1720 471 1798 xerIi'tliocvolrsigegffiggr.
480 1765 511 1789 ut
525 1756 667 1797 utriusque
682 1756 851 1788 Academiae
864 1754 1068 1802 Collegiorum
1077 1756 1171 1797 Socii,
1180 1757 1230 1797 qui

164 1797 279 1830 fixorum
294 1796 495 1836 Collegiorum
511 1795 630 1826 Statutis
641 1795 675 1825 ad
684 1795 787 1825 Sacros
802 1794 928 1826 Ordines
941 1805 1015 1828 intra
1027 1804 1140 1828 certum
1153 1806 1231 1829 tem-

165 1847 218 1876 pus
233 1835 422 1905 suscipiengps
436 1842 586 1873 tenentur,
603 1834 663 1865 hoc
680 1834 812 1866 Decreto
820 1842 978 1873 ,quantum
993 1835 1029 1867 ad
1044 1833 1177 1867 AEtatem
1189 1845 1233 1869 at-

181 1877 186 1882 ·
400 1875 409 1903 i
448 1881 530 1904 ntur:

165 1883 337 1953 anbnjorg
348 1882 539 1950 gerogealiquis
554 1911 708 1956 Episcopus
719 1911 846 1950 aliquem
860 1911 895 1942 ad
914 1911 1020 1957 Sacros
1040 1911 1169 1946 Ordines
1183 1915 1232 1946 ad-

166 1953 290 1990 miserit,
317 1953 365 1990 qui
388 1952 531 1990 praedictis
554 1951 742 1994 Qalitatibus
760 1960 823 1980 non
845 1951 878 1981 sit
896 1951 1048 1996 praedurus,
1066 1953 1090 1983 is
1107 1961 1157 1992 per
1175 1955 1233 1985 Ar-

166 1991 383 2030 chiepiscopum
393 2013 402 2029 ,
417 1990 562 2035 ‘assidente
574 1990 626 2020 iibi
642 1990 740 2035 inhac
755 1998 832 2027 parte
848 1999 908 2020 uno
925 1990 984 2035 alio
1006 1988 1152 2037 Episcopo
1163 2015 1177 2038 ,.
1195 1992 1233 2024 ab

164 2031 362 2107 ssfflffl}
375 2027 1232 2114 hssgflgffg?‘gssffieffssgfflg'ssuffiffifffssffefflssnd¹³e¹3¹33¹e⁰2⁰3

165 2108 304 2146 ejusmodi
322 2106 497 2145 Episcopos,
516 2115 566 2145 qui
580 2106 614 2136 ad
632 2105 758 2136 Ordines
775 2105 992 2138 Ecclefiasticos
1008 2107 1067 2138 fine
1079 2107 1184 2140 Titulo
1199 2119 1229 2141 a-

162 2147 273 2185 liquem
287 2147 517 2184 promovebunt,
526 2145 653 2175 statuitur
662 2143 724 2188 ·,ad
738 2144 802 2175 haec
813 2146 851 2175 ne
864 2146 925 2184 quis
935 2144 1092 2184 Episcopus
1105 2147 1230 2188 aliquem

164 2187 196 2216 in
213 2184 388 2216 Beneficium
409 2186 465 2221 (uti
479 2183 598 2221 vocant)
618 2167 761 2228 instituat,
779 2183 831 2215 nisi
845 2185 893 2223 qui
915 2184 1059 2222 praedicitis
1074 2185 1233 2232 Conditio—

165 2225 251 2256 nibus
272 2232 385 2255 ornatus
401 2224 503 2261 fuerit,
522 2223 542 2253 fi
563 2224 635 2253 vero
656 2221 745 2266 Curia
766 2221 803 2253 de
824 2222 957 2254 Arcubus
979 2230 1028 2255 aut
1050 2224 1232 2265 Audientiae,

166 2273 217 2301 per
229 2265 307 2294 viam
329 2262 446 2300 duplicis
467 2262 618 2304 Querelae',
637 2261 683 2290 seu
696 2260 751 2305 alio
764 2262 969 2308 quovismodo
992 2270 1093 2294 contra
1108 2263 1232 2302 Episco-

166 2312 239 2340 pum
253 2302 308 2331 hac
324 2303 353 2331 in
370 2310 448 2339 parte
460 2308 523 2339 agat
533 2323 542 2337 ,
561 2309 625 2337 quia
638 2299 788 2329 Homines
801 2309 923 2330 minime
938 2300 1062 2331 idoneos
1074 2312 1108 2333 ac
1122 2303 1231 2334 habiles

165 2341 320 2371 admittere
337 2341 446 2377 renuit,
463 2347 536 2369 tunc
553 2338 653 2368 licebit
666 2337 967 2381 Archiepiscopo,vel
977 2339 1158 2373 Auctoritate
1165 2352 1232 2380 pro-

187 2380 246 2418 na,
265 2380 308 2408 vel
325 2378 425 2409 Gratia
439 2377 552 2416 speciali
565 2377 602 2407 ab
616 2375 878 2421 RegiaMaJestatq
899 2377 1051 2421 impetrat&
1091 2380 1231 2417 ejusmodi

165 2389 322 2485 Proceistsis
336 2425 480 2486 amputa&
488 2439 521 2486 ,ἃ
514 2426 574 2454 quo
588 2415 734 2446 laudabilis
747 2414 880 2455 Episcopi
895 2415 1033 2447 industria
1050 2401 1182 2450 debitum
1195 2419 1230 2450 ea

165 2465 279 2488 ratione
303 2464 449 2488 ortiature
473 2466 489 2485 e
523 2464 586 2485 um:

205 2495 358 2534 Denique,
382 2503 414 2525 ut
438 2494 565 2533 quolibet
584 2492 674 2523 Anno
693 2492 729 2523 ad
747 2491 863 2523 Festum
879 2492 979 2524 Sancti
998 2493 1150 2525 Michaelis
1174 2496 1230 2527 Ar-

163 2534 313 2573 changeli,
331 2534 377 2564 vel
395 2531 467 2564 infra
485 2532 530 2562 sex
548 2530 753 2562 Hebdomadas
780 2531 860 2575 idem
879 2531 997 2562 Festum
1016 2533 1230 2577 subsequentes,

164 2571 528 2616 unusquisque'Episcopus
546 2570 580 2600 N
584 2579 725 2608 umerum,
733 2569 1054 2616 Nomina,Gradusl&
1069 2572 1230 2617 Qalitates

164 2621 271 2694 {agina
282 2617 582 2690 ffissssfaessaiiizss
593 2608 848 2689 Ξῗιΐένῖἑῗῗὲἓι
863 2608 1230 2688 ῗέειέἒέἕῖἓέἒυῗηᾞξῗ

165 2696 265 2720 mittat.

359 2773 410 2806 De
435 2769 646 2816 Beneficiorum
667 2768 853 2804 Pluralitate
873 2765 1047 2805 cohibenda.

204 2857 300 2928 ond
315 2861 425 2892 nemini
440 2859 629 2899 imposterum
648 2856 776 2891 Facultas
790 2858 847 2891 five
860 2859 1038 2899 Indulgentia
1054 2860 1230 2893 concedetur

165 2895 202 2929 de
218 2908 236 2936 p
248 2899 342 2930 uribus
355 2895 503 2930 Beneficiis
515 2898 598 2930 simul
613 2897 785 2937 retinendis,
804 2898 857 2930 nisi
871 2899 1033 2937 hujusmodi
1048 2907 1160 2931 tantum
1179 2902 1228 2939 qui

162 2945 219 2976 pro
234 2936 401 2969 Eruditione
413 2937 457 2968 sua
472 2939 505 2969 &
522 2938 647 2968 maxime
662 2937 691 2967 di
711 2938 798 2975 ni,&
809 2936 845 2968 ad
862 2937 1008 2969 Officium
1022 2938 1105 2969 suum
1121 2939 1230 2977 plenius

162 2974 355 3013 praestandum
371 2977 496 3006 maxime
512 2975 615 3007 habiles
628 2976 662 3007 &
679 2976 690 3005 i
709 2977 776 3007 onei
795 2976 999 3016 censebuntur,
1019 2978 1157 3008 nimirum
1167 3000 1178 3015 ,
1196 2987 1229 3009 ut

162 3015 203 3051 is,
222 3015 269 3053 qui
284 3013 444 3053 hujusmodi
460 3011 606 3044 Facultare
622 3010 754 3044 fruiturus
767 3014 824 3052 est,
844 3015 876 3046 sit
890 3014 924 3045 ad
941 3016 1095 3047 minimum
1110 3016 1227 3048 Artium

163 3051 304 3091 Magister
314 3075 324 3091 ,
342 3053 376 3083 &
390 3050 519 3090 publicus
530 3061 564 3083 ac
578 3051 698 3095 idoneus
712 3051 802 3083 Verbi
817 3052 922 3084 Divini
936 3053 1166 3092 'Concionator;
1189 3056 1228 3085 ita

165 3097 263 3121 tamen
279 3099 311 3121 ut
320 3114 330 3129 ,
348 3090 449 3123 idonea
462 3092 548 3122 etiarn
564 3090 710 3121 Cautione
722 3089 1026 3129 obstriCtus,teneatur
1038 3093 1075 3123 de
1086 3094 1227 3131 personali

164 3129 210 3159 sua
223 3128 382 3161 Residentia
395 3131 425 3160 in
440 3128 556 3167 fingulis
570 3126 718 3159 Beneficiis
732 3139 782 3167 per
796 3130 905 3161 bonam
922 3130 1000 3161 Anni
1016 3132 1150 3171 cujusque
1164 3142 1227 3169 par-

164 3176 225 3198 tem
240 3168 428 3207 facienda3&
442 3168 522 3206 quod
536 3166 673 3198 e'usmodi
688 3164 830 3200 Beneficia
843 3169 957 3207 triginta
973 3168 1146 3202 Milliariutn
1154 3171 1224 3209 Spa-

163 3208 208 3237 tio
222 3207 257 3237 ad
273 3207 418 3238 summum
434 3216 494 3237 non
506 3178 610 3237 disient
622 3206 659 3236 ab
674 3206 801 3250 invicem
816 3218 827 3247 3
850 3207 972 3246 denique
989 3209 1068 3247 quod
1084 3209 1224 3241 idoneum

164 3245 308 3276 Curatum
327 3246 446 3284 habeat,
464 3246 513 3284 qui
530 3244 650 3276 Plebem
664 3253 724 3283 eJus
738 3246 888 3277 Parochiae
903 3247 934 3276 in
950 3257 1005 3287 qua
1018 3257 1078 3278 non
1092 3249 1223 3280 residebit

162 3284 288 3315 instituat
312 3295 344 3315 ac
366 3285 521 3321 informet,
547 3283 638 3314 modo
659 3283 814 3316 Facultates
836 3284 960 3323 ejusdem
983 3285 1116 3318 Beneficii
1137 3287 1222 3318 talem

162 3323 325 3354 commode
341 3322 472 3354 sustinere
491 3323 570 3361 poste
586 3321 812 3364 Archiepiscopo
828 3323 874 3353 vel
887 3325 946 3362 ejus
959 3324 1131 3356 Dioeceseos
1152 3325 1224 3364 Epi-

160 3362 251 3400 soopo
265 3361 437 3393 videbuntur
446 3385 456 3401 ,
476 3371 505 3392 ut
519 3358 681 3392 Beneficiati
693 3366 722 3392 in
735 3362 787 3393 hiis
805 3361 951 3393 Beneficiis
962 3363 1075 3396 Curatis
1089 3364 1224 3403 Hospita-

157 3400 266 3431 litatem
283 3410 467 3432 excerceant:

201 3438 341 3479 Qoniam
358 3439 535 3479 Ecclefiariem
558 3437 765 3468 cathedralium
786 3437 931 3470 Canonici
941 3438 1006 3479 five
1029 3440 1221 3474 Praebend‘arii

163 3478 345 3517 Ecclefiastica
366 3478 503 3517 Beneficia
528 3480 634 3506 Curata
646 3476 712 3506 alibi
719 3477 817 3516 Jc'epifcs
832 3477 962 3517 poffident
971 3501 980 3515 ,
994 3479 1032 3514 ῥ’
1046 3488 1139 3511 tamen
1148 3488 1221 3519 prae—

162 3519 303 3547 tendentes
320 3518 366 3556 se,
381 3521 488 3547 ratione
501 3516 713 3546 Praebendarum
722 3516 854 3555 sicarum,
873 3517 890 3546 ἂ
912 3516 1070 3557 Refidentia
1085 3523 1114 3549 in
1130 3524 1219 3550 cura-

161 3557 196 3584 tis
215 3555 355 3595 Beneficiis
373 3555 468 3586 liberos
487 3552 525 3589 ό·
544 3558 673 3583 immunes
691 3577 701 3592 ,
737 3554 776 3583 ad
792 3555 969 3585 eathedrales
984 3557 1132 3587 convolant
1150 3582 1159 3596 ,
1195 3563 1221 3589 i-

161 3593 239 3634 bique
266 3606 369 3624 moram
391 3594 507 3634 faciunt
533 3593 674 3631 longiorem
700 3615 710 3630 ,
746 3594 814 3623 unde
846 3605 894 3623 nec
928 3598 1005 3624 Curae
1032 3596 1221 3627 parochiano-

161 3641 222 3661 rum
237 3632 289 3663 illis
309 3634 445 3673 commiffae
460 3634 530 3671 scitis
543 3631 705 3670 prospicitur
723 3653 734 3668 ,
756 3643 802 3660 nec
820 3633 953 3670 Pauperes
972 3635 1054 3664 Domi
1065 3635 1125 3675 sisae
1154 3636 1219 3675 (fic-

163 3675 206 3700 uti
239 3671 385 3710 difficultas
420 3673 498 3712 hayus
524 3674 648 3708 temporis
677 3671 780 3707 exigit)
812 3669 924 3699 aluntur
957 3678 1038 3713 atque
1060 3674 1220 3714 fiaestentan-

162 3715 209 3739 tur
223 3720 230 3726 ·

200 3733 316 3779 Idcirco
329 3749 414 3788 Nos,
430 3749 499 3778 huic
514 3747 598 3779 Malo
612 3747 762 3785 providere
782 3746 984 3787 desiderantes,
1006 3749 1220 3782 decernendum

163 3786 309 3817 censemus
320 3797 351 3818 ut
367 3796 471 3818 omnes
484 3789 517 3819 &
534 3788 635 3824 iinguli
650 3789 777 3816 Canonici
791 3786 849 3816 sive
872 3786 1074 3827 Praebendarii,
1103 3791 1150 3827 qui
1166 3790 1220 3820 Be-

164 3822 265 3854 neficia
279 3824 384 3857 Curata
399 3835 486 3857 unum
502 3827 556 3856 sive
571 3827 630 3855 duo
644 3826 794 3861 obtinent,
811 3834 865 3854 nec
882 3824 1072 3857 Refidentiarii
1088 3827 1215 3859 necessa-

163 3861 198 3891 rii
212 3863 241 3891 in
263 3862 312 3893 suis
332 3864 466 3895 Eccleiiis
485 3863 702 3895 Cathedralibus
723 3862 866 3904 existi-int,
887 3863 956 3895 ultra
981 3873 1090 3911 tempus
1110 3877 1170 3906 quo
1188 3868 1219 3897 in

165 3898 381 3932 Cathedralibus
397 3903 513 3933 residere
525 3912 674 3940 tenentur,
693 3904 708 3931 a
723 3902 867 3943 Bencnciis
883 3900 936 3932 suis
955 3901 1085 3943 Curatis,
1102 3912 1223 3943 praetex-

166 3944 197 3968 tu
213 3938 431 3971 Praebendarum
449 3964 459 3979 ,
491 3941 518 3971 se
530 3952 589 3971 non
605 3941 767 3978 absentent,
791 3940 829 3970 Et
845 3942 864 3969 ii
877 3940 962 3978 aliqui
976 3952 1095 3980 eorum,
1124 3944 1173 3981 qui
1188 3944 1223 3974 ad

166 3976 345 4007 neceffariam
366 3978 558 4010 Residentiam
577 3982 607 4009 in
626 3978 986 4010 EcclesiisCathedralibus
1004 3989 1064 4011 non
1084 3990 1226 4021 tenentur,

166 4015 242 4046 ultra
256 4024 365 4055 tempus
383 4019 465 4049 unius
482 4018 590 4050 Mensis
605 4018 795 4057 aliqqunno
813 4019 845 4050 in
863 4016 991 4052 Ecclesia
1009 4018 1054 4053 iiia
1063 4018 1224 4053 Cathedra-

1278 304 1419 338 abfuerint
1429 317 1436 337 :

1312 342 1401 389 Ξζίωιί
1412 353 1505 377 autem
1518 349 1559 378 ad
1567 360 1608 379 eos
1623 355 1729 381 attinet
1743 355 1789 392 qui
1803 354 1844 383 ad
1856 355 2034 421 Rcyidentiam
2047 362 2078 389 in
2095 359 2216 399 Ecclefiis
2232 362 2336 392 Cathe-

1273 381 1394 412 dralibus
1415 384 1578 424 faciena'mn⁴
1587 396 1637 426 per
1659 390 1854 421 Ordinationes
1874 393 1945 422 ilius
1962 396 2082 436 Ecclefiae
2098 398 2268 438 obligantur,
2293 401 2333 436 ό·

1273 426 1415 452 communis
1427 426 1600 455 Dividentiae
1617 429 1764 466 participes
1772 429 1859 468 fient,
1877 441 1926 461 eos
1944 434 1978 462 ita
1992 435 2062 464 inter
2078 436 2103 466 se
2120 437 2199 468 Anni
2215 446 2332 478 tempo-

1271 467 1299 488 ra
1317 461 1415 496 partiri
1430 462 1579 508 volumus,
1605 466 1699 503 quoad
1727 466 1914 498 Reiidentiam
1934 471 1964 499 in
1991 471 2202 506 Cathedralibus
2224 477 2333 508 haben-

1269 495 1355 540 dam,
1374 508 1403 543 ut
1420 511 1520 532 eorum
1539 502 1623 541 aliqui
1642 506 1672 534 iri
1692 503 1825 535 Ecclesiis
1844 506 1894 536 illis
1914 507 2022 545 semper
2039 510 2127 543 adsint
2147 515 2180 545 δε
2216 515 2328 548 ersona-

1268 534 1332 565 liter
1349 538 1500 582 resideant,
1523 551 1557 571 ac
1575 551 1634 580 quo
1651 542 1714 572 haec
1732 544 1830 574 omnia
1850 544 1949 575 melius
1966 556 2130 585 peragantur
2147 574 2156 589 ,
2217 554 2327 594 piscopi

1268 574 1314 617 yel
1338 576 1398 620 alii,
1417 577 1451 608 ad
1471 589 1542 616 quos
1577 590 1607 610 er
1625 580 1762 612 Ecclefiae
1780 581 1889 613 Statuta
1908 584 1953 613 vel
1971 584 2172 619 Ordinationes
2190 594 2314 628 pertinet

1267 621 1298 642 in
1317 613 1368 644 suis
1385 615 1541 654 respective
1588 619 1694 650 ccleiiis
1712 619 1861 657 diligenter
1879 621 2086 663 providebunt,
2110 635 2140 656 ut
2166 631 2270 660 Decani
2295 617 2330 664 6}

1268 653 1397 698 canonici
1411 655 1440 684 in
1450 655 1582 687 Ecclefiis
1595 657 1815 689 Cathedralibus
1821 657 1873 689 suis
1888 660 2001 690 vicibus
2015 660 2182 696 Conciones
2190 667 2327 701 habeant·

1269 698 1344 735 cum
1367 691 1544 726 Beneficium
1568 705 1683 734 propter
1708 695 1852 727 Officium
1877 697 1896 717 ²*
1922 697 2045 729 conferri
2070 700 2189 741 debeat,
2210 695 2330 745 aequum'

1266 727 1458 762 eitistimamus
1484 741 1511 764 ut
1536 733 1723 766 Ecclefiarum
1748 734 1966 766 Cathedralium
1998 740 2108 768 Decani
2134 741 2168 771 &
2195 746 2325 778 canonia·

1265 774 1368 813 ornnes
1387 770 1420 800 δι’
1435 771 1549 811 singuli,
1576 774 1625 812 qui
1643 775 1673 804 in
1692 773 1772 804 sacris
1791 773 1949 805 Ordinibus
1966 774 2027 806 sunt
2050 776 2218 818 constituti,
2240 785 2273 814 &
2289 786 2324 817 ad

1265 803 1434 849 Conciones
1452 809 1596 842 habendas
1614 812 1644 843 in
1665 811 1799 843 Ecelefiis
1812 811 1865 843 suis
1882 812 2096 846 Cathedralibus
2110 815 2146 847 de
2161 817 2231 855 Jure
2240 842 2249 857 ‚
2265 822 2326 855 Sta-

1265 850 1346 883 tutis,
1364 846 1624 888 Ordinationibus,
1643 859 1691 882 aut
1709 851 1840 881 laudabili
1860 850 2073 884 Consuetudine
2088 853 2162 885 illius
2177 855 2311 892 Ecclesiae

1266 889 1410 924 tenentur,
1428 887 1458 917 in
1477 887 1604 919 Personis
1621 888 1672 919 suis
1689 890 1807 928 propriis
1824 898 1868 920 eas
1885 889 2035 931 praestant,
2053 902 2109 923 nec
2125 892 2236 926 Vicaria
2256 898 2284 928 in
2302 884 2334 932 ea

1265 929 1295 950 re
1312 931 1398 967 opera
1417 930 1547 964 utantur,
1565 927 1615 957 nisi
1633 937 1666 958 ex
1686 929 1770 959 caula
1789 926 1980 966 AEgritudinis
1997 938 2045 960 aut
2061 931 2116 962 alia
2131 931 2259 970 legitima
2274 938 2332 968 im.

1262 960 1368 1000 pediti,
1388 961 1630 1008 Concanonicum
1647 966 1748 1004 suurn,
1763 967 1809 997 vel
1826 968 1914 998 alium
1935 969 1965 998 in
1982 968 2150 1006 Theologia
2169 973 2312 1006 eruditum

1264 1007 1298 1041 ac
1316 1001 1356 1031 ‘ad
1384 1003 1620 1034 concionandum
1647 1005 1825 1037 Auctoritate
1851 1006 2003 1037 sufficienti
2028 1010 2217 1046 approbatum
2237 1035 2246 1051 ,
2281 1000 2333 1047 sug.

1264 1046 1329 1083 vice
1360 1038 1527 1073 substituant
1554 1052 1560 1072 z
1598 1044 1674 1080 quod
1708 1044 1726 1074 si
1759 1046 1807 1082 qui
1839 1045 2002 1084 hujusmodi
2035 1049 2142 1078 Decani
2174 1050 2207 1081 ὃς
2239 1055 2329 1083 Cano..

1266 1087 1321 1106 nm
1339 1075 1482 1109 Officium
1502 1080 1536 1111 ea
1553 1082 1583 1111 in
1602 1091 1631 1112 re
1657 1083 1834 1122 neglexerint
1854 1106 1864 1122 ,
1901 1094 1950 1122 per
1974 1084 2151 1124 Episcopum
2166 1111 2175 1125 ,
2217 1091 2264 1121 vel
2281 1102 2331 1123 eos

1266 1114 1566 1191 {irqgiazstgliirisdidtio
1584 1121 1706 1158 pertinet
1724 1144 1735 1159 ,
1774 1123 1869 1160 quoad
1886 1122 1913 1154 se
1931 1122 2029 1155 debite
2047 1128 2224 1159 correxerint
2243 1152 2254 1168 ,
2274 1130 2330 1162 sus-

1269 1237 1319 1271 De
1331 1236 1521 1272 moderandis
1531 1239 1728 1289 Indulgentiis
1745 1251 1798 1287 pro
1827 1239 2020 1277 celebratione
2039 1246 2260 1292 Matrimons-

1481 1299 1538 1334 que
1561 1293 1643 1322 trina
1667 1291 1839 1323 Bannorum
1862 1293 2114 1330 Dcnunciatione.

1305 1373 1600 1418 QUANDOQJIDEM
1618 1378 1747 1411 honestae
1761 1380 1844 1411 ciarae
1863 1391 1897 1412 ac
1924 1382 2035 1412 illustris
2058 1383 2245 1419 Conditionis
2266 1387 2333 1421 Ho-

1269 1420 1377 1458 mineS,
1395 1414 1451 1446 five
1469 1425 1587 1456 urgente
1602 1419 1695 1458 aliqua
1708 1418 1887 1457 necestitate,
1905 1420 1962 1450 five
1977 1422 2034 1451 aliis
2047 1432 2108 1453 non
2121 1433 2331 1466 contempnen-

1268 1450 1312 1481 dis
1328 1454 1500 1493 rationibus,
1520 1455 1744 1488 Matrimonium
1760 1457 1795 1488 ali
1818 1459 1913 1488 uando
1928 1459 2088 1490 celebrandi
2112 1462 2214 1495 Causas
2229 1466 2331 1499 habere

1267 1489 1400 1530 possunt,
1418 1492 1559 1526 Facultate
1575 1495 1625 1526 sibi
1639 1496 1675 1526 de
1692 1495 1794 1526 Bannis
1808 1505 1817 1526 i
1846 1498 2086 1536 ammonuimus,
2103 1510 2149 1531 aut
2161 1511 2221 1533 non
2234 1508 2333 1536 omni«

1268 1529 1310 1557 no
1326 1535 1374 1559 aut
1395 1530 1480 1563 semel
1501 1534 1643 1565 iterumve
1662 1534 1885 1573 denunciandis,
1915 1536 2039 1575 indulta,
2062 1537 2120 1568 sine
2141 1540 2235 1580 aliquo
2253 1548 2332 1581 gravi

1266 1565 1405 1599 Scandaio
1419 1569 1465 1601 seu
1481 1569 1689 1610 Detriment03
1708 1573 1837 1612 idcirco,
1854 1575 1889 1605 ad
1904 1575 2033 1605 evitanda
2047 1578 2212 1614 generaliter
2224 1591 2286 1619 quae
2301 1585 2332 1615 in

1266 1601 1318 1634 hac
1333 1612 1412 1648 parte
1425 1617 1558 1640 notantur
1576 1610 1788 1650 incommoda,
1806 1613 1897 1643 visum
1911 1612 1953 1644 est
1968 1616 2062 1645 caveri
2077 1617 2114 1646 ne
2131 1617 2195 1648 ullae
2202 1619 2332 1652 Faculta-

1268 1649 1308 1672 tes
1324 1645 1383 1675 sive
1399 1644 1591 1685 Indulgentiae
1606 1649 1641 1680 de
1655 1649 1825 1680 celebrando
1833 1651 1936 1689 absque
1948 1651 2050 1683 Bannis
2059 1653 2249 1688 Matrimonio
2257 1669 2331 1690 con-

1267 1680 1418 1719 cedantur,
1437 1685 1488 1715 nisi
1504 1685 1607 1718 idonea
1620 1688 1729 1719 Cautio
1745 1690 1820 1726 prius
1835 1689 1886 1720 sub
1907 1689 1983 1722 hisce
2006 1690 2234 1726 Conditionibus
2253 1698 2333 1730 inea-

1267 1726 1329 1758 tur,
1348 1720 1460 1762 Primo,
1485 1725 1567 1762 quod
1588 1725 1698 1756 nullum
1721 1726 1816 1764 postea
1830 1727 1974 1760 constabit
1994 1728 2241 1768 impedimentum
2254 1735 2334 1768 Prae-

1267 1758 1452 1801 contractus,
1472 1761 1748 1803 consanguinitatis,
1768 1764 1935 1805 Affinitatis‚
1955 1767 1999 1799 vel
2013 1769 2094 1800 ullius
2106 1771 2217 1804 alterius
2228 1774 2334 1813 legitti-

1268 1806 1326 1842 mae
1342 1798 1444 1831 Causae
1460 1801 1666 1841 cujuscumque
1682 1804 1808 1842 ratione,
1825 1805 2068 1846 Secundo,quod,
2086 1817 2122 1839 eo
2136 1818 2267 1852 ternpore
2276 1825 2334 1853 quo

1267 1836 1408 1905 eflusmodi
1423 1837 1550 1872 Facultas
1564 1841 1621 1873 sive
1635 1841 1813 1882 Indulgentia
1828 1844 2105 1882 concedetur,nulla
2120 1849 2320 1884 Controversia

1295 1885 1318 1906 is
1329 1874 1514 1922 seuQuerela
1531 1888 1611 1911 mota
1622 1879 1681 1924 est,
1700 1880 1746 1912 vel
1760 1880 1903 1920 dependet
1917 1893 2018 1914 coram
2035 1885 2133 1924 aliquo
2149 1888 2251 1926 Judice
2273 1876 2333 1924 Ec?

1269 1913 1423 1959 clefiastico
1437 1927 1485 1949 aut
1502 1917 1594 1950 Civili
1607 1918 1643 1950 de
1656 1929 1672 1949 e
1685 1918 1831 1950 uscemodi
1846 1920 1982 1959 legitimo
1996 1922 2211 1961 Impedimento
2227 1929 2333 1962 Matri-

1272 1955 1365 1986 monii
1386 1956 1460 1987 inter
1483 1957 1645 1989 hu'usmodi
1695 1958 1805 1989 ersonas
1824 1961 2011 1991 contrahendi
2031 1971 2078 1994 aut
2102 1967 2263 1998 contracti·
2298 1980 2333 2001 ac

1269 1994 1374 2033 Tertio,
1394 1994 1476 2034 quod
1492 2007 1508 2027 a
1542 1995 1719 2036 Nuptiarum
1734 1996 2030 2036 Solempnizationem
2039 2011 2098 2032 non
2113 1992 2268 2045 accedent’,
2289 2010 2335 2038 ni-

1268 2029 1289 2062 si
1302 2031 1408 2064 astensu
1423 2033 1456 2065 ὃ(
1472 2035 1602 2073 expresso
1617 2034 1765 2066 Conse-usu
1781 2036 1935 2068 Parentum
1952 2039 2007 2069 sive
2022 2039 2170 2072 Tutorum
2185 2045 2262 2082 prius
2275 2047 2332 2076 im-

1268 2078 1396 2116 petrato,
1415 2073 1448 2105 &
1465 2073 1578 2105 ulterius
1592 2073 1674 2113 quod
1691 2071 1874 2118 Matrimonii
1887 2075 2051 2109 Celebratio
2072 2080 2188 2119 publice
2200 2093 2233 2114 ac
2254 2092 2331 2115 tem—

1289 2108 1376 2143 estive
1388 2112 1418 2142 in
1433 2109 1507 2144 facie
1521 2112 1658 2144 Ecclesiae
1672 2111 1736 2151 fiet,
1755 2123 1836 2152 quus
1849 2115 1964 2154 quidem
1973 2115 2125 2149 Cautionis
2141 2119 2329 2155 Formulaseu

1292 2149 1415 2189 xemplar
1435 2151 1466 2181 in
1491 2151 1613 2189 Scriptis
1631 2152 1827 2190 concipietur,
1852 2163 1886 2184 ac
1901 2155 2052 2193 unicuique
2071 2156 2217 2197 Episcopo
2238 2161 2269 2192 in
2284 2162 2331 2195 sua

1268 2189 1404 2228 cujusque
1414 2188 1548 2222 Dioecesi
1560 2190 1699 2222 imitanda
1712 2200 1907 2231 proponetur,
1925 2202 2057 2230 praeterea
2072 2197 2262 2235 adjiciendum
2278 2210 2332 2238 pu-

1268 2234 1377 2267 tamus,
1407 2238 1445 2260 ne
1461 2230 1597 2273 cuiquam
1611 2229 1714 2268 liceat,
1740 2227 1940 2269 Episcopalem
1963 2230 2146 2271 Dignitatem
2169 2246 2230 2267 non
2252 2240 2330 2270 obti-

1267 2269 1347 2298 nenti
1360 2263 1581 2302 (Commissario
1594 2268 1630 2298 ad
1646 2266 1669 2298 F
1670 2267 1859 2306 acuitates,ac
1874 2268 1990 2300 Vicariis
2004 2271 2193 2305 Generaiibus
2206 2275 2329 2308 Archio-

1266 2304 1374 2343 piscopi
1388 2306 1422 2336 &
1437 2305 1664 2346 Episcoporum,
1682 2305 1755 2336 Sede
1771 2306 1853 2343 plena
1868 2307 1901 2338 &
1913 2307 1987 2338 Sede
1994 2319 2130 2349 vacante,
2150 2312 2327 2348 Custodibus

1266 2342 1488 2382 Spiritualitatis,
1506 2354 1540 2375 ac
1554 2344 1714 2375 ordinariis
1725 2344 1935 2385 {Episcopalem
1952 2347 2187 2385 jurisdictionem
2208 2353 2245 2384 de
2264 2355 2330 2392 jure

1267 2381 1482 2420 exercentibus,
1500 2383 1530 2412 in
1544 2382 1597 2412 suis
1614 2382 1863 2420 jurisdictionibus
1880 2383 2037 2422 respective
2058 2389 2200 2427 exceptis)
2225 2391 2330 2425 Licen-

1265 2419 1336 2451 tiam
1351 2420 1515 2451 celebrandi
1530 2421 1718 2451 Matrimonia
1731 2421 1788 2451 sine
1802 2421 1906 2453 Bannis
1921 2426 2099 2465 concedere,
2120 2438 2152 2458 ea
2165 2433 2238 2460 vero
2253 2431 2331 2463 dun-

1264 2465 1337 2488 taxat
1352 2469 1401 2496 per
1418 2461 1444 2490 se
1459 2469 1493 2489 ac
1509 2458 1561 2489 sub
1575 2458 1721 2490 Manuum
1736 2459 1846 2491 suarum
1870 2461 2090 2502 subscriptione,
2116 2476 2175 2497 non
2189 2477 2241 2505 per
2263 2469 2328 2503 De-

1264 2505 1374 2533 putatos
1388 2506 1436 2528 aut
1449 2497 1622 2535 Surrogatos
1636 2497 1714 2537 suos,
1731 2509 1786 2529 nec
1801 2499 1858 2529 aliis
1873 2501 1960 2540 quam
1972 2502 2028 2532 suae
2037 2502 2242 2540 Juriiiiietionis
2253 2508 2329 2540 Sub-

1263 2534 1327 2565 ditis
1333 2558 1344 2579 ,
1364 2536 1555 2574 concedatur,
1573 2536 1642 2566 nulli
1655 2544 1750 2567 autern
1762 2538 1964 2578 cujuscumque
1985 2540 2089 2580 Sextis,
2106 2542 2267 2581 Dignitatis
2281 2558 2327 2581 aut

1264 2572 1400 2613 Ordinis,
1416 2575 1445 2604 in
1460 2574 1615 2605 Parentum
1631 2577 1676 2606 seu
1690 2575 1929 2607 Gubernatorum
1946 2577 2024 2609 Cura
2039 2580 2072 2610 &
2089 2581 2251 2619 Regimine
2266 2588 2327 2617 exi-

1265 2611 1365 2652 stenti,
1389 2613 1441 2644 nisi
1459 2615 1536 2651 prius
1551 2613 1710 2645 constiterit
1725 2614 1761 2645 de
1776 2615 1905 2652 expresso
1923 2617 2060 2648 consensu
2080 2619 2253 2662 Parentum,
2280 2626 2327 2656 vel

1265 2650 1502 2683 Gubernatorum
1516 2653 1629 2683 suorum
1644 2652 1663 2683 si
1677 2655 1753 2683 rorte
1772 2653 1903 2684 Parentes
1922 2655 2090 2689 excesserint
2110 2661 2127 2689 ὲ
2151 2661 2224 2699 vita,
2242 2663 2327 2703 idque

1265 2689 1422 2721 Parentum
1438 2691 1641 2730 significatione
1656 2701 1701 2722 aut
1720 2690 1958 2723 Gubernatorum
1975 2694 2073 2733 Judici
2092 2697 2273 2737 personaliter
2288 2703 2330 2734 fa-

1265 2727 1329 2767 eta,
1348 2729 1395 2761 vel
1408 2728 1615 2768 Chirographis
1629 2730 1774 2769 ipsorum,
1794 2731 1896 2768 quibus
1909 2731 1996 2762 fidem
2018 2734 2180 2768 habendam
2196 2739 2252 2770 effie
2265 2751 2325 2772 non

1265 2776 1398 2805 putamus
1425 2768 1475 2799 nili
1495 2778 1545 2806 per
1568 2767 1704 2799 Nuncios
1726 2769 1853 2800 honestae
1875 2770 2049 2803 conditionis
2069 2773 2102 2804 &
2125 2775 2209 2807 famae
2230 2777 2325 2810 illaesae

1264 2808 1433 2847 mittantur,
1452 2808 1501 2846 qui
1523 2806 1611 2838 fidem
1633 2807 1737 2838 faciant
1751 2808 1777 2838 se
1795 2808 1832 2838 de
1848 2808 2003 2840 Parentum
2018 2819 2065 2841 aut
2088 2811 2326 2848 Gubernatorum

1265 2855 1353 2877 manu
1366 2845 1567 2885 Chirographa
1581 2846 1745 2885 hujusmodi
1759 2846 1911 2885 recepisse,
1920 2850 1992 2879 veris
2001 2849 2185 2883 Nominibus
2199 2863 2232 2884 ac
2241 2855 2326 2894 Cog-

1264 2886 1433 2917 nominibus
1454 2895 1503 2924 per
1516 2885 1676 2923 hujusmodi
1692 2885 1825 2916 Nuncios
1852 2885 2043 2925 designandis,
2068 2890 2150 2927 cujus
2165 2891 2324 2933 Chirogra-

1264 2926 1313 2962 phi
1331 2924 1516 2955 exhibitionis
1529 2933 1562 2954 ac
1573 2923 1733 2962 juramenti
1755 2934 1804 2962 per
1822 2923 1857 2954 N
1860 2927 1978 2956 uncium
1993 2926 2107 2964 praestiti
2129 2929 2239 2961 Adtum
2253 2942 2326 2963 con-

1262 2964 1347 2994 scribi
1364 2963 1515 3000 volumus,
1535 2972 1587 2993 nec
1603 2964 1675 2993 vero
1692 2963 1751 2993 aliis
1772 2963 1970 2995 concedantur
1989 2966 2148 3004 hujusmodi
2169 2968 2326 3008 Indulgen-

1264 3003 1332 3040 tiae,
1359 3003 1447 3040 quam
1463 2999 1618 3032 illustris&
1633 3000 1716 3032 clarae
1728 3002 1901 3033 conditionis
1925 3003 2120 3043 Hominibus,
2145 3007 2195 3037 nifi
2217 3018 2325 3046 urgens

1263 3040 1409 3071 necessitas
1428 3040 1629 3077 intercesserit,
1650 3049 1737 3079 eaque
1753 3040 1849 3079 Judici
1871 3043 1989 3081 cognita
2010 3042 2092 3074 fuerit
2110 3055 2121 3082 3
2146 3055 2279 3083 praeterea
2295 3049 2326 3078 in

1262 3080 1322 3119 ipso
1338 3077 1562 3117 Dispensationis
1579 3078 1634 3109 sive
1651 3077 1791 3109 Licentiae
1805 3080 2052 3122 tenore,Ecc1efia
2070 3082 2250 3115 habitationis
2266 3086 2325 3117 five

1262 3119 1501 3149 commorationis
1514 3118 1626 3148 alterius
1641 3119 1872 3149 contrahentium
1894 3119 1938 3150 vel
1955 3119 2106 3151 Parentum
2121 3123 2156 3154 δε
2171 3123 2324 3155 Guberna-

1261 3166 1360 3188 torum
1376 3157 1489 3188 suorum
1498 3157 1668 3194 exprimatur
1674 3157 1726 3195 ,ὃς
1739 3166 1849 3194 teinpus
1865 3157 1934 3188 Diei
1945 3159 2030 3189 etiam
2044 3169 2223 3200 congruum,
2240 3172 2325 3193 nem-

1261 3206 1314 3234 pe,
1332 3195 1407 3227 inter
1419 3195 1503 3226 horas
1517 3195 1652 3226 ofitavam
1667 3196 1700 3227 &
1715 3194 1919 3228 duodecimam
1942 3206 2005 3228 ante
2025 3197 2183 3230 Meridiem
2204 3200 2322 3233 afflone-

1259 3244 1322 3273 tur,
1340 3244 1414 3273 nec,
1430 3235 1488 3265 sine
1502 3232 1684 3272 Indulgentia
1703 3236 1717 3264 a
1731 3243 1916 3272 competente
1931 3234 2034 3274 Judice
2048 3238 2198 3277 concessa,
2224 3227 2321 3271 Mini-

1260 3273 1315 3304 ster
1330 3273 1428 3313 aliquis
1452 3272 1675 3303 Matrimonium
1696 3273 1822 3304 celebret
1844 3273 1895 3303 nisi
1916 3274 1989 3305 trina
2009 3273 2172 3306 Bannorum
2197 3276 2321 3309 Denun.

1261 3313 1401 3351 ciatione,
1417 3312 1560 3352 legittimo
1575 3310 1723 3342 intervallo
1740 3312 1962 3350 interveniente,
1987 3312 2038 3344 sub
2054 3313 2147 3344 Poena
2162 3313 2316 3348 Constitu-

1259 3351 1386 3382 tionibus
1408 3349 1635 3381 provincialibus
1653 3349 1831 3389 praescripta,
1854 3349 1994 3381 Pitoviso
2015 3351 2123 3389 semper
2146 3355 2227 3391 quod
2252 3357 2317 3394 qui-

1259 3399 1385 3429 cumque
1400 3399 1502 3420 contra
1518 3389 1591 3419 hanc
1606 3387 1828 3419 Ordinationem
1841 3388 1895 3418 deli
1918 3390 2002 3426 uerit,
2029 3390 2065 3420 ab
2078 3392 2244 3423 executione
2261 3394 2323 3425 Of-

1257 3428 1314 3458 ficii
1331 3438 1380 3467 per
1396 3428 1579 3466 Superiorem
1596 3436 1643 3460 per
1657 3426 1711 3457 Sex
1727 3427 1854 3464 integros
1912 3429 1986 3458 enses
1998 3427 2193 3468 suspendetur,
2212 3433 2246 3463 &
2264 3433 2316 3464 Li.

1256 3468 1350 3498 centia
1373 3465 1535 3506 hujusmodi
1558 3466 1663 3496 viribus
1684 3466 1806 3502 carebit,
1832 3466 1864 3496 &
1886 3475 1939 3503 pro
1961 3465 2051 3504 nulla,
2077 3467 2168 3505 quoad
2189 3469 2318 3503 Poenam

1253 3504 1385 3536 Personis
1403 3503 1588 3537 clandestinas
1607 3503 1735 3542 Nuptias
1752 3503 1957 3534 celebrantibus
1979 3505 2203 3547 imponendam,
2229 3509 2319 3541 habe·

1255 3545 1342 3576 bitur.

1375 3624 1402 3651 ²}st
1430 3627 1478 3659 De
1502 3625 1659 3657 Sententiis
1685 3625 1823 3656 Divortie'
1846 3635 1903 3656 non
1925 3633 2034 3658 temere
2049 3626 2199 3672 ferendis.

1298 3711 1324 3743 E
1334 3720 1358 3744 τ
1377 3711 1442 3748 quia
1458 3707 1688 3740 Matrimoniales
1701 3706 1799 3738 Causae
1812 3709 1885 3738 inter
1907 3707 2034 3748 Maiores
2048 3711 2192 3752 hucusque
2206 3714 2316 3756 semper

1256 3751 1360 3782 habitae
1375 3749 1498 3787 suerint,
1518 3748 1722 3784 idcirco,cum
1739 3746 1774 3778 de
1791 3746 2027 3791 Matrimoniis'in
2037 3750 2159 3789 judiciis
2173 3754 2314 3794 discepta-

1256 3799 1316 3828 tur,
1339 3788 1447 3820 cautius
1468 3788 1512 3826 agi
1533 3794 1666 3826 oportet,
1691 3785 1842 3830 praesertirn
1863 3789 1933 3817 vero
1948 3787 2019 3817 cum
2039 3789 2264 3823 Matrimonium
2280 3796 2311 3824 jn

1255 3828 1379 3859 Ecclesia
1394 3826 1640 3863 Solempnizatum
1655 3832 1795 3867 praetextu
1809 3824 1903 3868 aliquo
1916 3824 2028 3864 separari
2051 3829 2097 3858 vel
2121 3831 2230 3861 nullum
2244 3842 2314 3870 pro-

1256 3866 1385 3897 nunciari
1402 3864 1565 3901 postuletur.
1603 3861 1738 3899 AEquum
1753 3871 1840 3898 igitur
1854 3864 1944 3893 visum
1957 3865 1998 3895 est
2012 3867 2139 3903 primum
2153 3879 2201 3907 ut,
2216 3870 2246 3900 in
2260 3871 2316 3900 hu-

1253 3905 1379 3944 jusmodi
1395 3903 1599 3933 Divortiorurn
1613 3902 1646 3930 &
1662 3899 1695 3929 N
1699 3900 1808 3930 uilitatis
1827 3900 2007 3944 Matrimonii
2024 3904 2218 3945 Processibus,
2243 3908 2315 3939 deii-

1259 3945 1356 3974 berate
1381 3941 1567 3978 procedatur,
1590 3948 1623 3969 ac
1646 3947 1781 3975 quantum
1796 3937 1854 3969 fieri
1868 3943 1970 3977 poterit
1991 3943 2032 3972 rei
2052 3943 2162 3975 Veritas
2176 3946 2312 3976 Testium

1261 3980 1503 4019 Depositionibus
1517 3977 1627 4015 aliisque
1644 3977 1865 4008 probationibus
1878 3979 2013 4016 legitimis
2026 3991 2158 4022 eruatur,
2175 3995 2228 4015 nec
2244 3985 2312 4014 Par-

1262 4021 1334 4053 tium
1348 4016 1518 4049 confessioni
1539 4016 1622 4055 (quae
1640 4016 1670 4047 in
1685 4016 1840 4086 huggausis
1853 4017 1927 4056 saepe
1941 4017 2024 4051 fallax
2035 4020 2096 4059 est)
2116 4026 2225 4054 temere
2240 4032 2316 4090 egg-

1787 4063 1803 4093 3
2296 4069 2328 4090 ’δ’

2276 140 2354 179 197

1637 208 1687 228 eos
1705 200 1804 232 arctari
1822 202 1955 235 volumus
1974 204 2007 237 ad
2027 205 2172 238 Familiam
2188 208 2216 238 in
2234 208 2345 241 Benefi-
2373 208 2447 240 Anti.
2464 209 2503 243 D.

2390 250 2475 283 1598.

2366 294 2414 320 40.
2428 288 2497 318 Elia„

2399 326 2458 359 Reg.

2357 714 2370 732 ⁶
2407 716 2496 754 xva

2381 762 2446 791 33¹-

2341 3648 2361 3669 *
2388 3651 2475 3679 XVI„

2380 3698 2446 3725 332-
