2557 4279
757 219 862 260 ET
925 221 1192 261 ACTA
1260 221 1746 272 PUBLICA.

2299 253 2355 292 45

36 304 110 335 Arm*
123 302 164 332 Ι).
1285 306 1315 355 lt}
1322 316 1400 354 ‘mort
1413 309 1448 338 du
1455 312 1678 356 Predcfceffiurffl
1690 323 1767 345 notre
1777 317 1922 357 prejudice‚
1934 332 1966 352 ou
1972 321 2042 352 d‘un
2060 322 2092 351 de
2105 331 2152 352 nos
2166 333 2270 360 moyem
2278 323 2350 362 Frefs
2373 324 2448 355 Ann.
2465 327 2503 357 D„

56 341 139 372 ¹613·
1285 356 1304 374 n
1314 353 1394 395 efqnt
1401 356 1454 386 pas
1466 350 1511 377 Fu>
1540 351 1573 378 de
1587 353 1723 391 Haubert,
1734 364 1802 394 pour
1816 357 1925 397 quelque
1941 360 2033 397 Pupile
2048 364 2092 400 qui
2109 358 2164 399 fiiit
2180 361 2274 399 dage,
2292 363 2350 399 jux·
2392 364 2480 394 1618.

39 389 70 416 15
78 380 168 416 Jam-
1290 394 1354 422 qua
1375 396 1401 414 ce
1423 397 1474 426 que
1509 398 1523 415 e
1544 390 1662 427 Feodary
1688 403 1721 421 ou
1746 393 1916 432 l'Escheator
1935 409 1968 427 en
1984 406 2066 439 ayent
2080 399 2170 428 donne
2181 400 2350 438 connmffim-
2375 412 2384 428 1
2389 403 2501 439 5Jac.12

1291 433 1318 450 ce
1333 421 1394 468 *dila
1409 427 1478 453 Cour
1487 434 1554 470 ppur
1569 433 1689 457 recevoir
1701 429 1734 458 de
1750 443 1896 462 nouveaux
1910 436 2016 474 ordres,
2034 447 2060 465 ce
2073 448 2122 478 que
2133 436 2158 466 le
2171 438 2293 479 Feodary
2312 439 2349 477 eft

1291 470 1398 498 enJomt
1415 463 1447 491 de
1455 461 1534 501 fatre
1547 475 1616 494 avec
1633 473 1709 495 toute
1721 467 1751 497 la
1764 469 1888 506 diligence
1903 474 2077 503 convenable.

222 494 299 524 Tliat
322 500 373 523 not
397 493 474 523 onlie
499 494 591 524 everie
605 493 787 526 Committee
806 496 860 526 and
878 495 1006 535 Lenaee,
1028 498 1079 528 but
1096 507 1180 537 every
1196 496 1249 527 As-
1326 500 1391 539 §zue
1413 512 1467 530 non
1476 501 1638 541 —ftulen1ent
1659 505 1760 545 chaque
1780 511 1912 538 Commite‘
1927 510 1964 545 ὠ
1985 515 2149 551 Tenancier,
2176 517 2243 544 mais
2264 514 2349 545 meme

32 1303 52 1324 ⁸
68 1304 163 1332 XVII.

31 2043 111 2075 Ann.
123 2043 167 2074 D.

61 2083 147 2113 1618.

30 2126 90 2151 ΡΜ·
114 2132 154 2157 ¹5·
181 2131 306 2157 Mertion
322 2129 356 2158 &
371 2127 487 2157 Ricardo
501 2125 608 2156 Dolben
626 2127 797 2163 Generosis,
814 2127 906 2156 modo
925 2126 1038 2158 Ballivis
1054 2128 1138 2166 Burgi
1162 2127 1244 2158 Vinae

31 2161 64 2198 J·
82 2171 104 2188 ¹·
116 2168 144 2198 P·
177 2166 219 2201 dt:
239 2166 381 2203 Denbigh
402 2167 430 2194 in
452 2164 603 2196 Comitatu
619 2165 720 2195 nostro
735 2164 892 2203 Denbigh‚

31 2207 109 2230 ²0³¹·
130 2208 156 2237 3·
175 2204 212 2235 &
236 2204 346 2235 Ballivis
367 2203 490 2241 ejusdem
513 2203 597 2241 Burgi
613 2205 646 2234 ὃς
665 2202 750 2233 Villae
761 2203 796 2234 de
812 2203 948 2241 Denbigh
962 2203 1106 2241 praeditfiae
1122 2206 1154 2235 ὃς
1171 2204 1244 2235 Suc-

185 533 278 569 fignee
297 532 335 562 of
349 541 417 570 anye
439 532 620 564 Committee
642 544 676 564 or
693 534 824 572 Leass‘ee,
842 535 908 564 shall
923 536 986 566 take
1003 537 1052 565 the
1067 536 1179 573 Oathe3
1199 539 1246 566 vi-

182 570 294 606 delicet,
311 569 372 605 &c.
392 570 448 601 and
473 571 518 601 for
542 572 603 603 that
626 572 746 609 purpose
760 573 852 603 everie
867 572 1048 603 Committee
1061 575 1115 605 and
1132 574 1245 605 Leaslee

181 608 235 639 and
254 608 387 648 Affignee
401 608 467 639 shall
481 610 518 641 be
533 611 664 647 sworne,
682 610 789 642 wether
802 611 838 640 he
854 611 950 641 taketh
965 613 986 641 it
1003 620 1034 641 to
1049 613 1090 642 his
1103 623 1172 643 own
1183 613 1244 643 Use

180 657 214 715 oOr
232 656 262 715 [kq
279 648 327 677 the
346 647 407 678 Use
419 648 454 678 of
466 658 539 690 anye
552 649 652 686 other3
670 656 701 679 to
715 649 825 679 th’ende
841 649 907 688 they
924 659 989 689 may
1004 650 1095 681 bothe
1113 651 1176 682 take
1197 652 1245 682 the

213 695 238 715 at
261 696 287 716 e.

217 724 297 754 That
318 724 444 762 especiall
468 724 582 756 Choice
601 724 637 754 be
652 725 734 754 taken
748 725 785 754 of
793 725 840 755 the
857 724 1097 756 Commiffioners
1111 726 1170 756 that
1183 727 1247 758 take

179 762 228 792 the
254 762 351 793 Oathe
375 765 404 793 in
422 763 471 793 the
498 762 654 800 Countrie‚
673 764 720 793 soe
742 763 800 794 that
821 763 867 794 the
888 763 984 794 Oathe
1001 766 1073 794 maie
1086 766 1122 795 be
1137 767 1247 795 trewlie

179 800 235 831 and
260 801 337 832 fullie
360 802 444 832 taken
467 801 504 837 by
520 800 568 830 the
586 799 778 831 Committees
795 801 921 832 Leaffees
935 802 989 832 and
1004 802 1170 842 Affignees‚
1189 805 1245 835 and

180 840 229 869 tlie
241 839 345 870 Parties
358 839 542 877 committing
561 839 630 869 trust
645 848 675 870 to
688 849 757 879 anye
770 841 862 870 other.

216 916 294 947 That
311 916 364 946 this
378 914 477 945 Clause
493 914 559 944 shall
574 915 611 944 be
626 915 714 946 added
733 925 763 946 to
780 915 829 947 the
848 916 962 954 Oathe3
981 911 1126 954 bidelicet,

214 958 256 984 Or
298 965 327 984 αν
353 953 400 983 the
426 956 596 989 mittigation
621 952 657 993 of
677 954 724 984 the
740 954 859 992 yearelie
879 954 972 984 Vallue
990 953 1026 992 of
1039 955 1085 984 the
1100 956 1198 984 Lands
1214 955 1250 994 of

178 1004 235 1030 any
271 992 321 1022 uch
349 993 450 1021 Wara's
463 1013 472 1028 ‚
501 991 565 1020 that
585 996 675 1021 everie
693 994 820 1023 Feodarie
839 993 901 1022 and
916 992 1066 1032 Escheator
1085 993 1175 1032 before
1194 993 1242 1023 the

179 1029 272 1061 thirde
295 1033 416 1059 Returne
442 1030 478 1069 of
497 1033 587 1060 everie
615 1033 727 1060 Tearme
742 1030 820 1068 shall
844 1031 945 1072 certifie
964 1036 1024 1062 into
1042 1031 1089 1060 the
1105 1036 1203 1062 Courte
1223 1044 1241 1061 a

178 1071 255 1099 Note
273 1067 308 1108 of
318 1067 360 1097 all
377 1067 473 1106 Offices
484 1067 592 1108 founde
609 1072 639 1099 in
657 1069 704 1098 the
723 1072 853 1100 Vacation
874 1078 958 1100 nexte
977 1069 1082 1109 before,
1107 1070 1168 1100 and
1183 1082 1241 1099 we-

178 1107 283 1150 therss
307 1110 411 1136 Tenure
435 1107 465 1136 be
485 1106 606 1146 fownde
624 1106 676 1147 for
695 1108 741 1138 the
760 1111 835 1145 King
854 1109 884 1138 i'n
904 1112 998 1147 Capite
1017 1120 1047 1155 qr
1064 1109 1096 1148 by
1116 1109 1244 1155 Knights

176 1145 294 1175 Service
310 1167 319 1183 ,
346 1146 408 1176 and
424 1145 470 1175 the
486 1148 591 1176 Names
609 1145 645 1186 of
655 1147 702 1176 the
722 1146 875 1187 Auncestor
893 1149 955 1178 and
970 1151 1041 1177 Hezr
1061 1147 1122 1178 and
1136 1146 1178 1177 htx
1194 1151 1244 1177 A-

175 1193 297 1252 ge'That
314 1222 362 1252 the
378 1221 474 1253 Oathe
486 1223 526 1270 be.
538 1223 621 1254 taken
635 1224 673 1263 by
687 1224 768 1255 those
783 1223 841 1254 that
854 1234 899 1254 are
913 1222 1105 1255 Committees
1118 1235 1152 1255 or
1162 1224 1246 1256 Leas-

176 1259 235 1367 fei
245 1269 343 1367 uffngri
357 1262 624 1346 Ἑὲιῗίξξεῇἇῖἰῇἷῖ
632 1262 721 1331 Ἧὲἑζῗ
728 1287 832 1331 ²nither
856 1304 875 1330 Ι
898 1311 948 1331 nor
974 1312 1044 1340 anye
1062 1301 1138 1331 other
1157 1309 1186 1331 to
1203 1313 1244 1340 my

179 1339 766 1417 assssffcssffli’},⁰2ra2sfff2ss3vissri'izissfflo'fi
784 1339 997 1418 &maiali
1011 1340 1142 1409 Ἐνῗῗῇῗὲ
1156 1341 1245 1408 5553}

179 1414 319 1457 diretf't'lg‘e,
339 1415 370 1454 by
388 1427 429 1453 my
442 1414 514 1455 Jelfe
533 1427 563 1446 or
581 1427 649 1455 anye
668 1417 761 1454 other,
780 1417 854 1446 with
875 1428 944 1455 anye
962 1416 1063 1457 Persian
1081 1428 1111 1446 or
1131 1417 1246 1456 Persons

179 1453 357 1500 wharsoever
369 1477 378 1491 ,
401 1461 431 1483 to
442 1454 504 1494 stay
523 1465 552 1483 or
572 1454 668 1501 hinder
688 1454 734 1485 the
753 1455 925 1501 Profi’fution
941 1454 977 1495 of
987 1465 1016 1484 or
1027 1454 1078 1495 for
1099 1455 1146 1485 the
1165 1461 1245 1486 Com-

173 1491 288 1535 pqfitzorz
307 1491 360 1531 for
381 1492 428 1521 the
456 1492 626 1538 Wardshtppe
652 1492 687 1532 of
707 1493 753 1522 the
770 1494 855 1539 Boaste
873 1492 908 1531 qf
922 1492 962 1523 D.
983 1492 1021 1524 C.
1043 1504 1072 1522 or
1089 1494 1243 1540 the'Lease'

179 1533 210 1568 os·
227 1542 296 1571 anye
315 1529 350 1568 of
362 1529 408 1559 the
420 1529 499 1569 stude
519 1532 629 1578 qudes
647 1531 776 1577 Lam-ies,
794 1531 867 1561 with
887 1541 954 1571 anye
966 1532 1077 1578 parpes?
1096 1543 1126 1561 or
1139 1541 1247 1563 mtente

180 1568 356 1608 whatfhever
369 1569 435 1598 that
454 1569 501 1598 the
509 1569 580 1608 find
598 1569 723 1607 Wardfh1
736 1580 769 1609 pe
783 1570 842 1599 and
854 1569 943 1615 Leafi
954 1580 1002 1615 ‚lor
1020 1570 1106 1600 either
1119 1570 1154 1610 of
1162 1570 1246 1610 them,

177 1608 211 1647 hy
229 1607 298 1646 ficch
323 1606 453 1643 Neglecfle
480 1608 540 1636 and
555 1607 677 1647 Default
696 1619 709 1636 o
742 1609 915 1646 Proficutzon
932 1607 1020 1644 mtght
1037 1619 1105 1638 come
1125 1617 1152 1638 to
1170 1622 1242 1647 mee,

175 1656 207 1675 or
230 1652 258 1674 to
283 1656 351 1681 anye
381 1644 458 1674 other
481 1653 510 1674 to
527 1657 570 1685 my
591 1648 640 1684 Use
657 1669 667 1685 ‚
693 1657 722 1676 or
740 1646 773 1687 by
792 1657 899 1677 meanes
917 1657 947 1676 or
960 1655 1150 1686 procurement
1168 1659 1199 1677 or
1218 1656 1246 1678 to

177 1695 219 1724 my
237 1683 404 1722 knowledge.

214 1759 278 1791 Soa
298 1769 410 1791 HELPE
432 1769 503 1792 MEE
525 1758 612 1791 Gon.

788 1839 843 1869 Per
859 1837 944 1878 ipfitm
962 1839 1066 1878 Regem.

178 1966 230 1999 De
253 1962 450 2008 Commtfflone
465 1964 590 2011 speciali
608 1973 664 2011 pro
687 1962 903 1997 Aldermannis
926 1967 963 1998 V
962 1963 1016 1997 illae
1039 1962 1075 1997 de
1093 1962 1243 2012 Denbtgh.

185 2047 322 2108 REX,
336 2048 451 2096 ‘diledtis
470 2050 503 2080 &
517 2048 645 2094 fidelibus
657 2048 729 2087 suis,
748 2049 864 2079 Ricardo
883 2051 959 2079 Price
981 2049 1157 2096 Armigero'²
1171 2053 1244 2096 ‘An-

263 2088 355 2119 thomo
378 2088 525 2118 Mathewe
547 2089 716 2126 Armigero,
743 2088 835 2118 modo
857 2088 1073 2126 Aldermannis‚
1093 2088 1242 2119 thltelmo

912 2175 1028 2196 necnon
1043 2165 1244 2197 Aldermannis

177 2243 331 2312 ceil'oribsusl
342 2242 393 2272 suis
410 2242 605 2273 Aldermannis
619 2243 651 2273 ὃς
665 2241 776 2273 Ballivis
790 2241 896 2272 ibidem
910 2251 964 2280 pro
979 2250 1111 2282 tempore
1123 2243 1245 2274 existen-

176 2283 252 2314 tibus
308 2292 322 2312 a
335 2290 423 2312 utem.

215 2304 313 2350 Sciatis
341 2319 421 2357 quod
444 2329 496 2349 nos
511 2344 520 2357 ,
548 2318 584 2349 de
604 2319 764 2357 approbatis
789 2317 981 2349 Fidelitatibus
1002 2319 1036 2350 &
1058 2319 1243 2356 prudentibus

179 2358 495 2395 circumspectionibus
517 2358 613 2388 vestris
636 2358 792 2396 plurimum
817 2356 991 2387 confidentes
1006 2381 1015 2394 ‚
1043 2357 1244 2394 affignavimus

177 2399 213 2429 &
233 2397 430 2428 constituimus
452 2406 505 2427 vos
527 2397 559 2427 ὃς
581 2395 759 2426 successores
773 2395 880 2426 vestros
894 2395 1103 2426 Aldermannos
1116 2397 1149 2427 &
1162 2397 1244 2427 Balli-

176 2446 230 2466 vos
253 2435 375 2473 ejusdem
400 2435 482 2474 Burgi
504 2444 557 2472 pro
579 2443 709 2472 tempore
733 2433 895 2472 existentes,
915 2433 1187 2466 Commiffionarios
1207 2437 1240 2467 &-

176 2474 340 2511 Deputatos
353 2474 463 2503 nostros
472 2495 481 2510 ‚

215 2513 325 2543 Dantes
345 2513 428 2543 vobis
449 2514 481 2544 ὃς
504 2510 717 2542 Succefforibus
738 2509 838 2541 vestris
859 2510 1056 2542 Aldermannis
1076 2513 1110 2544 &
1130 2512 1240 2544 Ballivis

175 2551 247 2582 dieti
269 2551 351 2589 Burgi
373 2561 425 2588 pro
447 2560 574 2587 tempore
592 2550 788 2588 existentibus,
806 2558 926 2587 quatuor
940 2550 984 2579 vel
1007 2550 1094 2580 tribus
1109 2550 1240 2581 vestrum

176 2590 224 2620 seu
239 2589 440 2620 Success'orum
456 2589 615 2620 vestrorum
633 2587 855 2626 praedictorum,
872 2596 971 2618 tenore
985 2588 1188 2626 praesentium,
1205 2589 1240 2620 de

176 2637 309 2665 tempore
325 2629 352 2658 in
367 2636 494 2666 tempus,
513 2627 626 2664 plenam
640 2629 672 2659 ὃς
691 2626 847 2657 absolutam
870 2626 1044 2656 Potestatem
1066 2627 1241 2658 Facultatem

179 2668 212 2698 &
231 2668 438 2698 Authoritarem
454 2675 556 2696 omnes
569 2666 601 2695 &
619 2665 738 2704 lingulos
754 2664 897 2695 Homines
909 2665 942 2695 ad
958 2665 1062 2701 Arma,
1081 2676 1115 2696 ac
1132 2665 1242 2696 Homi-

177 2715 228 2736 nes
241 2707 344 2736 habiles
357 2705 391 2734 ad
406 2705 494 2735 Arma
507 2703 623 2734 ferenda
633 2728 642 2741 ,
660 2713 717 2734 tam
734 2703 849 2741 Equites
864 2704 951 2741 quam
968 2703 1079 2734 Pedites
1094 2706 1127 2736 &
1149 2705 1242 2744 Sagit-

177 2746 264 2775 tarios
279 2745 311 2775 ὃ(
327 2744 546 2781 Sclopettarios‚
565 2743 642 2780 supra
658 2749 771 2773 aetatem
785 2742 924 2773 sexdecim
941 2742 1095 2773 Annorum
1117 2753 1149 2773 ac
1172 2744 1241 2774 infra

178 2791 292 2814 aetatem
309 2783 448 2821 sexaginta
461 2782 633 2820 Annorum,
651 2782 680 2811 in
694 2780 769 2812 dieta
786 2780 858 2811 Villa
874 2782 907 2812 &
923 2780 1018 2820 Burgo
1031 2781 1066 2811 de
1088 2781 1242 2821 Denbigh,

178 2830 239 2852 tarn
263 2821 331 2852 infra
356 2822 511 2852 Libertates
535 2821 621 2858 quam
645 2829 738 2857 extra,
754 2819 885 2850 arraiandi
900 2820 1062 2857 inspiciendi
1076 2820 1109 2850 &
1123 2821 1242 2859 triandi,

178 2869 212 2889 ac
228 2859 373 2890 armari&
388 2861 492 2890 muniri
508 2859 648 2897 faciendi,
666 2868 781 2888 necnon
801 2857 956 2896 assignandi
976 2858 1075 2896 Equos
1098 2858 1185 2889 Arma
1209 2860 1243 2890 &

179 2907 283 2929 caetera
298 2898 397 2929 bellica
410 2897 598 2928 Instrumenta
612 2897 796 2935 congruentia
810 2897 948 2928 habilitati
961 2897 994 2927 &
1010 2897 1136 2935 personae
1148 2899 1244 2928 unius-

178 2937 332 2975 cujusque,
350 2937 509 2968 secundum
525 2936 648 2966 formam
663 2937 696 2967 &
709 2933 846 2966 effeetum
864 2935 1039 2966 Statutorum
1061 2937 1095 2967 &
1119 2936 1243 2967 Ordina-

179 2977 293 3006 tionutn
313 2983 377 3005 ante
396 2976 459 3005 haec
477 2983 607 3012 tempora
625 2974 691 3004 inde
710 2973 852 3004 editorum
872 2974 905 3004 &
924 2973 1100 3011 provisorum
1120 2975 1166 3004 seu
1187 2976 1244 3005 im·-

180 3014 328 3052 posterum
348 3014 527 3043 edendorum
545 3014 576 3044 &
598 3012 861 3050 providendorum,
877 3022 910 3043 ac
929 3013 1065 3043 omnibus
1084 3013 1135 3043 illis
1152 3013 1244 3043 Tiro-

181 3054 266 3083 nibus
283 3051 479 3088 Hominesque
499 3051 643 3087 imbelles,
667 3051 701 3080 &
720 3051 775 3080 Rei
796 3050 929 3081 Militaris
948 3052 957 3080 i
978 3061 1076 3089 noras,
1097 3051 1243 3082 erudiendi

182 3090 337 3121 instruendi
357 3091 390 3120 ὃς
407 3088 572 3119 excercendi
589 3089 623 3118 ad
642 3088 722 3119 usum
741 3089 944 3126 praedidkorum
991 3099 1115 3127 quorum
1137 3090 1244 3120 Armo-

182 3140 249 3160 rum
265 3130 297 3159 &
318 3128 487 3158 bellicorum
508 3127 723 3165 Apparatuum,
740 3127 901 3157 secundum
922 3128 1020 3158 Artem
1040 3127 1216 3166 Militarem3

222 3169 267 3198 Ac
294 3167 441 3206 diligenter
462 3167 560 3197 omnia
582 3167 614 3197 δε
642 3165 746 3202 singula
762 3166 812 3195 alia
831 3165 952 3196 faciendi
972 3167 1090 3203 gerendi
1108 3168 1140 3197 &
1160 3176 1245 3204 expe-

181 3206 278 3237 diendi
306 3207 339 3236 ὅ(
366 3205 424 3236 fieri
448 3204 603 3242 causandi,
634 3213 698 3241 quae
723 3203 757 3234 ad
785 3203 995 3235 Deleeiionem
1026 3205 1244 3242 Impreffionem

182 3244 431 3276 Monstrationem
450 3245 482 3274 ὃ(
504 3243 710 3280 inspectionem
728 3267 737 3281 ,
761 3253 794 3272 ac
813 3245 899 3274 etiam
917 3243 952 3274 ad
971 3242 1171 3274 Eruditionem
1196 3243 1245 3274 In-

182 3283 371 3314 structionem
392 3284 424 3313 &
443 3281 681 3312 Exercitationem
701 3280 891 3313 Subditorum
906 3281 1071 3312 nostrorum
1090 3283 1161 3312 infra
1182 3282 1244 3313 Vil-

181 3323 238 3354 lam
256 3324 288 3353 ὃς
308 3321 433 3361 Burgum
454 3320 622 3359 praediecum
641 3320 673 3350 ὃς
696 3320 870 3351 Libertatem
890 3320 1012 3358 ejusdem
1034 3321 1063 3350 in
1090 3321 1137 3352 Re
1164 3321 1244 3351 Mili-

182 3363 260 3399 tari,
287 3371 341 3398 pro
370 3360 481 3390 meliori
507 3358 629 3388 Servitio
655 3357 754 3388 nostro
768 3381 778 3396 ‚
804 3359 836 3389 &
854 3358 1029 3389 Defenlione
1049 3359 1130 3397 hujus
1149 3359 1244 3399 Regni

180 3400 272 3430 nostri
292 3400 416 3429 maxime
436 3396 622 3428 consentanea
640 3397 671 3426 &
691 3404 855 3434 opportuna
872 3397 935 3428 fore
954 3400 1117 3435 putaveritis
1135 3398 1168 3429 &
1192 3410 1244 3437 pu-

179 3440 316 3476 taverint,
344 3438 382 3467 ita
402 3437 481 3474 quod
501 3436 587 3465 iidem
608 3434 751 3465 Homines
769 3435 802 3465 ad
823 3435 911 3465 Arma
929 3436 962 3466 &
979 3436 1121 3467 Homines
1141 3438 1245 3468 habiles

178 3478 214 3509 ad
237 3477 327 3507 Arma
347 3475 477 3511 ferenda,
504 3473 622 3512 Equites
641 3472 751 3515 i’edites
771 3473 915 3511 Sagittarii
931 3478 964 3507 &
984 3475 1182 3514 Sclopettarii‚
1209 3487 1242 3507 ac

166 3514 224 3547 ‘alii
246 3515 370 3553 praediffl
391 3514 535 3544 Homines
551 3511 742 3553 defenlibileS,
762 3512 799 3542 sic
816 3514 924 3544 arraiati
941 3513 1058 3552 inspeffl
1077 3516 1109 3546 &
1128 3516 1244 3553 muniti,

180 3555 309 3594 prompti
332 3553 384 3583 fint
409 3553 441 3583 ὃς
461 3552 547 3591 parati
568 3550 603 3580 ad
624 3550 801 3582 lerviendurn
823 3552 906 3581 nobis
928 3553 1058 3590 quotiens
1081 3555 1114 3584 ὅ(
1129 3554 1244 3591 quando

182 3592 295 3624 necesse
308 3593 402 3622 fuerit.

190 3640 196 3646 ·
221 3631 432 3666 Affiesnavirnus
448 3628 555 3665 infiiper
572 3627 766 3665 quoscumque
779 3634 898 3665 quatuor
916 3635 963 3658 aut
977 3636 1033 3659 tres
1048 3628 1177 3660 vestrum
1198 3631 1243 3661 vel

181 3670 378 3707 quoscumque
403 3677 522 3703 quatuor
545 3676 591 3697 aut
611 3676 665 3696 tres
681 3664 883 3695 Succefforum
898 3667 1055 3697 vestrorum
1075 3667 1243 3698 Alderman-

183 3717 285 3738 norum
302 3708 334 3737 ὃ(
354 3706 530 3736 Ballivorum
548 3705 616 3734 dieti
632 3704 714 3742 Burgi
741 3712 943 3746 prontempore
963 3705 1164 3744 existentium⁷
1183 3716 1242 3736 non

183 3745 330 3775 existentes
351 3744 503 3775 Dominos
530 3744 575 3773 vel
599 3742 683 3772 Pares
709 3741 808 3777 Regni
829 3741 914 3771 nostri
936 3751 982 3773 aut
1006 3743 1188 3774 Consiliarios
1207 3745 1242 3774 de

184 3782 300 3813 Privato
314 3783 444 3813 Confilio
458 3781 578 3820 nostr03
596 3782 716 3818 scilicet,
728 3782 831 3810 mutuo
846 3781 879 3810 &
895 3780 922 3810 se
936 3781 1063 3812 invicem
1078 3783 1243 3820 inspiciend'

185 3821 279 3851 triand’
296 3823 339 3851 vel
354 3821 484 3859 armian’,
499 3831 532 3850 ac
548 3822 577 3850 in
596 3820 690 3849 Armis
705 3821 737 3850 &
761 3818 865 3855 Equis,
883 3818 986 3849 bellico
1007 3820 1157 3859 Apparatui
1180 3822 1242 3851 ido-

186 3860 245 3888 neis
265 3860 409 3890 ordinand'
430 3861 463 3890 &
486 3858 617 3895 vidend’,
635 3859 673 3888 ita
698 3857 778 3895 quod
799 3866 899 3886 omnes
913 3857 946 3887 &
963 3858 1058 3896 singuli
1073 3859 1241 3897 hujusmodi

184 3896 297 3926 Subditi
316 3898 405 3927 nostri
428 3900 457 3927 in
477 3897 567 3927 forma
591 3896 740 3933 praedicta,
759 3903 790 3925 ut
807 3895 986 3933 praedicitur‚
1006 3897 1120 3934 inspecti
1136 3899 1241 3928 armiati

184 3936 218 3965 &
240 3937 341 3973 parati,
358 3937 483 3974 prompti
505 3936 557 3965 sint
579 3937 611 3966 &
635 3935 777 3965 continuo
798 3934 883 3971 parati
905 3933 939 3963 ad
963 3935 1062 3973 nobis,
1080 3936 1186 3966 scilicet
1206 3944 1239 3967 ut

184 3973 354 4011 praedictum
368 3972 424 4011 est,
442 3974 627 4004 serviendum.

222 4011 258 4041 Et
279 4011 346 4040 ideo
364 4013 466 4048 vobis,
495 4014 528 4041 &
547 4012 761 4042 Successoribus
781 4010 878 4041 vestris
897 4009 1091 4041 Aldermannis
1109 4013 1141 4042 &
1161 4012 1242 4042 Balli-

183 4051 226 4080 vis
243 4048 384 4088 praedietis
403 4059 455 4085 pro
473 4058 607 4086 tempore
626 4050 804 4079 existentibus
819 4073 828 4086 ‚
854 4049 1017 4078 mandamus
1030 4071 1038 4086 ‚
1067 4050 1147 4087 quod
1167 4052 1242 4081 circa

183 4087 324 4126 praemiss'a
343 4087 486 4125 diligenter
507 4089 655 4117 intendatis
671 4089 703 4118 &
720 4088 865 4118 intendant
884 4086 1056 4126 respecstive,
1075 4098 1107 4119 ac
1125 4099 1157 4119 ea
1176 4098 1243 4118 om-

182 4128 229 4158 nia
247 4127 279 4158 &
298 4125 400 4164 singula
418 4124 453 4155 ad
470 4133 562 4156 certos
580 4125 651 4156 Dies
668 4127 701 4157 &
720 4126 803 4157 Loca
818 4125 854 4156 de
871 4133 1001 4164 tempore
1020 4126 1050 4155 in
1064 4134 1193 4165 tempus,
1205 4126 1240 4158 ad

1286 536 1387 578 chaque
1401 543 1500 577 Agent
1516 551 1548 570 ou
1560 545 1663 586 flyqnt
1678 543 1753 583 cause
1768 545 1801 573 de
1816 547 1879 584 quel
1895 559 1925 576 ue
1938 552 2071 579 Commite‘
2080 562 2112 579 ou
2120 554 2267 582 Locataire
2285 554 2348 591 pre*-

1287 583 1377 606 teront
1401 577 1432 625 lex
1439 579 1582 617 serment5
1603 581 1756 618 Videlicet,
1775 584 1835 613 &c.
1854 558 1892 618 ἐ
1910 594 1976 624 pour
1995 595 2036 616 cet
2051 588 2114 625 ‘’ffi’t
2131 600 2165 619 on
2182 576 2308 631 defe‘re’ra
2324 592 2349 622 le

1275 613 1401 652 serment
1415 628 1433 644 a
1449 625 1509 647 tout
1527 620 1671 657 commite,
1691 623 1840 650 Locataire
1862 632 1893 650 ou
1913 627 2016 660 Ayant
2035 625 2109 664 cause
2146 628 2191 657 s'il
2209 631 2301 668 prend
2318 629 2347 660 la

1275 653 1367 700 fernme
1386 663 1454 693 pour
1465 655 1518 694 [ὲκ
1531 664 1632 724 [propre
1652 657 1740 698 usage,
1761 669 1793 688 ou
1802 668 1871 699 pour
1884 659 1983 700 l'ushge
1997 662 2065 693 d'un
2083 651 2176 704 auire3
2196 667 2253 707 afin
2269 668 2349 708 qu’ils’

1281 698 1393 730 pretent
1407 693 1465 723 l'un
1480 694 1517 729 ὠ
1546 696 1633 725 'autre
1647 696 1670 726 le
1677 696 1810 736 firment.

1322 731 1420 769 Qu'un
1443 733 1521 763 choix
1536 734 1698 773 particulier
1704 734 1833 774 sbitfait
1848 736 1893 765 des
1907 737 2099 775 Commiffirires
2114 745 2160 779 qui
2169 742 2309 779 preteront
2321 744 2347 774 le

1278 767 1402 807 serment
1425 771 1495 801 dans
1518 771 1547 801 la
1563 775 1696 811 Contre‘e3
1717 786 1749 803 en
1743 775 1834 841 [sorte
1847 786 1897 816 que
1913 774 1938 803 le
1947 774 2069 813 serment
2079 778 2136 814 soit
2145 780 2228 815 prtite‘
2236 785 2346 813 verita-

1284 806 1399 837 blement
1419 808 1457 844 ὠ·
1477 814 1654 841 entierement
1670 821 1721 849 par
1754 824 1779 842 es
1801 812 2001 851 Commrffizires,
2028 813 2065 842 les
2081 817 2237 848 Locataires
2250 820 2288 855 ὠ·
2309 821 2347 849 lex

1286 849 1389 913 tAyans
1412 848 1505 887 cause,
1524 847 1562 883 (ξφ
1579 859 1635 889 par
1656 849 1694 880 les
1716 853 1827 881 Parties
1849 856 1895 893 qui
1907 851 1941 891 fi
1955 850 2073 890 confient
2086 852 2121 881 les
2136 865 2198 884 unes
2219 869 2275 887 aux
2298 870 2349 889 au-

1302 894 1352 913 res.

1323 921 1387 959 rss'Zue
1401 931 1470 953 cette
1484 923 1569 964 clause
1576 924 1642 964 sera
1657 927 1766 965 ajoute'e
1783 937 1819 955 au
1826 925 1965 966 Jerme7tt5
1988 928 2121 959 videlicet
2131 952 2141 968 ‚

1319 960 1370 990 Ou
1395 971 1468 998 pour
1489 972 1523 992 ce
1543 965 1592 1001 qui
1616 965 1729 1003 regarde
1754 965 1778 994 la
1802 967 1959 1004 mitigation
1981 968 2019 997 du
2044 967 2167 998 Revenu
2182 970 2282 1000 annuel
2302 972 2352 1003 des

1284 997 1388 1028 Terres
1409 999 1445 1029 de
1468 1001 1601 1039 quelques
1629 1003 1793 1034 semblables
1813 1003 1942 1044 Pupsses,
1959 1016 2014 1043 que
2035 1006 2145 1044 chaque
2168 1006 2294 1046 Feodary
2316 1011 2350 1041 &

1285 1035 1447 1075 Eschearor,
1456 1048 1539 1082 avant
1553 1051 1607 1078 que
1621 1041 1734 1080 chaque
1749 1050 1839 1072 terme
1853 1045 1987 1075 revienne
2003 1053 2076 1083 pour
2097 1045 2122 1074 la
2141 1046 2282 1076 troisieme
2289 1048 2352 1086 fois,

1284 1074 1410 1121 donnera
1424 1086 1480 1106 avrs
1497 1081 1513 1107 a
1528 1088 1609 1109 notre
1625 1080 1707 1110 Cour
1721 1089 1768 1119 par
1784 1091 1822 1110 un
1842 1081 1996 1121 memoire,
2008 1083 2044 1113 de
2060 1091 2125 1113 tous
2138 1083 2176 1114 les
2191 1084 2279 1115 Acies
2293 1087 2353 1115 for-

1286 1121 1347 1143 mes
1362 1123 1401 1143 ou
1413 1115 1542 1159 expedies
1557 1117 1626 1147 dans
1640 1118 1678 1148 les
1693 1119 1844 1149 Vacations
1860 1122 1908 1158 qui
1924 1121 2078 1158 precedent
2091 1120 2352 1161 immediarement,

1285 1151 1317 1198 ὃς
1334 1151 1352 1181 si
1369 1162 1406 1182 un
1424 1154 1489 1183 Fief
1498 1154 1574 1185 echu
1589 1166 1622 1186 au
1638 1156 1700 1186 Roi
1717 1157 1756 1187 est
1773 1166 1839 1187 tenu
1855 1159 2034 1198 noblement,
2051 1160 2084 1191 &
2100 1160 2148 1190 des
2163 1170 2246 1192 noms
2264 1163 2296 1193 ὅ(
2317 1163 2352 1193 de

1284 1190 1358 1227 l'age
1370 1191 1408 1221 du
1427 1190 1627 1224 Prede'ceffeur
1642 1196 1674 1225 ὅ(
1690 1195 1724 1225 de
1740 1194 1894 1227 l'He‘ritier.

1324 1229 1390 1269 Qe
1402 1228 1425 1258 Ie
1439 1233 1564 1262 Serment
1573 1232 1625 1270 soit
1635 1233 1716 1271 prete'
1727 1245 1759 1262 ou
1768 1243 1822 1273 par
1837 1245 1903 1265 ceux
1918 1239 1964 1275 qui
1971 1235 2038 1275 [ὄπι
2050 1237 2087 1267 du
2104 1239 2243 1277 commite,
2257 1249 2289 1269 ou
2297 1248 2351 1278 par

1282 1266 1319 1296 les
1332 1271 1560 1314 Loeataires,.aec'
1569 1270 1644 1309 fiejet
1659 1272 1691 1301 de
1705 1271 1735 1301 la
1750 1272 1898 1309 negligence
1908 1297 1916 1312 ,
1932 1276 1959 1304 in
1977 1276 2042 1305 haec
2059 1277 2145 1306 verba
2155 1300 2164 1314 ,

1324 1305 1392 1336 Mox
1408 1307 1446 1337 A.
1465 1308 1496 1338 B.
1512 1318 1540 1345 Je
1550 1319 1627 1347 jure,
1647 1320 1702 1347 que
1718 1311 1746 1339 ni
1760 1312 1819 1341 moi
1835 1313 1863 1341 ni
1883 1323 1974 1343 aucun
1988 1323 2065 1345 autre
2088 1314 2123 1346 de
2146 1324 2193 1344 ma
2216 1317 2352 1346 connois-

1286 1345 1367 1375 sance
1385 1368 1394 1382 ,
1420 1356 1538 1378 comme
1556 1348 1585 1385 je
1607 1348 1632 1378 le
1655 1349 1745 1386 crois,
1764 1358 1802 1379 ou
1824 1360 1877 1388 que
1894 1352 1922 1388 je
1946 1351 1986 1381 l’ai
2001 1353 2106 1392 appriS‚
2126 1353 2167 1383 n'a
2190 1355 2246 1390 pris
2266 1365 2352 1385 aucu-

1285 1393 1322 1427 ne
1339 1384 1462 1422 mesure,
1481 1395 1519 1415 ou
1534 1387 1590 1430 'mis
1605 1396 1641 1417 en
1659 1387 1736 1426 usage
1751 1388 1870 1426 quelque
1885 1390 2034 1428 complet,
2053 1390 2240 1422 direCiement
2255 1402 2293 1422 ou
2309 1394 2353 1422 iri-

1287 1421 1492 1466 diredtement,
1511 1435 1540 1454 ni
1555 1434 1601 1462 par
1622 1425 1797 1456 moi—meme
1813 1428 1842 1456 ni
1857 1437 1903 1464 par
1917 1438 2025 1459 aucune
2042 1437 2118 1460 autre
2140 1431 2277 1467 personne
2297 1441 2354 1470 que

1286 1469 1321 1504 ce
1337 1460 1407 1499 soit,
1426 1471 1500 1499 pour
1514 1463 1616 1494 arreter
1631 1474 1670 1494 ou
1689 1462 1846 1501 empecher
1866 1476 1920 1503 que
1936 1466 1992 1496 l'on
2007 1467 2131 1498 n'entrat
2148 1478 2182 1497 en
2207 1471 2354 1508 composi-

1285 1505 1346 1528 tion
1369 1509 1402 1529 au
1422 1501 1490 1538 sujet
1512 1501 1548 1530 de
1569 1501 1594 1531 la
1609 1500 1742 1533 Curatele
1762 1502 1798 1533 de
1820 1503 1844 1533 la
1867 1504 2002 1540 personne
2019 1505 2054 1535 de
2071 1506 2111 1535 D‚
2131 1505 2167 1535 C.
2185 1517 2223 1536 ou
2240 1507 2277 1538 du
2295 1508 2354 1539 Bail

1286 1536 1424 1569 d'aucune
1437 1540 1485 1570 des
1499 1539 1605 1570 Terres
1616 1540 1654 1570 du
1668 1541 1709 1571 dit
1726 1540 1844 1580 Pupile‚
1860 1552 1895 1573 en
1910 1553 1964 1573 vue
1977 1554 2015 1573 ou
2030 1553 2099 1573 avec
2116 1545 2253 1575 intention
2273 1548 2353 1584 quel-

1286 1585 1401 1613 conque
1422 1577 1458 1607 de
1479 1578 1546 1608 faire
1565 1589 1601 1609 en
1623 1578 1698 1609 sorte
1719 1589 1789 1617 que,
1810 1590 1856 1617 par
1881 1589 1956 1612 cette
1973 1582 2139 1620 negligence
2155 1583 2186 1612 &
2204 1583 2298 1614 desaut
2313 1586 2350 1615 de

1286 1614 1445 1660 poursuite,
1464 1616 1489 1646 la
1500 1617 1559 1647 dite
1570 1616 1676 1648 Tutele
1690 1618 1723 1648 &
1739 1617 1764 1648 le
1780 1617 1902 1655 Bail,ou
1917 1620 1991 1650 l’une
2005 1630 2044 1650 ou
2060 1620 2165 1658 l’autre‚
2172 1630 2217 1651 me
2230 1622 2350 1660 parvint,

1286 1662 1324 1682 ou
1338 1663 1353 1682 a
1370 1654 1491 1692 quelque
1502 1664 1579 1686 autre
1595 1656 1734 1693 personne
1748 1666 1820 1693 pour
1837 1666 1906 1687 mon
1921 1658 2000 1697 usage
2010 1668 2074 1698 ‚par
2087 1668 2158 1689 mon
2173 1668 2294 1698 moyen,
2313 1671 2352 1692 ou

1284 1699 1333 1728 par
1347 1700 1417 1721 mon
1433 1693 1597 1731 entremise,
1615 1704 1655 1724 ou
1669 1694 1705 1724 de
1721 1704 1766 1724 ma
1782 1696 1997 1727 connoissance.
2015 1710 2018 1715 Δ

1322 1766 1421 1798 ΑιΝςι
1439 1768 1529 1799 Βιευ
1551 1777 1600 1801 ΜΕ
1621 1779 1697 1801 soi-r
1718 1779 1762 1801 EN
1784 1780 1876 1802 Ainis.

1865 1847 1920 1879 Per
1938 1848 2027 1886 ipsum
2046 1848 2173 1888 Regem.

1283 1970 1386 2001 vestras
1410 1969 1592 2002 discretiones
1616 1971 1650 2002 &
1676 1971 1856 2003 discretiones
1873 1970 2072 2004 Successorum
2091 1974 2252 2006 vestrorum
2271 1987 2345 2014 prae-

1284 2009 1448 2048 diastorum,
1476 2010 1523 2041 vel
1541 2010 1703 2048 aliquorum
1723 2011 1855 2049 Quatuor
1873 2020 1920 2041 aut
1935 2014 2025 2042 trium
2045 2012 2173 2044 vestrum
2190 2015 2236 2044 vel
2255 2015 2274 2035 ²*
2295 2027 2344 2046 eo-

1285 2058 1365 2087 rum,
1382 2057 1434 2086 pro
1448 2048 1559 2079 servitio
1574 2049 1674 2080 nostro
1689 2050 1869 2088 exequamini
1892 2050 1924 2081 &
1945 2060 2120 2089 exequantur
2140 2052 2295 2090 respeeiive
2315 2057 2345 2087 in

1284 2087 1380 2118 forma
1392 2087 1545 2125 praedirfta3

1322 2125 1463 2157 Volentes
1477 2126 1556 2194 <blod
1571 2125 1662 2156 nullus
1679 2125 1894 2157 Locumtenens
1906 2126 2244 2165 Deputatusjusticiarius
2252 2130 2348 2162 Com-

1286 2164 1473 2195 miffionarius
1516 2165 1677 2201 icecomes‚
1693 2173 1739 2195 aut
1757 2165 1854 2202 aliquis
1875 2166 1941 2196 alius
1962 2165 2126 2196 Officiarius
2148 2168 2194 2199 seu
2215 2168 2347 2201 Minister

1285 2203 1383 2233 noster
1410 2202 1534 2241 Burgum
1561 2203 1731 2240 praedidtum
1757 2213 1803 2234 aut
1829 2203 1984 2234 Libertates
2010 2213 2057 2234 aut
2077 2204 2253 2238 PraecinCtus
2274 2209 2347 2246 ejus—

1286 2241 1353 2272 dem
1381 2242 1551 2280 ingrediatur
1577 2251 1632 2272 nec
1655 2241 1682 2272 se
1706 2242 1881 2272 intromittat·
1898 2242 1932 2273 ad
1959 2241 2162 2274 Deiectionem
2182 2244 2346 2283 Impreffio-

1285 2290 1355 2311 nem
1376 2279 1622 2310 Monstrationem
1642 2279 1849 2317 inspectionem
1868 2280 2091 2311 instructionem
2110 2283 2143 2313 &
2161 2282 2345 2316 Exercitatio-

1286 2329 1354 2349 nem
1373 2318 1559 2349 Subditorum
1580 2318 1744 2349 nostrorum
1760 2341 1769 2354 ‚
1796 2318 1841 2350 vel
1859 2319 1894 2350 ad
1912 2319 2003 2356 aliqua
2019 2320 2068 2350 alia
2084 2322 2221 2357 praemissa
2240 2323 2346 2354 facien·-

1286 2357 1355 2388 dum
1375 2355 1419 2388 seu
1439 2357 1636 2395 exequendum
1653 2357 1722 2387 infra
1738 2356 1841 2387 Villam
1860 2358 1893 2388 &
1913 2356 2040 2394 Burgum
2058 2358 2094 2388 de
2114 2359 2250 2400 Denbigh
2272 2372 2346 2399 prae-

1286 2396 1398 2427 didium
1414 2419 1423 2433 ,
1445 2395 1490 2427 vel
1509 2395 1579 2426 infra
1597 2395 1753 2425 Libertates
1771 2394 1893 2433 ejusdem
1912 2417 1920 2432 ‚
1948 2396 1998 2426 nisi
2017 2397 2046 2426 in
2063 2396 2193 2427 vestrum
2211 2408 2258 2430 aut
2274 2400 2347 2432 Suc-

1285 2434 1427 2465 cefforum
1446 2433 1612 2464 vestrorum
1632 2433 1837 2471 praedictorum
1858 2433 2000 2472 Defecitu3
2019 2434 2114 2473 aliquo
2131 2435 2243 2473 Statuto
2257 2438 2348 2470 Ordi-

1285 2475 1402 2504 natione
1413 2473 1459 2504 seu
1473 2472 1639 2504 Provisione
1653 2472 1773 2502 antehac
1788 2472 1867 2502 saitis
1880 2473 1909 2502 in
1929 2474 2104 2503 contrarium
2127 2483 2186 2505 non
2208 2476 2349 2509 obstanti-

1283 2513 1346 2542 bus.

1323 2550 1436 2581 Damus
1458 2549 1590 2587 praeterea
1613 2548 1746 2579 universis
1770 2549 1802 2579 δε
1830 2548 1941 2587 fingulis
1965 2548 2120 2580 Officiariis
2147 2549 2288 2584 Ministri's
2311 2555 2346 2586 δε

1279 2588 1404 2619 Subditis
1428 2587 1528 2618 nostris
1554 2587 1801 2625 quibuscumque,
1825 2595 1885 2616 tam
1910 2587 1981 2617 infra
2012 2588 2166 2618 Libertates
2192 2592 2278 2628 quarn
2296 2603 2344 2623 ex-

1283 2635 1341 2663 tra,
1359 2634 1460 2656 tenore
1478 2624 1821 2668 Praesentium‚·firmiter
1840 2626 1869 2655 in
1883 2625 2024 2668 ¹mandatis
2042 2627 2122 2664 quod
2141 2628 2222 2659 vobis
2236 2630 2268 2660 ὃ(
2285 2632 2346 2662 cui-

1283 2665 1351 2696 libet
1369 2664 1498 2695 vestrum
1517 2666 1550 2695 ὃς
1570 2663 1788 2694 Successoribus
1803 2663 1901 2694 vestris
1920 2665 2074 2701 praedictis,
2093 2665 2290 2698 Aldermannis
2309 2671 2344 2701 ὃς

1284 2704 1395 2734 Ballivis
1422 2703 1507 2741 Burgi
1533 2705 1567 2734 &
1586 2702 1668 2732 Villae
1686 2702 1721 2732 de
1739 2702 1878 2740 Denbigh
1901 2702 2045 2738 praedistae
2065 2713 2117 2739 pro
2137 2712 2267 2742 tempore
2287 2710 2346 2738 exi-

1284 2742 1420 2773 stentibus
1437 2765 1447 2781 ,
1471 2742 1504 2772 &
1529 2751 1628 2772 eorum
1653 2741 1770 2770 cuilibet
1785 2764 1794 2777 ,
1823 2742 1851 2769 in
1876 2741 2044 2770 executione
2068 2740 2281 2775 Praemillorum
2308 2746 2345 2777 de

1284 2790 1418 2818 ternpore
1430 2782 1459 2811 in
1473 2788 1604 2817 tempus,
1623 2779 1800 2809 intendentes
1818 2778 1981 2808 auxiliantes
2001 2778 2034 2809 ὃ(
2057 2779 2222 2812 obedientes
2242 2783 2295 2815 sint
2316 2786 2347 2815 in

1283 2820 1420 2850 omnibus
1433 2818 1594 2858 diligenter:
1967 2855 1972 2860 ι

1323 2858 1360 2888 Et
1385 2857 1520 2895 quicquid
1543 2866 1596 2886 vos
1620 2863 1667 2886 aut
1693 2854 1872 2886 Succeffores
1888 2853 1974 2885 vestri
1994 2853 2178 2888 Aldermanni
2196 2859 2230 2889 &
2249 2859 2345 2892 Ballivi

1284 2907 1338 2934 pro
1357 2905 1488 2934 tempore
1506 2895 1653 2925 existentes
1670 2918 1679 2932 ‚
1704 2904 1749 2924 aut
1769 2903 1823 2924 tres
1839 2892 1969 2936 vestrum
1989 2894 2033 2924 vel
2061 2905 2161 2926 eorum
2192 2898 2346 2936 respective

1285 2935 1404 2965 feceritis
1422 2935 1466 2966 seu
1483 2935 1602 2965 fecerint
1621 2934 1649 2962 in
1670 2942 1714 2963 aut
1733 2933 1810 2963 circa
1827 2933 1981 2971 praemissa,
2006 2932 2061 2962 unii
2079 2943 2147 2963 cum
2167 2934 2349 2968 Nominibus

1286 2975 1320 3004 δε
1348 2972 1584 3010 Cognomini'bus
1600 2981 1633 3001 ac
1653 2971 1812 3008 Numero,
1838 2979 1895 3000 tam
1915 2969 2052 3007 Equitum
2072 2971 2208 3003 Peditum
2227 2974 2260 3004 Sa
2283 2976 2347 3006 itta-

1285 3013 1393 3042 riorum
1420 3021 1452 3041 ac
1473 3011 1747 3047 Scloppettariorum
1765 3032 1774 3046 ‚
1798 3019 1832 3039 ac
1851 3010 1983 3039 omniurn
2002 3009 2160 3040 Armorum
2177 3012 2210 3042 &
2230 3012 2265 3043 be
2276 3015 2349 3044 lico-

1284 3060 1347 3081 rum
1368 3049 1625 3080 Iiistrumentorum
1644 3056 1873 3085 caeterorunique
1895 3047 1972 3077 bello
1999 3047 2169 3078 idoneorum
2184 3073 2193 3088 ‚
2218 3060 2266 3088 per
2294 3062 2347 3084 vos

1285 3089 1329 3119 vel
1347 3099 1395 3126 per
1414 3087 1594 3118 Succeffores
1612 3086 1720 3116 vestros
1740 3087 1947 3116 Aldermannos
1964 3085 1997 3116 &
2011 3084 2130 3116 Ballivos
2149 3098 2201 3124 pro
2216 3097 2347 3127 tempore

1286 3127 1431 3157 existentes
1446 3150 1455 3166 ,
1482 3127 1526 3157 vel
1546 3136 1594 3163 per
1612 3135 1665 3155 tres
1684 3123 1814 3155 vestrum
1835 3125 1890 3154 sive
1910 3134 2009 3154 eorum
2031 3124 2184 3164 rel‘petqive
2204 3127 2232 3157 in
2252 3131 2345 3160 forma

1286 3166 1422 3203 praedic'ia
1437 3165 1627 3202 inspeeiorum
1642 3165 1673 3193 &
1690 3172 1884 3199 armatorum,
1894 3163 1979 3200 quam
1995 3162 2198 3194 parochiarum
2214 3166 2246 3195 &
2260 3167 2346 3197 lfVar-

1286 3204 1390 3235 dorum
1412 3206 1439 3234 in
1460 3205 1562 3243 quibus
1578 3203 1720 3240 habitant,
1738 3212 1770 3232 ac
1791 3202 1826 3232 de
1846 3201 2001 3232 diversitate
2017 3201 2174 3233 Armatur-,e
2189 3203 2222 3233 &
2238 3203 2345 3236 Instru-

1287 3252 1453 3274 mentorum
1468 3243 1638 3273 bellicorum
1654 3242 1756 3277 quibus
1772 3240 1957 3278 unusquisque
1974 3250 2075 3270 eorum
2091 3250 2212 3272 armatus
2225 3243 2257 3272 ὃς
2275 3253 2346 3280 prae-

1285 3290 1394 3321 paratus
1408 3281 1449 3311 est
1464 3289 1510 3312 aut
1526 3281 1625 3316 fuerit,
1644 3279 1712 3309 Nos
1725 3281 1757 3310 ὃ(
1774 3278 1943 3308 Concilium
1954 3278 2084 3308 nostrum
2101 3280 2173 3309 circa
2191 3280 2344 3313 Perlonam

1285 3321 1409 3350 nostram
1423 3319 1589 3356 attendens,
1605 3319 1641 3349 de
1654 3326 1788 3355 tempore
1805 3319 1832 3346 in
1850 3326 1976 3353 tempuS,
1994 3318 2064 3347 cum
2082 3318 2114 3347 ad
2129 3318 2188 3348 hoc
2204 3328 2252 3355 per
2276 3320 2344 3352 Nos

1284 3360 1327 3389 vel
1350 3359 1517 3390 Concilium
1540 3357 1667 3387 nostrum
1691 3356 1861 3394 praedic'tum
1883 3355 2004 3384 mandati
2024 3356 2128 3385 fueritis
2151 3364 2196 3385 aut
2220 3356 2325 3390 fuerint

1284 3398 1314 3428 in
1331 3397 1455 3435 scriptis,
1481 3398 1530 3427 sub
1551 3396 1651 3435 sigillis
1671 3394 1768 3425 vestris
1786 3396 1817 3426 &
1838 3403 1955 3431 eorum,
1982 3393 2027 3424 vel
2046 3394 2130 3424 trium
2151 3393 2280 3426 vestrum
2297 3383 2343 3429 vei

1282 3446 1383 3466 eorum
1398 3460 1408 3474 ,
1433 3435 1605 3474 respective,
1632 3433 1812 3470 manibusque
1836 3430 1965 3462 vestrum
1987 3433 2019 3463 &
2046 3441 2164 3469 eorum,
2189 3433 2232 3463 vel
2253 3436 2342 3467 trium

1282 3474 1410 3505 vestrum
1435 3475 1480 3506 vel
1501 3483 1619 3510 eorum,
1638 3472 1812 3510 subscu‘ptis,
1838 3470 1934 3501 debite
1955 3468 2112 3500 certificetis
2132 3471 2164 3501 &
2187 3472 2343 3510 respedtive

1280 3513 1446 3544 certificent.
1850 3514 1852 3516 ’
1985 3548 1989 3552 ¹

1322 3551 1433 3582 Damus
1451 3551 1566 3581 ulterius
1584 3548 1700 3579 firmiter
1720 3549 1749 3578 in
1769 3546 1908 3577 Mandatis
1921 3546 2003 3577 vobis
2020 3547 2051 3576 &
2066 3545 2280 3581 successoribus
2294 3562 2345 3583 ve-

1285 3590 1345 3620 stris
1364 3590 1503 3628 praedietis
1523 3587 1722 3619 Aldermannis
1741 3587 1773 3617 &
1795 3586 1902 3615 Ballivis
1919 3594 1970 3628 pro
1990 3594 2119 3623 tempore
2145 3586 2348 3630 existentibus,

1283 3629 1362 3666 quod
1384 3639 1434 3666 pro
1455 3627 1563 3657 meliori
1582 3625 1759 3663 expeditione
1778 3625 1809 3654 &
1824 3632 1990 3653 executione
2008 3623 2191 3654 praesentium
2209 3636 2260 3665 per
2277 3639 2342 3659 om.

1283 3668 1327 3696 nia
1354 3668 1387 3698 ὃς
1408 3669 1436 3696 in
1456 3664 1558 3703 singula
1573 3665 1608 3694 de
1627 3673 1755 3700 tempore
1776 3664 1804 3691 in
1825 3670 1934 3698 tempus
1955 3662 2059 3691 faciatis
2077 3663 2110 3694 &
2129 3664 2284 3701 respective
2302 3668 2343 3698 fa·

1283 3707 1384 3743 ciant,
1410 3714 1467 3735 tam
1494 3703 1648 3733 secundum
1674 3710 1802 3731 tenorem
1831 3699 2029 3742 Articulorum
2054 3700 2088 3731 δε
2111 3700 2341 3736 Instrufflonum

1284 3743 1336 3773 hiis
1350 3743 1530 3781 praesentibus
1547 3748 1749 3770 annexatorum
1760 3762 1769 3775 ,
1783 3739 1867 3775 quam
1884 3738 2004 3768 aliorum
2018 3748 2271 3780 quorumcumque
2286 3744 2342 3774 Ar-

1281 3782 1436 3812 ticulorum
1463 3782 1496 3811 ὅ(
1521 3779 1747 3809 Instrchtionum
1771 3786 1835 3814 quae
1862 3786 1911 3813 per
1932 3776 2078 3813 praefatum
2099 3777 2268 3812 Concilium
2288 3792 2343 3812 no-

1282 3820 1369 3850 strum
1387 3845 1396 3858 ,
1419 3820 1488 3850 cum
1507 3827 1579 3855 opus
1593 3816 1695 3853 fuerit,
1723 3815 1767 3846 vel
1785 3825 1832 3852 per
1851 3824 1951 3844 eorum
1973 3814 2015 3844 sex
2035 3816 2065 3845 in
2083 3815 2216 3856 Scriptis,
2244 3819 2341 3850 Mani-

1281 3858 1332 3888 bus
1348 3859 1400 3890 suis
1418 3859 1608 3897 signatorum,
1635 3855 1730 3891 aliquo
1746 3862 1877 3890 tempore
1893 3852 2012 3890 posthac
2030 3855 2060 3883 in
2077 3864 2108 3884 ea
2127 3865 2203 3893 parte
2218 3857 2341 3897 dirigen-

1282 3905 1336 3927 tur.

1315 3934 1350 3965 In
1362 3936 1438 3972 cujus
1450 3934 1507 3971 rei,
1525 3932 1586 3963 &c.

1315 4014 1408 4047 Teste
1424 4012 1505 4053 Rege
1519 4010 1593 4050 apud
1608 4009 1865 4050 Wstmonasterium
1875 4033 1884 4048 ‚
1902 4010 1989 4040 tertio
2006 4010 2065 4041 Die
2079 4011 2230 4044 Februarii.

1696 4089 1748 4117 Per
1764 4090 1855 4117 Breve
1870 4087 1903 4116 de
1917 4089 2035 4119 Privato
2051 4089 2159 4128 sigillo,
2178 4089 2237 4125 &a

1792 4163 1815 4193 F
1835 4173 1850 4203 3

2367 2011 2386 2032 ’Ψ
2406 2014 2477 2042 XVI
2490 2015 2516 2047 I·
