2557 4279
19 265 95 298 Ann.
108 265 149 296 D.

49 305 136 334 1622.

23 343 117 380 19Jac.
127 353 150 370 i.

21 813 41 833 ἑ
60 812 146 839 XVII

22 859 85 888 353·

16 3550 17 3553 ’
35 3542 55 3563 ⁸
70 3545 156 3572 xv11

35 3591 100 3619 354-

722 181 834 222 ET
917 181 1186 223 ACTA

168 265 213 295 nia
238 263 450 302 praechariffimi
474 264 563 295 nostri
581 268 681 295 Generi
697 275 782 303 prout
802 275 873 304 opus
892 267 987 305 fuerit,
1008 267 1036 296 in
1053 267 1109 305 ejus
1128 264 1223 295 Subsi-

167 303 247 333 dium
268 303 402 334 Ducendi
422 327 431 341 ,
458 304 559 340 eosque
579 305 713 335 Armaudi
729 328 738 343 ,
762 316 878 336 necnon
898 306 1006 335 Bellum
1026 314 1073 335 aut
1093 303 1226 334 Praelium

166 352 235 372 cum
260 341 350 372 Hoste
374 342 418 371 vel
437 342 575 372 Hostibus
594 353 768 381 quocunque
787 344 831 374 vel
851 344 1063 381 quibuscunque
1088 343 1225 372 commit-

166 380 241 410 tendi
261 379 293 411 ὃ(
315 380 506 418 conferendi,
532 381 565 410 &
583 382 633 411 alia
652 391 832 419 quaecunque
851 392 933 412 manu
955 382 1066 411 militari
1087 380 1225 416 faciendi,

167 429 232 455 ‹iuae
248 418 281 447 ad
298 418 366 448 dieti
385 421 484 447 Generi
504 418 592 449 nostri
615 419 728 457 ejusque
748 420 957 449 Dominiorum
978 420 1223 449 conservationem

163 458 314 487 tuitionem
330 455 374 486 vel
392 458 652 495 recuperationem,
670 458 716 488 seu
734 457 834 491 Hostis
852 458 896 487 vel
912 457 1052 487 Hostium
1069 457 1226 488 infestatio-

261 493 266 500 =

164 503 232 525 nem
251 494 464 561 orfiellatiqi'iem
481 495 671 533 expulsionem
685 497 717 527 &
729 496 953 533 profligationem
964 519 973 533 ,
983 496 1155 527 videbuntur
1171 505 1224 533 pro

167 542 295 564 tewl'¹t‘st‘
314 550 322 561 ι
351 545 391 561 i'k'.
404 543 449 561 ll'f'.

203 563 313 600 Damus
331 566 462 608 perena
480 571 573 602 eidem
593 575 739 609 Capitaneo
757 570 845 638 ηῧνο
860 570 990 600 Generali
1010 572 1120 608 plenam
1140 571 1226 601 Pote-

167 608 267 639 statem
295 610 327 640 ὃ(
350 609 560 640 Authoritatem
579 609 757 647 quascunque
809 608 978 639 rdinationes
998 609 1087 648 Leges
1102 611 1134 640 &
1154 609 1227 639 Pro-

167 648 348 677 clamationes
373 648 407 678 de
433 658 561 687 tempore
586 650 614 677 in
633 655 745 684 tempus
764 646 955 676 constituendi
974 648 1006 677 ὃς
1024 648 1155 678 Faciendi
1173 654 1226 684 pro

167 682 392 723 Conduiiione,
410 684 491 715 bono
510 686 663 722 Regimine
680 686 713 716 &
732 685 950 716 Gubernatione
970 685 1135 715 Hominum
1152 696 1225 723 prae-

166 725 329 761 dictorum,
349 723 460 753 easdem
479 724 585 755 realiter
605 726 638 754 ὃς
657 722 841 754 effeetualiter
858 723 999 754 observari
1021 723 1172 760 Faciendi,
1190 723 1222 753 ad

167 763 251 802 idque
271 761 455 805 quoscunque
471 760 637 791 Hominum
654 761 857 798 praediCtorum
878 762 933 791 sive
941 760 1053 791 Subditi
1069 762 1121 792 lint
1137 761 1225 791 nostri

174 802 229 832 five
248 799 416 838 stipendiarii
436 799 493 830 five
512 799 619 830 Milites
631 799 908 839 *egregariifuerinss
927 799 983 829 five
1001 809 1115 830 munere
1130 801 1226 837 aliquo

192 840 286 870 ublico
307 838 458 876 fungantur
476 837 627 876 Cogendi,
649 847 682 867 ac
702 837 810 876 insuper
828 837 968 867 Audiendi
989 838 1174 868 Examinandi
1194 839 1226 868 ὃς

202 875 359 907 erminandi
377 886 427 912 per
444 874 485 912 se,
505 877 551 905 vel
570 886 619 913 per
639 874 818 911 Deputatum
837 874 916 905 suum
934 875 977 906 vel
992 875 1150 913 Deputatos
1163 876 1226 906 suos

167 916 198 946 iri
215 916 268 946 hac
282 923 359 953 parte
372 912 560 944 sufficientem
580 913 623 944 vel
639 913 822 953 sufficientes,
840 922 939 944 omnes
959 912 1061 943 Causas
1080 913 1224 943 Crimina-

167 954 207 984 les
235 952 479 983 Murmurationes
497 951 720 982 Disobedientias
735 975 744 988 ,
771 950 950 982 Desertiones
973 952 990 982 a
1014 952 1173 989 Capitaneis
1191 953 1225 982 &

169 989 414 1022 Gubernatoribus
432 989 598 1020 Hominum
617 989 818 1027 praediistorum
833 1011 843 1027 ,
868 991 902 1021 δε
919 991 1019 1020 omnia
1037 991 1089 1020 alia
1106 989 1228 1020 Malefa-

167 1030 216 1060 &a
231 1036 403 1068 perpetrata,
422 1028 626 1066 cujuscumque
642 1036 749 1058 naturae
765 1029 889 1059 nominis
910 1028 955 1058 vel
968 1027 1069 1065 speciei
1088 1028 1158 1064 sint,
1177 1038 1226 1064 per

162 1067 286 1106 aliquam
306 1067 457 1098 Personam
476 1066 533 1098 five
554 1067 687 1098 Personas
713 1068 742 1096 in
761 1065 861 1103 Copiis
881 1066 1045 1097 Hominum
1072 1066 1224 1103 praedicto-

163 1114 245 1144 rum,
263 1115 297 1136 ac
316 1105 502 1144 Deliquentes
521 1106 552 1135 in
570 1104 720 1135 Praemiffis
739 1103 918 1143 Castigandi,
936 1105 1095 1143 Poenasque
1118 1104 1227 1134 Mortis

163 1144 198 1175 &
219 1143 423 1175 Membrorum
437 1144 480 1173 vel
489 1143 553 1174 alias
568 1143 673 1174 Poenas
687 1142 865 1180 corporales,
880 1145 958 1181 juxta
977 1153 1078 1173 eorum
1092 1143 1227 1173 demerita

162 1179 329 1251 {ns-ligendi,
347 1181 505 1213 secundum
526 1182 617 1222 Leges
635 1183 668 1213 δε
689 1180 914 1213 Consuetudines
940 1181 1085 1213 Martiales
1111 1182 1144 1213 δε
1161 1181 1228 1211 Bel-

177 1231 241 1252 icas.

204 1259 243 1290 Et
261 1259 346 1289 etiam
362 1258 396 1288 ad
417 1257 602 1288 Audiendum
621 1259 655 1290 &
670 1257 900 1288 Terminandum
918 1281 927 1296 ,
947 1258 1039 1289 modo
1055 1256 1229 1296 supradidffi,

164 1307 267 1329 omnes
291 1296 400 1327 Civiles
425 1296 528 1327 Causas
546 1296 721 1328 Contractus
741 1296 878 1335 Qierelas
896 1298 1031 1327 omnium
1049 1298 1082 1328 &
1102 1296 1226 1335 singulo-

161 1346 229 1367 rum
246 1335 414 1365 Hominum
431 1334 466 1366 de
486 1335 588 1373 Copiis
605 1334 748 1373 praedidtis
765 1337 795 1364 in
812 1336 933 1372 partibus
950 1335 1000 1365 illis
1012 1335 1225 1372 contingentes3

162 1374 334 1412 Caeteraque
347 1374 445 1403 omnia
459 1374 491 1404 &
507 1374 613 1410 singula
627 1372 944 1411 FaciendiExigendi&
958 1373 1223 1411 Perimplendiquae

162 1414 196 1443 ad
216 1411 361 1442 Officium
380 1414 525 1449 Capitanei
538 1411 680 1441 Generalis
696 1412 848 1448 pertinent.

198 1450 310 1481 Damus
325 1458 456 1488 praeterea
471 1450 563 1480 eidem
576 1454 723 1489 Capitaneo
739 1449 826 1488 nostro
840 1450 952 1487 plenam
970 1449 1222 1481 Authoritatem&

162 1488 355 1526 Potestatem,
374 1498 432 1517 non
457 1488 548 1518 solum
572 1487 761 1518 Gubernandi
786 1490 819 1519 ὃς
838 1488 972 1526 Regendi
984 1489 1063 1525 juxta
1085 1489 1222 1525 praemissa

163 1537 265 1558 omnes
279 1527 346 1556 alios
361 1525 507 1556 Homines
520 1526 630 1557 nostros
652 1526 785 1557 Subditos
804 1527 850 1558 vel
866 1527 985 1557 Exteros
1005 1526 1220 1563 Stipendiarios,

162 1567 211 1603 qui
230 1566 265 1595 de
281 1574 411 1601 tempore
425 1565 453 1593 in
468 1572 579 1601 tempus
593 1565 834 1604 Supplementum
847 1565 915 1595 dieti
926 1564 1050 1594 Numeri
1059 1563 1141 1594 Osto
1151 1564 1223 1594 Mil-

161 1604 188 1633 le
201 1603 334 1633 Peditum
355 1603 387 1632 &
408 1601 489 1632 Mille
503 1602 711 1633 Sexcentorum
734 1603 871 1640 Equitum
891 1604 1054 1640 mittentur,
1072 1602 1118 1632 sed
1137 1604 1223 1632 etiarn

159 1640 285 1672 Munera
298 1641 330 1671 ὃ(
345 1638 453 1670 Officia
467 1650 532 1678 quae
547 1641 575 1669 in
595 1641 692 1678 Copiis
706 1642 845 1679 praedictis
859 1650 959 1671 vacare
981 1641 1131 1679 contigerit
1147 1640 1219 1678 Sup-

160 1680 277 1718 plendi,
292 1680 324 1709 ὅτ,
340 1678 485 1708 Homines
499 1678 635 1718 idoneos,
649 1679 728 1717 juxta
745 1678 837 1710 sanam
855 1682 933 1710 luam
952 1679 1171 1717 discretionem,
1186 1679 1221 1710 ad

161 1719 262 1750 eadem
282 1717 427 1757 Eiigendi,
446 1718 479 1748 &
495 1717 598 1748 eisdem
616 1716 798 1754 praeficiendi.

198 1756 329 1793 Insuper,
349 1764 379 1786 ut
396 1756 481 1786 etiam
496 1756 532 1785 de
546 1765 676 1794 tempore
689 1756 720 1786 in
733 1764 865 1794 tempus,
883 1765 932 1794 per
953 1755 1060 1793 Literas
1081 1755 1158 1793 suas,
1177 1755 1223 1786 vel

157 1804 208 1834 per
224 1794 323 1825 Billam
339 1803 425 1824 manu
441 1793 484 1823 sua
500 1794 655 1831 signatam,
673 1794 758 1825 faciat
772 1794 1010 1830 solvi&expendi
1023 1802 1068 1824 tot
1081 1794 1223 1824 Denario—

158 1843 224 1864 rum
248 1833 380 1863 Summas
402 1832 438 1861 de
453 1831 598 1862 Thesauro
611 1831 725 1869 nostro,
744 1842 797 1869 pro
811 1833 950 1862 solutione
970 1833 1004 1863 ὃς
1026 1831 1224 1863 sustentatione

156 1871 324 1902 Hominum
340 1870 501 1907 Copiarum
516 1869 734 1908 praediffitarum,
746 1872 824 1908 juxta
840 1870 943 1901 Ratam
953 1893 962 1907 ‚
980 1879 1030 1908 per
1053 1871 1223 1908 praedistum

155 1912 337 1950 Capitaneum
355 1908 472 1949 nostrum
490 1907 650 1938 Generalem
665 1919 735 1939 cum
753 1909 851 1939 iisdem
877 1907 1023 1939 Militibus
1041 1918 1127 1946 prout
1146 1910 1224 1949 supra

156 1947 385 1986 conscribendis,
402 1946 556 1978 secundum
571 1946 690 1978 Morem
701 1948 761 1987 jam
775 1948 803 1977 in
821 1947 977 1979 Germania
984 1947 1223 1985 ufitatum‚Con-

159 1987 326 2018 trahendam
342 1987 374 2016 &
390 1985 630 2016 Concludendam
645 1996 699 2023 pro
716 1986 812 2016 Vadiis
829 1987 862 2017 ὃς
881 1984 1032 2022 Stipendii’s
1044 1987 1177 2017 omnium
1188 1987 1222 2018 &

161 2025 337 2065 singulorum
353 2024 450 2054 Nobis
464 2023 513 2054 sub
529 2024 610 2054 dieto
629 2024 727 2055 nostro
743 2028 892 2062 Capitaneo
913 2023 1045 2054 Generali
1066 2024 1223 2056 deservieri-

161 2066 253 2100 tium‚
273 2064 342 2094 sicut
358 2063 450 2094 eidem
467 2064 614 2102 Capitaneo
627 2062 713 2101 nostro
730 2062 877 2100 Generali,
891 2063 970 2101 juxta
979 2062 1071 2093 sanam
1087 2063 1225 2095 suamdi's—

159 2104 319 2133 cretionem
330 2125 338 2140 ,
356 2103 455 2133 melius
473 2102 614 2133 videbitur
626 2101 772 2139 expedire:
794 2101 947 2140 Qodque
963 2101 1126 2139 hujusmodi
1141 2102 1223 2133 Lite-

159 2151 198 2171 ηε
211 2140 257 2172 se'u
276 2140 353 2171 Billae
367 2150 453 2171 manu
469 2139 514 2170 sua
536 2140 574 2171 fic
592 2149 622 2171 ut
641 2141 823 2178 praemittitur
840 2140 970 2185 signatae,
988 2149 1053 2178 quae
1071 2140 1224 2180 dirigentur
1264 2172 1267 2174 ,

159 2179 347 2210 'Ihesaurario
361 2203 370 2217 ,
390 2179 438 2210 vel
460 2179 566 2218 Agenti
587 2178 672 2209 Vices
690 2178 869 2210 Thesaurarii
886 2178 1045 2215 Copiarum
1064 2178 1226 2217 hujusmodi

161 2219 382 2256 praedietarum,
409 2227 458 2255 per
484 2218 552 2247 Nos
576 2217 729 2256 deputato,
746 2218 780 2248 &
805 2218 863 2248 aliis
886 2216 1038 2247 Officiariis
1055 2218 1156 2248 nostris
1173 2226 1225 2260 pro

161 2256 330 2288 executione
347 2255 536 2293 eorumdem,
555 2255 712 2290 secundum
739 2255 913 2287 Mandatum
936 2264 969 2286 ac
996 2255 1224 2294 Affignationem

162 2296 193 2325 in
211 2305 242 2326 ea
259 2302 337 2334 parte
351 2293 431 2325 dicto
449 2297 598 2333 Capitaneo
614 2294 699 2334 nostro
715 2294 848 2325 Generali
863 2304 942 2325 nunc
961 2293 1058 2325 datum
1083 2295 1129 2326 vel
1146 2295 1225 2332 post-

162 2334 218 2364 hac
235 2332 376 2372 dandum,
394 2342 425 2364 ut
443 2333 556 2363 occasio
576 2333 695 2370 postulat
728 2334 807 2372 juxta
826 2332 1031 2364 instructiones
1052 2334 1116 2363 alias
1134 2334 1172 2363 illi
1189 2334 1226 2364 de

163 2376 295 2410 tempore
310 2373 339 2401 in
354 2379 467 2408 tempus
488 2381 573 2402 manu
586 2371 681 2402 nostra
696 2356 790 2409 Regia
809 2371 926 2411 signatas
933 2390 946 2408 ,=
960 2371 1006 2402 vel
1021 2381 1071 2409 per
1085 2371 1226 2403 Consilia-

166 2411 225 2441 'rios
250 2410 362 2440 nostros
379 2419 426 2440 aut
450 2410 559 2447 aliquos
579 2404 624 2441 sex
642 2420 760 2449 eorum,
779 2410 901 2441 nomine
923 2409 1042 2449 nostro,
1060 2411 1227 2448 in'Scripti‘s‘

167 2449 288 2488 posthac
303 2448 535 2479 transmittendas.

204 2487 316 2518 Damus
331 2487 440 2525 insuper
453 2487 585 2518 universis
598 2487 635 2519 δε
653 2486 762 2526 singulis
782 2486 944 2524 Capitaneis
965 2486 1129 2518 Colonelli‘s'
1143 2487 1229 2517 Vice-

167 2528 319 2563 capitaneis
335 2526 611 2557 Locumtenentibus
627 2525 774 2556 Militibus
789 2526 943 2557 Officiariis
958 2527 992 2558 ὃς
1013 2525 1150 2556 Ministris
1167 2527 1230 2563 qui²

167 2565 345 2602 buscumque
360 2565 389 2594 in
407 2563 508 2601 Copiis
521 2563 684 2602 hujusmodi
699 2565 810 2595 retentis
821 2566 853 2596 ὅτ
868 2565 1036 2603 retinendis,
1055 2564 1113 2595 five
1127 2563 1231 2594 Subdi-

169 2605 203 2634 tis
228 2603 328 2633 nostris
345 2602 401 2633 five
424 2603 608 2633 Mercenariis
629 2603 678 2633 sub
701 2602 849 2642 stipendio
873 2604 990 2641 nostro,
1009 2612 1040 2634 ut
1065 2603 1230 2640 praefertur,

170 2641 378 2677 MilitantibuS,
398 2641 469 2671 infra
482 2641 594 2671 diffitum
611 2641 795 2672 Palatinatum
804 2642 849 2673 vel
862 2643 943 2680 alibi,
962 2643 1080 2672 ubilibet
1090 2639 1228 2671 constitu-

168 2682 220 2719 tis,
238 2681 356 2711 Tenore
370 2679 556 2710 Praesentium
573 2679 692 2710 firmiter
706 2680 736 2709 in
748 2679 892 2711 Mandatis
908 2680 989 2718 quod
1003 2680 1096 2710 eidem
1111 2680 1230 2709 Horatia

168 2722 319 2758 Capitaneo
333 2717 421 2757 nostro
437 2717 585 2756 Generali,
603 2720 631 2748 in
648 2718 802 2749 Praemissis
818 2719 950 2750 faciendis
970 2718 1139 2757 exequendis
1153 2719 1186 2749 δε
1201 2727 1232 2747 a-

168 2757 265 2796 gendis
276 2779 285 2794 ,
303 2757 451 2788 intendant
464 2756 598 2787 obediant
613 2756 735 2787 affistant
750 2758 783 2787 &
801 2758 964 2788 auxilientur
976 2766 1059 2794 prout
1074 2757 1173 2795 decet,

208 2796 252 2826 Ac
266 2796 388 2833 denique
404 2795 547 2825 Volumus
567 2795 600 2825 &
620 2795 818 2827 Concedimus
835 2806 884 2834 per
901 2795 1051 2827 Praesentes
1077 2796 1157 2834 quod
1184 2794 1231 2824 hee

171 2833 278 2866 Literae
292 2836 397 2864 nostrae
412 2833 542 2864 Parentes
562 2841 741 2871 erunt,‚tam
761 2834 854 2865 eidem
874 2837 991 2864 Horatio
1016 2838 1162 2873 Capi'taneo
1185 2843 1234 2863 no-

165 2872 221 2911 stro
237 2872 367 2903 Generali
378 2871 465 2908 quam
481 2872 615 2901 omnibus
630 2871 691 2901 aliis
704 2871 856 2911 Militibus,
871 2872 1028 2903 Colonellis
1038 2897 1048 2910 ,
1067 2874 1122 2903 sive
1131 2872 1233 2902 Subdi-

170 2912 205 2942 tis
226 2912 283 2941 five
299 2911 425 2948 Exteris,
445 2910 689 2949 quibuscumque,
707 2911 736 2940 in
755 2909 857 2949 Copiis
876 2910 1041 2942 Hominum
1066 2910 1234 2941 nostrorum

170 2950 373 2987 praedietoriim
388 2950 497 2979 retentis
512 2950 545 2980 &
561 2949 713 2979 retinendis
723 2971 732 2986 ,
751 2958 804 2986 pro
825 2949 1003 2981 Executione
1020 2949 1232 2980 Praemissorum

173 2987 314 3018 sufficiens
328 2987 516 3018 Warrantum
531 2988 564 3018 &
580 2986 753 3017 Exoneratio
769 2988 805 3018 in
814 2998 846 3019 ea
864 2996 949 3026 parte.

211 3063 245 3094 In
268 3064 347 3100 cujus
367 3064 407 3094 rei
423 3062 638 3094 Testimonium
661 3063 710 3094 has
729 3052 837 3094 nostras
856 3063 986 3095 Patentes
1004 3063 1113 3095 Lit‘e'ra's
1131 3061 1233 3094 maniis

172 3101 278 3133 nostrae
297 3102 501 3141 subscriptione
518 3102 707 3141 signavimus,
726 3103 759 3135 &
783 3102 886 3141 Magni
910 3103 1000 3142 Sigilli
1019 3102 1111 3134 nostri
1128 3111 1233 3142 appen-

174 3141 252 3172 fione
270 3141 389 3172 fecimus
407 3141 522 3171 muniri.

211 3218 281 3248 Dat.
308 3218 381 3256 apud
401 3217 541 3247 Palatium
566 3215 683 3255 nostrum
711 3216 936 3258 Wstmonasterii
958 3217 1073 3248 decimo
1089 3218 1165 3249 sexto
1184 3217 1235 3249 die

174 3256 336 3295 Februarii,
353 3256 441 3287 Anno
456 3256 581 3286 Domini
597 3255 754 3287 Millefimo
762 3256 971 3286 Sexcentefimo
985 3256 1125 3293 vigesimo
1140 3257 1233 3296 primo

172 3295 328 3325 secundum
347 3295 444 3326 stilum
462 3295 594 3331 Angliae‚
613 3294 708 3334 Regni
733 3297 805 3326 vero
831 3295 921 3326 nostri
940 3294 1065 3335 Magnae·
1077 3294 1230 3327 Britanniae

173 3333 304 3378 Francitg·⁸
321 3335 354 3366 &
374 3334 525 3364 Hiberniae
541 3333 656 3364 decimo
673 3342 763 3364 nono.

478 3411 534 3439 Per
550 3408 633 3448 ipst'cm
650 3411 747 3448 Regem
757 3409 867 3450 propria⁴
884 3421 967 3441 manu
977 3390 1130 3450 stannatum.

160 3566 168 3574 ,
180 3541 206 3569 =Jt=
227 3543 276 3575 Dc
301 3536 498 3582 commissione
513 3548 568 3584 pro
591 3534 729 3570 Arthuro
756 3527 885 3570 Domino
909 3529 1077 3580 Chichister
1095 3537 1140 3571 ad
1156 3540 1236 3572 Tra-

334 3587 477 3622 &andum
500 3585 537 3618 de
557 3588 634 3618 Pace
657 3596 727 3618 cum
751 3586 875 3630 Caefhrea
896 3582 1071 3631 Majestaite‘.

34 3665 113 3698 ΑΠΠ·
126 3666 170 3699 D·
211 3675 262 3706 Ac
270 3658 317 3705 0.B
324 3683 348 3704 u
358 3682 370 3704 s
380 3696 389 3711 ,
408 3672 467 3703 Dei
482 3670 598 3708 Gratia,
617 3673 732 3707 Magnae
741 3672 898 3700 Britanniae
913 3660 1040 3701 Frnacice
1049 3670 1237 3707 &Hiberniae

56 3705 145 3736 1622.

36 3748 93 3773 Rot-

36 3783 153 3810 Tradat.

39 3823 154 3854 Annisi7

44 3858 74 3886 18
84 3879 91 3890 ,
106 3867 150 3895 19,

43 3905 89 3925 20.
102 3896 131 3935 J

45 3943 70 3962 1.
84 3946 118 3964 m.
127 3944 155 3972 5.

226 3717 286 3743 Rex
299 3736 308 3750 ,
324 3712 404 3743 Fidei
411 3711 638 3748 Defensor,&c.
657 3709 802 3739 Omnibus
817 3710 850 3740 &
865 3709 1016 3749 singulisad
1030 3720 1102 3749 quos
1112 3711 1236 3742 Praesen-

185 3759 225 3781 tes
236 3752 343 3787 Literae
355 3751 551 3788 pervenerint,
570 3748 706 3782 Salutem.
980 3769 983 3771 .

220 3787 277 3818 Etli
290 3799 352 3827 quae
366 3790 402 3818 ab
414 3790 496 3819 initio
509 3787 596 3824 usque
610 3787 777 3817 Turbarum
792 3784 1012 3817 Bohemicarum
1025 3787 1041 3817 a
1050 3786 1148 3817 Nobis
1154 3786 1237 3818 sedu-

161 3840 167 3850 ‚
184 3826 213 3856 lo
226 3828 259 3857 ὃς
271 3827 386 3857 sollicite
403 3827 539 3858 haetenus
556 3833 659 3856 tentata
671 3825 749 3862 sunt,
767 3832 829 3854 tum
845 3833 898 3862 pro
909 3825 1004 3855 innato
1018 3825 1097 3855 Pacis
1114 3826 1236 3862 publicae

184 3864 301 3902 Studio,
319 3873 380 3895 tum
394 3867 477 3896 etiam
491 3874 544 3903 pro
561 3863 696 3894 Amicitia
710 3872 775 3901 quae
782 3872 852 3892 cum
868 3862 973 3893 Domo
982 3863 1143 3901 Austriaca‚
1162 3873 1236 3900 prae-

131 3906 170 3924 Μ·
187 3902 281 3933 sertim
296 3905 368 3932 vero
380 3902 663 3941 curn-potentissimo
681 3909 766 3940 atque
779 3900 964 3931 invictissimo
977 3901 1073 3932 Princi
1094 3912 1126 3940 e,
1143 3902 1236 3931 Ferdi-

187 3941 280 3971 nando
294 3942 475 3970 Romanorum
488 3944 653 3980 Imperatore
662 3940 766 3978 semper
787 3937 926 3977 Augusto,
944 3938 1039 3970 Fratre
1087 3940 1236 3979 onsangui-

184 3990 241 4009 neo
259 3980 291 4009 ὅτ.
305 3979 414 4008 Amico
431 3978 531 4008 nostro
552 3978 729 4015 charissimo,
744 3979 804 4016 jam
822 3979 892 4007 olim
911 3978 1074 4017 intercedit,
1091 3988 1236 4016 quamque

184 4019 253 4049 Nos
276 4016 471 4046 inconcussam
489 4017 522 4046 &
540 4018 692 4055 integram,
713 4017 731 4046 si
748 4016 806 4046 fieri
824 4015 926 4053 poffit,
952 4025 1064 4047 manere
1088 4018 1237 4054 cupimus,

179 4058 268 4096 Spem
283 4065 345 4087 eam
354 4064 442 4093 quam
455 4055 490 4085 &
504 4053 700 4087 Consiliorum
713 4054 879 4086 nostrorum
887 4053 1036 4086 Sinceritas
1045 4054 1171 4088 universo
1179 4054 1237 4086 Or-

1272 181 1750 226 PUBLICA.
2249 204 2330 240 2²9

1256 264 1287 305 lai
1304 265 1416 303 testata,
1435 267 1468 296 &
1485 268 1696 299 Postulatorum
1716 269 1864 309 AEquitas,
1887 273 1997 303 facilem
2017 273 2116 304 Nobis
2139 284 2171 305 ac
2196 275 2310 305 felicem
2340 271 2414 302 Arm.
2432 273 2471 304 D.

1266 303 1466 348 proposuerat,
1487 310 1660 350 magnopere
1671 308 1948 351 fefellerintffamen
1965 313 1995 341 iis
2016 313 2077 348 ἱρῆς
2095 313 2130 342 de
2150 313 2234 343 caulis
2249 316 2311 351 qui-
2362 312 2444 341 1622.

1264 343 1316 372 bus
1335 351 1461 379 primum
1475 343 1608 381 adducti,
1626 345 1701 375 tanta
1717 346 1794 376 Cura
1805 369 1813 383 ,
1832 352 1864 377 ὥς
1880 357 1928 384 per
1945 358 2030 379 tantas
2048 350 2158 380 Rerum
2181 354 2313 380 mutatio·
2336 350 2434 386 19Juc.
2446 353 2471 385 ιζ

1264 390 1312 410 nes
1327 379 1486 410 constanter
1498 381 1708 412 allaboravimus
1718 406 1726 419 ,
1747 386 1887 414 nonnu'lis
1899 386 2094 424 Legationibus
2104 399 2168 418 eum
2184 390 2211 418 in
2226 388 2314 419 finem

1265 418 1364 461 niiffis,
1385 426 1415 448 ut
1439 418 1649 448 Controversie
1669 430 1769 451 omnez
1788 422 1905 458 picifice
1925 418 1956 455 ὃῖε
1975 427 2068 455 amice
2089 436 2317 466 componantur,

1259 466 1319 493 Jam
1335 458 1435 486 iterum
1451 459 1569 494 experiri
1585 459 1617 488 &
1641 458 1807 488 Succeiium
1823 461 1932 490 ulterius
1948 471 2051 493 tentare
2059 464 2234 495 decrevimus
2244 475 2318 495 non-

1264 494 1334 525 dum
1347 494 1519 536 desperantes
1534 495 1595 525 fore
1609 503 1656 532 ut,
1673 495 1804 533 aspirante
1824 496 1930 528 Divina
1947 500 2174 538 Gratii,lublatis
2191 503 2317 534 Diffiaiz's

1264 533 1297 600 fic
1313 533 1570 571 Contentionibus,
1589 541 1684 571 optata
1699 533 1863 564 Concordia
1878 536 2129 577 Ti·auq=:illitasque
2144 542 2254 579 publica
2273 553 2314 573 re-

1291 579 1419 601 truantur.

1299 609 1397 639 Sciatis
1414 610 1497 647 igitur
1517 609 1593 646 quod
1606 608 1691 646 Nos,
1708 609 1892 645 praenobilem
1908 613 1940 641 &
1958 613 2117 647 pei-fidelem
2144 616 2314 650 Ministrum

1262 647 1392 677 nostrum
1403 670 1411 685 ,
1429 647 1589 677 Arthurum
1595 647 1759 685 clafchester,
1778 647 1902 677 Militem
1913 653 2046 679 Earonem
2058 653 2188 693 Ctlviccster
2204 657 2235 684 de
2249 656 2314 685 Bel-

1254 683 1317 724 fast
1334 685 1429 724 Regni
1443 686 1531 715 nostri
1547 687 1697 716 Hibernici
1723 685 1885 722 supremum
1902 687 2085 724 Quaestorem
2115 693 2169 723 sive
2186 694 2313 724 Thesau-

1263 725 1363 754 rarium
1375 746 1384 761 ,
1402 724 1532 760 spectat-2
1549 725 1710 755 Prudentiae
1723 722 1868 754 industri-„e
1891 726 1923 755 ὃ(
1947 726 2115 761 integritatis
2140 731 2258 769 Virum,
2276 733 2311 762 &

1264 761 1290 790 iii
1310 763 1418 800 magnis
1430 770 1513 800 atque
1526 763 1614 792 arduis
1624 761 1756 801 Negotiis
1773 763 1871 799 nostris
1885 762 1933 792 diu
1942 764 2076 794 versatum
2086 789 2094 803 ,
2112 768 2145 797 ad
2161 773 2316 805 przenorni-

1263 808 1363 830 natum
1379 800 1603 838 potentissimum
1619 801 1651 830 ὃς
1674 800 1890 831 ἰηνὶξῒίῐϊῐῐηυῐη
1914 801 2096 840 Principem,
2116 808 2316 837 Fercijmndum

1257 837 1364 877 semper
1381 838 1549 876 Augustum,
1568 839 1648 869 iicuti
1663 838 1747 869 etiam
1760 839 1794 869 ad
1806 838 1969 869 cellisfimos
1985 842 2017 871 δε
2040 840 2233 875 illustrissimos
2248 848 2319 875 Ger-

1262 877 1360 906 mam'ae
1375 878 1524 915 Principes,
1542 876 1668 906 nostrum
1688 887 1785 913 verum
1803 886 1913 907 certum
1929 878 2159 910 &indubitatum
2173 882 2314 914 Levatum

1263 914 1295 944 ὃ(
1313 914 1489 950 Deputatum
1505 914 1701 944 destinavimus
1717 916 1749 944 &
1765 915 1904 953 mifimu35
1925 917 2005 953 eique
2022 926 2070 954 per
2086 907 2237 950 Praesente‘}
2255 922 2314 957 ple-

1265 962 1330 982 nam
1345 953 1379 982 &
1392 952 1590 982 omnimodam
1609 952 1779 983 potestatem
1804 954 1837 984 ὃ(
1858 954 2068 985 Authoritatem
2090 957 2123 986 ὃ(
2144 956 2317 989 Mandatum

1285 991 1392 1020 enerale
1410 991 1443 1020 &
1459 991 1572 1028 speci-ilc
1587 992 1702 1028 damus,
1720 1001 1788 1021 cum
1806 992 1880 1021 dicta
1895 992 2017 1030 Caesbrea
2026 994 2214 1033 Majestate&
2225 996 2317 1034 iisdem

1289 1029 1449 1067 rincipibus,
1468 1029 1511 1058 vel
1531 1029 1739 1068 quibuscunque
1752 1029 1805 1059 suae
1824 1029 1975 1068 Majestatis
1991 1033 2023 1062 δε
2046 1032 2191 1063 dictorum
2209 1034 2319 1065 Princi-

1263 1076 1333 1103 pum
1350 1067 1560 1097 Conimisslinis
1575 1076 1619 1106 aut
1637 1067 1783 1103 Deputatis
1802 1067 1986 1099 sufficientem
2006 1070 2040 1099 ad
2055 1070 2114 1101 hoc
2127 1071 2317 1103 Autoritatem

1262 1105 1446 1142 habentibus,
1465 1115 1522 1147 tam
1539 1105 1636 1135 nostro
1653 1106 1786 1137 Nomine
1802 1108 1887 1144 quam
1904 1107 2035 1137 Elffloris
2050 1109 2191 1147 Palatini,
2208 1110 2317 1142 Generi

1263 1143 1372 1181 nostri,
1393 1145 1442 1180 qui
1458 1143 1484 1172 se
1501 1144 1610 1181 luasque
1629 1154 1668 1174 res
1687 1154 1786 1174 ornnes
1801 1145 1926 1175 Arbitrio
1944 1146 2041 1176 nostro
2060 1147 2157 1177 lubens
2179 1150 2316 1187 permisit,

1265 1182 1301 1211 de
1312 1182 1386 1212 Pace
1403 1181 1567 1211 Concordia
1578 1185 1610 1212 ὃς
1626 1181 1870 1213 Reconciliatione
1878 1185 2111 1215 communicandi
2127 1187 2262 1218 tractandi
2272 1189 2316 1225 &,

1264 1220 1284 1250 si
1299 1220 1377 1250 Deus
1391 1220 1469 1250 Pacis
1483 1220 1521 1250 ita
1540 1220 1678 1257 voluerit,
1696 1220 1812 1250 feliciter
1822 1222 2027 1260 concludendi,
2046 1233 2203 1262 caeteraque
2216 1228 2316 1257 omnia

1262 1259 1296 1290 δι·
1312 1258 1416 1295 lingula
1431 1257 1553 1288 faciendi
1575 1267 1640 1296 quae
1657 1259 1685 1287 in
1706 1259 1855 1289 Praemill'is
1874 1260 1918 1291 vel
1937 1261 2013 1291 circa
2032 1272 2063 1292 ea
2083 1263 2127 1292 vel
2144 1273 2244 1294 eorum
2265 1265 2317 1295 ali-

1262 1296 1360 1335 quod,
1378 1296 1526 1326 neceffaria
1547 1296 1648 1336 fuerint
1666 1297 1710 1325 vel
1730 1297 1947 1333 quomodolibet
1966 1308 2132 1337 opportuna.

1300 1335 1501 1365 Promittentes
1515 1335 1592 1364 bona
1605 1334 1676 1363 Fide
1691 1336 1724 1364 &
1739 1336 1767 1364 in
1787 1335 1883 1364 Verbo
1900 1335 1988 1374 Regis
2002 1338 2185 1377 ῲοῃάεῐπεε,
2203 1339 2272 1371 Nos
2281 1351 2313 1372 ea

1260 1374 1361 1404 omnia
1374 1374 1408 1405 &
1426 1372 1534 1409 singula
1546 1382 1611 1410 quae
1620 1372 1745 1411 Legatus
1766 1373 1857 1403 noster
1873 1373 2007 1404 Nomine
2022 1375 2120 1407 nostro
2142 1378 2172 1406 in
2189 1377 2317 1410 Praernis-

1261 1411 1292 1442 fis
1300 1435 1310 1450 ,
1327 1410 1372 1442 vel
1396 1411 1542 1441 Praemissa
1563 1410 1791 1449 qualitercunque
1815 1413 2051 1443 concernentibus
2070 1415 2101 1444 ὃς
2122 1418 2315 1456 tangentibus,

1261 1450 1358 1481 fecerit
1373 1449 1504 1488 padusve
1518 1450 1617 1485 fuerit,
1631 1458 1688 1478 rata
1697 1457 1770 1487 grata
1786 1450 1818 1479 δε
1829 1448 1909 1479 firma
1923 1451 2061 1487 perpetuis
2075 1456 2250 1490 temporibus
2264 1456 2317 1486 ha-

1261 1489 1369 1518 bituros
1386 1488 1516 1518 &etiam
1534 1497 1681 1518 curaturos
1702 1496 1732 1517 ut
1751 1488 1888 1525 quicquid
1908 1488 2042 1520 Nomine
2065 1492 2097 1521 &
2115 1490 2189 1522 Vice
2214 1496 2314 1523 Generi

1260 1526 1342 1566 nostri
1359 1526 1394 1556 ab
1419 1526 1521 1556 eodem
1540 1526 1647 1565 Legato
1672 1525 1771 1555 nostro
1791 1527 1898 1556 faci-um
1918 1527 2032 1564 pastum
2052 1529 2200 1567 gestumve
2217 1532 2315 1569 fuerit,

1259 1566 1287 1594 id
1305 1574 1393 1595 omne
1409 1564 1485 1594 bona
1499 1564 1569 1594 Fide
1581 1574 1630 1602 per
1645 1567 1764 1594 eundem
1782 1567 1917 1593 Generum
1932 1565 2047 1602 nostrum
2063 1569 2089 1595 in
2113 1576 2250 1598 aetcrnum
2265 1569 2318 1599 ser-

1261 1612 1342 1633 vetur
1358 1602 1519 1670 praes'ltetur,
1538 1604 1571 1633 ὅτ,
1588 1613 1618 1633 ut
1632 1603 1732 1632 melius
1744 1602 1904 1641 aequiusqtie
1920 1604 1973 1633 erit
1990 1613 2039 1642 per
2058 1606 2158 1635 omnia
2179 1606 2318 1638 sufficien-

1260 1649 1302 1672 ter
1320 1649 1429 1679 perimp
1440 1649 1525 1671 eatur.

1296 1716 1330 1746 In
1349 1716 1428 1755 cujus
1447 1716 1485 1746 rei
1503 1715 1733 1746 Testimonium.

1261 1844 1355 1877 *Pro
1379 1842 1522 1890 Johanne
1554 1844 1669 1874 Barone
1702 1840 1816 1891 Dlgbye
1847 1843 1883 1876 de
1912 1842 2077 1877 Sherborne
2108 1849 2145 1884 &-
2179 1848 2321 1880 Gualeero
2344 1847 2473 1882 *XVIL

1307 1891 1400 1935 Aston
1424 1893 1600 1929 Baranam,
1625 1889 1800 1933 Commiffib,
1827 1891 1978 1924 demortuo
2001 1891 2130 1940 Philippo
2154 1896 2321 1941 Hysia-aia-
2346 1895 2379 1923 35
2383 1895 2398 1921 5
2403 1905 2409 1912 ·

1305 1952 1377 1974 mm
1409 1943 1486 1986 Rege
1518 1942 1619 1973 Tertio
1639 1966 1648 1982 ‚
1683 1938 1726 1971 ad
1746 1939 1953 1973 Trafbandum
1977 1940 2068 1986 sitper
2098 1942 2218 1975 Foedere
2252 1955 2322 1977 cum

1306 1987 1437 2034 Philippo
1458 1989 1522 2033 ejus
1548 1991 1674 2020 nominis
1697 1990 1820 2033 Quarto
1838 2011 1847 2026 ‚
1879 1989 2025 2033 Defunffl
2049 1993 2134 2036 Regis
2155 1992 2230 2024 Filio
2251 1994 2322 2037 Haefi

1306 2037 1374 2072 rede
1392 2040 1429 2075 (ῤ’
1457 2035 1636 2082 Succeffiere,
1660 2035 1856 2069 continuando
1877 2040 1912 2076 ὠ·
1937 2037 2145 2083 cmfirmando,

1292 2123 1373 2155 Aeo
1383 2128 1476 2161 Rus,
1493 2121 1553 2153 Dei
1571 2120 1687 2160 G'r'atifi,
1705 2122 1766 2154 &c.

1263 2239 1331 2270 don}
1347 2240 1422 2269 inter
1433 2236 1502 2269 Nos
1517 2239 1550 2268 &
1563 2236 1714 2278 Philippum
1728 2236 1842 2269 testium
1856 2238 2047 2279 Sereaifflmum
2061 2239 2260 2279 Hispaniarum
2267 2245 2320 2272 Re-

1264 2314 1448 2347 Su'cce'flores
1467 2316 1597 2354 nostros,
1612 2313 1670 2346 Pax
1685 2316 1719 2347 &
1734 2316 1887 2355 Amicitia,
1906 2316 1934 2346 in
1950 2325 2088 2347 aeternum
2098 2317 2154 2348 Dei
2164 2317 2326 2358 Beni-'gnita-

1265 2356 1293 2386 t'e
1306 2355 1435 2385 duratura
1442 2372 1463 2394 ,3
1472 2363 1521 2393 per
1534 2352 1754 2384 Commiflarios
1766 2354 1882 2393 ,nostros
1894 2354 2084 2386 sufficientem
2098 2355 2132 2386 ad
2149 2357 2177 2387 id
2192 2357 2330 2388 Autliori-

1265 2395 1357 2432 tatem
1376 2393 1512 2423 habentes
1527 2393 1610 2438 inita,
1622 2394 1663 2431 ’ὃς
1687 2393 1964 2432 posteajuramento
1983 2393 2082 2424 nostro
2103 2396 2246 2432 corporali
2261 2397 2331 2427 hinc

1267 2432 1335 2462 inde
1349 2429 1451 2471 sancita
1461 2431 1496 2461 fit
1508 2430 1541 2462 δε
1558 2428 1742 2469 confirmata3

1269 2479 1274 2483 ·
1303 2470 1402 2501 Sciatis
1418 2470 1500 2508 igitur
1517 2469 1599 2508 quod
1610 2468 1692 2509 Nos,
1711 2468 1829 2500 eandem
1838 2468 2003 2500 Amicitiam
2019 2471 2052 2501 δε
2067 2469 2174 2501 Pacem
2184 2481 2251 2502 cum
2261 2473 2329 2504 clia-

1269 2509 1378 2540 riffitno
1392 2506 1535 2548 Fratre&
1550 2505 1770 2546 Consanguineo
1785 2507 1901 2544 nostre,
1922 2506 2041 2547 Philippo
2049 2509 2105 2546 ejus
2112 2511 2239 2540 Nominis
2246 2523 2330 2552 quar-

1270 2558 1312 2586 co,
1329 2546 1457 2577 dei-‘unffi
1471 2545 1559 2584 Regis
1576 2544 1694 2585 Philippi
1709 2545 1780 2575 Filio
1789 2545 1911 2576 Haerede
1925 2546 2136 2578 &Succeffore
2146 2549 2206 2586 jam
2216 2560 2332 2588 regnan-

1269 2595 1315 2624 te,
1333 2586 1427 2625 colere
1447 2585 1480 2615 &
1495 2584 1690 2615 inviolabiliter
1709 2584 1855 2615 observare
1876 2583 2044 2623 statuentes,
2063 2588 2250 2624 praenobilem
2272 2588 2327 2619 Viss-

1270 2633 1348 2662 rum,
1360 2623 1493 2653 dilectum
1502 2626 1534 2652 ἕξ
1544 2621 1659 2653 fidelem
1671 2622 1871 2652 Confiliarium
1881 2622 1914 2652 ὃς
1925 2622 2183 2654 Vicecamerarium
2192 2626 2330 2666 nostrum,

1271 2662 1433 2702 Jehannem
1456 2665 1593 2691 Baranem
1615 2660 1718 2701 Digbye
1738 2660 1769 2690 de
1793 2660 1954 2698 Sherborne,
1980 2662 2013 2692 ὃ(
2042 2662 2203 2692 Gualterum
2225 2665 2333 2705 Aston,

1273 2701 1402 2732 Militem
1416 2700 1449 2732 δὲ
1464 2698 1648 2730 Baionettum
1665 2701 1803 2737 Legatum
1821 2698 1949 2728 nostrum
1970 2699 2058 2730 modo
2077 2702 2103 2730 iii
2119 2701 2250 2740 Hispania
2270 2703 2334 2734 refi-

1273 2740 1407 2776 dentem,
1425 2747 1557 2776 tanquam
1573 2738 1754 2777 praesentem,
1774 2735 1888 2766 nostros
1900 2747 1981 2767 veros
1999 2739 2031 2768 &
2051 2739 2218 2771 indubitatos
2237 2739 2332 2772 Com-

1274 2778 1411 2809 misiarios
1426 2777 1560 2807 Oratores
1583 2777 1617 2807 &
1639 2776 1760 2812 Legatos
1779 2775 1898 2813 fecimus
1916 2775 2114 2808 constituimus
2136 2779 2169 2808 ὅ(
2191 2779 2335 2812 ordinavi-

1273 2817 1353 2855 rnu's,
1371 2817 1466 2853 &per
1483 2815 1763 2845 Praesentest'acimus
1777 2813 1976 2844 constituimus
1991 2815 2023 2845 δε
2039 2815 2217 2855 ordinamus,
2239 2818 2332 2856 eisque

1274 2857 1387 2896 plenam
1403 2856 1436 2886 &
1450 2855 1653 2884 omnimodam
1669 2852 1842 2894 potestatem
1857 2852 1957 2883 damus
1969 2863 2036 2883 cum
2070 2854 2167 2885 raefato
2184 2855 2331 2887 Sereniffi-

1275 2894 1328 2925 mo
1342 2894 1536 2936 Hispaniamme
1552 2894 1638 2929 Rege,
1656 2891 1747 2929 ejuive
1761 2892 1842 2931 certis
1866 2891 2016 2928 Deputatis
2065 2893 2245 2924 ommissariis
2261 2894 2334 2925 Pro-

1274 2932 1451 2964 curatoribus
1464 2933 1497 2963 &
1514 2928 1862 2998 Nunciisquibuscunque
1873 2952 1882 2967 ,
1900 2929 2087 2960 sufficientem
2102 2931 2137 2962 ad
2154 2932 2182 2961 id
2194 2932 2334 2963 Authori-

1275 2981 1361 3003 tatem
1377 2970 1557 3006 habentibus,
1573 2969 1609 2998 de
1623 2970 1655 2999 &
1666 2969 1745 3005 iuper
1754 2968 1777 2997 F
1779 2978 1809 2998 oe
1830 2977 1894 3006 ere,
1913 2969 1984 2998 inter
1996 2969 2065 2999 Nos
2078 2971 2110 3001 ὃ(
2127 2970 2273 3007 praefatum
2281 2971 2334 3002 Se-

1276 3010 1450 3041 reniffimum
1472 3006 1674 3048 Hispaniarum
1694 3009 1810 3044 Regem,
1831 3006 1881 3036 sub
1907 3006 2003 3036 iisdem
2024 3007 2115 3038 Paciis
2136 3008 2281 3040 Amicitiae
2299 3012 2333 3042 &

1276 3047 1458 3080 Gor‘nmercii
1474 3046 1596 3085 Legibus
1609 3046 1642 3076 &
1657 3044 1880 3075 Conditionibus
1896 3046 2090 3077 continuando
2112 3047 2145 3077 &
2160 3047 2333 3078 confirman-

1276 3088 1332 3125 do,
1347 3088 1438 3131 deque
1452 3085 1509 3115 aliis
1526 3084 1739 3123 quibuscunque
1755 3083 1891 3122 Capitulis
1904 3084 1937 3113 δε
1952 3083 2102 3123 Articulis,
2117 3085 2152 3115 de
2177 3096 2256 3116 novo
2276 3087 2335 3116 for-

1277 3126 1349 3157 sit‘an'
1361 3123 1570 3164 proponendis,
1589 3124 1622 3154 ὃς
1638 3121 1809 3158 iar-„edietum
1825 3121 1932 3152 Foedus
1948 3123 2141 3159 quovismodo
2158 3133 2336 3155 concernen-

1276 3165 1351 3196 tibus
1361 3187 1370 3201 ,
1389 3165 1464 3202 juxta
1474 3160 1726 3199 sanum'Judicium
1742 3161 1825 3191 suum
1840 3161 1905 3192 vice
1920 3160 2014 3191 nostra
2029 3162 2260 3192 communicandi
2278 3172 2336 3194 tra-

1277 3202 1371 3234 &tandi
1387 3200 1418 3233 ὃς
1432 3201 1565 3241 finaliter,
1584 3198 1632 3239 per
1650 3199 1708 3229 Dei
1724 3198 1851 3229 Gratiam
1862 3222 1871 3235 ,
1889 3198 2096 3237 concludendi,
2115 3200 2147 3229 ὃ(
2160 3199 2210 3229 sub
2225 3200 2335 3231 Obser-
2382 3232 2387 3236 ,

1276 3243 1390 3274 vatione
1404 3239 1620 3275 Praemiisorum
1640 3237 1833 3268 'uramentum
1849 3237 1993 3274 corporale
2009 3239 2024 3267 a
2038 3238 2154 3275 praefato
2171 3237 2254 3276 Rege
2275 3240 2334 3269 exi-

1274 3277 1407 3320 gendi&
1422 3277 1590 3316 recipiendi,
1610 3247 1730 3314 N³0sque
1745 3277 1869 3306 invicem
1884 3275 1918 3305 ad
1940 3284 2152 3306 conventorum
2173 3276 2273 3307 Fidem
2286 3277 2334 3309 seu

1276 3316 1435 3360 Sponsione
1448 3317 1494 3348 seu
1509 3315 1618 3346 alterius
1634 3315 1825 3352 cujuscunque
1840 3312 1990 3343 Cautionis
2004 3314 2123 3344 vinculo
2138 3313 2254 3345 firmiter
2261 3316 2336 3347 obli-

1276 3356 1376 3401 gandi*³
1395 3353 1551 3394 caeteraque
1567 3353 1819 3391 omnia&smgula
1834 3351 1954 3381 faciendi
1963 3361 2027 3390 quae
2041 3354 2114 3382 circa
2124 3352 2268 3384 Praemiffa
2283 3365 2335 3385 ne-

1277 3391 1507 3429 cess'aria'fiierint
1521 3392 1565 3424 vel
1581 3391 1799 3430 quomodolibet
1810 3398 1987 3428 opportuna,
2005 3391 2113 3420 etiamsi
2126 3390 2160 3420 de
2173 3390 2218 3422 sua
2234 3391 2334 3432 Natu-

1277 3436 1307 3467 ra
1323 3430 1501 3466 Mandat-“um
1511 3431 1622 3469 exigant
1638 3429 1724 3468 magis
1735 3429 1852 3467 speciale
1867 3438 1952 3467 quam
1971 3430 2000 3458 in
2020 3429 2205 3460 Praesentibus
2221 3430 2262 3461 est
2284 3439 2334 3469 ex:

1223 3477 1229 3479 “
1275 3472 1421 3515 p'refflimg

1315 3510 1523 3544 Promittentes'
1530 3505 1606 3538 bona
1622 3504 1693 3537 Fide
1708 3506 1777 3537 &in
1787 3504 1886 3536 Verbo
1895 3503 1991 3540 Regio
1998 3527 2008 3542 ,
2026 3504 2095 3535 Nos
2109 3513 2201 3537 totum
2210 3506 2244 3537 &
2251 3504 2332 3545 quic:

1279 3551 1353 3591 qiiid·
1368 3550 1422 3588 perv
1432 3545 1562 3585 praefatos
1578 3545 1703 3581 Legatos
1715 3544 1851 3574 Oratores
1864 3543 1909 3572 seu
1919 3542 2137 3574 Commiffarios
2145 3544 2254 3576 nostros
2261 3546 2297 3576 N
2298 3557 2333 3577 o-

1279 3592 1359 3621 mine
1376 3586 1489 3622 nostro,
1504 3585 1602 3614 aetum
1614 3583 1762 3621 gestumve
1776 3582 1857 3611 fuerit
1866 3603 1873 3617 ‚
1882 3589 1974 3610 ratum
1985 3590 2095 3617 gratum
2104 3583 2137 3614 δε
2150 3582 2332 3615 firmumim-

1280 3635 1451 3669 perpetuum
1466 3624 1608 3654 habituros
1622 3623 1654 3652 ὃ(
1670 3622 1777 3651 realiter
1794 3619 2017 3658 perimpleturos.

1316 3705 1349 3735 In
1364 3701 1442 3741 cujus
1455 3699 1510 3742 Rei
1529 3694 1745 3742 Testimonium
1764 3696 1810 3726 lias
1832 3695 1938 3725 Literas
1954 3695 2066 3742 mitras⁸
2074 3696 2204 3729 Parentes
2224 3698 2333 3730 Manus

1280 3744 1385 3775 nostrae
1399 3740 1598 3781 sublcriptione
1615 3740 1802 3783 ligna-mmm,
1820 3736 1853 3766 ὃ(
1864 3733 1966 3773 Magni
1980 3735 2068 3774 bigilli
2082 3736 2171 3767 nostri
2187 3737 2333 3776 appenfio.

1281 3793 1319 3814 ne
1334 3782 1453 3813 fecimus
1473 3786 1586 3807 muniri.

1316 3856 1387 3889 Dat.
1405 3853 1478 3894 apud
1491 3849 1631 3882 Palatium
1644 3845 1762 3892 nost-rum
1778 3848 1886 3888 Westm.
1904 3848 2021 3880 decimo
2034 3851 2116 3882 tertio
2133 3851 2194 3883 Die
2216 3850 2334 3891 Martii,

1282 3896 1370 3926 Anno
1386 3892 1508 3925 Domini
1525 3888 1673 3920 millesimo
1689 3889 1890 3931 iexcenteiimo
1904 3889 2044 3921 vicesimo
2066 3888 2161 3930 primo
2180 3891 2333 3922 secundum

1281 3935 1386 3965 Stilum
1402 3931 1529 3969 Angli-x,
1548 3929 1647 3965 Regni
1661 3933 1732 3958 veto
1748 3926 1836 3956 nostri
1856 3924 1974 3964 Magnae
1990 3926 2138 3959 Britanniae
2156 3928 2283 3960 Franciae
2301 3930 2334 3959 ὃς

1282 3972 1432 4004 Hiberniae
1448 3970 1564 4001 decimo
1579 3975 1671 3996 nono.

1550 4045 1601 4073 Per
1615 4039 1699 4080 ipsum
1717 4043 1811 4115 Βεξνὲι
1819 4040 1930 4080 proprid
1950 4043 2043 4074 Manu
2052 4041 2105 4083 fica
2113 4040 2269 4104 figmtunss',
2286 4086 2309 4114 Ρ

1828 4094 1839 4123 3
2310 4095 2339 4115 '¹⁴⁰

1300 2202 1303 2205 Ι
1330 2162 1414 2193 Cum
1431 2162 1520 2198 olim,
1537 2161 1651 2203 decimo
1670 2158 1777 2192 ottavo
1795 2160 1929 2193 videlicet
1944 2161 1989 2192 die
2009 2161 2145 2202 Augusti,
2162 2166 2250 2195 Anno
2273 2168 2325 2196 Sa·
2349 2173 2424 2204 Αῃῃ,
2437 2173 2477 2204 Γ),

1262 2199 1328 2231 lictis
1344 2199 1476 2240 millesimo
1483 2199 1675 2239 sexcentefimo
1688 2205 1804 2241 quarto,
1823 2202 1851 2231 in
1873 2200 1965 2239 Regia
1980 2202 2075 2232 nostra
2094 2201 2218 2233 Civitate
2240 2203 2323 2234 Lon‘-
2366 2214 2452 2242 1622,

1259 2278 1319 2315 gerii
1341 2279 1446 2314 nuper,
1471 2277 1550 2316 quod
1574 2276 1702 2307 dolentes
1725 2277 1887 2316 referimus,
1902 2277 2084 2309 Defunetum
2098 2301 2107 2316 ,
2134 2279 2270 2311 Haeredes
2286 2283 2320 2313 ὃς
2345 2254 2444 2319 „212¹ss
