2557 4279
752 166 863 211 ET
959 171 1218 213 ACTA

1311 158 1788 218 PUBLICA,
2252 199 2332 234 219

34 250 107 288 jann.
121 253 163 285 D.
182 262 267 294 every
287 254 324 299 of
340 254 421 285 thern
437 255 446 292 ἦ
472 255 561 285 theire
574 254 629 284 and
647 265 731 296 every
748 256 784 286 of
795 257 885 286 theire
900 256 1177 300 Herses-Executors
1190 257 1244 286 and
1284 258 1368 287 valier
1390 258 1520 288 Edounrd
1545 260 1647 297 Coke,
1664 261 1702 296 ὠ,
1718 263 1735 291 ὰ
1751 262 1850 292 charmi
1865 265 1942 293 d‘eux
1956 288 1964 301 ⁷
1980 266 1997 294 ἡ
2013 265 2080 295 [curs
2096 266 2133 300 (ἐν
2148 270 2166 294 ά
2181 266 2278 296 chacun
2297 268 2328 296 de
2344 270 2416 299 Ληη,
2431 271 2468 300 D,

54 292 142 324 1621.
177 289 418 331 Admynistrators
433 315 442 330 ‚
464 293 521 323 that
542 293 607 333 they
626 294 679 324 and
694 304 777 333 every
791 295 827 324 of
837 295 932 332 them,
951 296 1024 325 tlietr
1035 296 1087 325 and
1103 305 1186 333 every
1201 295 1237 325 of
1273 295 1343 325 leurs
1362 298 1497 324 He'ritiers
1512 319 1521 333 ‚
1546 300 1711 327 Exe'cuteurr
1733 299 1770 333 (332u
1786 302 2030 341 ‘administram-5
2041 326 2048 339 ,
2065 305 2161 343 qu'eux
2176 304 2213 338 ὠ»
2228 305 2326 334 chacun
2358 310 2443 337 1621.

34 331 147 367 19JacJ

13 1996 91 2029 ffinn.
104 1997 148 2029 D.

35 2036 125 2068 1621.

15 2078 74 2104 ΡΜ.
99 2086 142 2111 ι9.

14 2113 125 2151 J.1.p.

15 2160 62 2187 22:
80 2161 143 2187 n.7.

15 2649 36 2671 0
51 2650 147 2678 xvn.

16 2697 79 2726 337·

155 355 161 362 .
175 330 247 361 their
268 330 377 368 Lands,
394 330 592 368 Tenements,
612 330 841 363 Hereditaments
858 356 867 369 ,
886 332 990 363 Goods
1004 334 1057 362 and
1074 332 1229 370 Chattells,

175 368 212 398 be
226 369 263 398 of
273 368 326 398 and
343 370 420 399 from
437 369 469 398 all
485 369 601 399 Afflons
618 369 815 400 Informations
829 371 904 401 Suits
920 371 1036 410 Clayms
1048 370 1226 408 imperitioris

172 406 333 444 Trcspasses
353 406 496 437 Troubles
517 407 657 446 Damages
673 409 834 445 Accompts
850 408 978 444 charges
991 409 1044 437 and
1063 408 1227 438 Demaunds

173 444 348 476 whatsoever
375 444 411 474 of
429 445 482 474 and
498 447 671 483 concerning
693 448 741 476 the
758 446 908 476 Premisies
924 455 958 474 or
976 457 1029 485 any
1046 456 1103 483 part
1118 457 1152 476 or
1168 456 1229 484 par-

173 483 225 513 cell
239 482 355 512 thereos
366 507 374 519 ‚
398 483 501 521 against
526 483 572 513 Us
595 494 648 514 our
662 484 763 514 Heires
779 484 833 513 and
850 484 1030 522 Successom,
1050 485 1159 515 cleerlie
1173 485 1226 514 and

170 519 325 587 1absolutely
341 521 482 559 acquitted
495 521 610 552 released
626 521 681 551 and
696 521 857 560 discharged
872 521 915 551 for
932 532 998 552 ever
1015 523 1051 560 by
1067 523 1142 553 these
1159 522 1227 552 Pre-

182 567 250 588 ems,

208 595 277 626 And
292 596 398 626 further
411 607 474 634 we,
493 597 529 627 of
541 607 593 627 our
606 597 732 634 especiall
747 596 841 627 Grace
860 619 870 634 ‚
894 605 1026 636 certayne
1043 596 1225 636 Knowledge

169 634 224 664 and
238 644 312 664 meet
333 635 451 665 Motion
467 658 477 673 ‚
500 635 554 666 doe
572 636 610 675 by
631 635 707 666 these
724 635 865 670 Presenm,
883 634 928 664 for
945 645 976 664 us
987 645 1040 664 our
1055 635 1157 665 Heire÷
1172 636 1225 665 and

171 672 349 709 Succeffors,
368 682 466 712 graunt
481 682 550 703 unto
566 674 614 702 the
627 673 679 703 said
696 672 806 702 Lionell
818 673 899 702 Lord
910 671 1053 710 Cranfeila'
1067 696 1076 710 ,
1099 674 1231 702 Edward

170 711 247 740 Earl
261 711 289 750 of
305 711 462 751 Wroester,
482 712 524 739 W
524 710 609 740 illium
625 710 701 740 Earl
712 709 747 749 of
760 710 902 740 Pembroke
919 733 928 748 ‚
953 711 1035 749 John
1058 712 1138 740 Lord
1156 715 1226 748 Dig-

170 748 219 787 by,
239 749 322 779 Fulke
336 749 417 778 Lord
428 749 548 786 Brooke,
566 749 621 779 and
635 753 678 778 Sir
692 749 793 778 Robert
814 750 953 778 Naunton
969 749 1023 778 and
1037 751 1080 778 Sir
1096 749 1229 778 Edward

169 788 256 825 Coke,
276 787 415 825 Knights,
435 786 489 816 and
503 797 589 827 every
604 787 640 817 of
650 787 729 817 them
739 809 748 824 7
766 787 820 817 and
835 796 918 826 every
933 786 969 816 of
977 787 1049 817 their
1063 786 1161 817 Heires
1169 787 1224 817 Ex-

168 835 282 857 ecutors
301 825 355 854 and
379 824 619 863 Admynistrators
632 847 640 862 ,
668 826 727 854 that
750 824 826 854 these
851 835 904 855 our
921 824 1031 854 Letters
1049 824 1175 861 parents,
1193 834 1225 854 or

168 863 220 894 the
240 862 406 893 Intollment
428 863 546 893 thereof
555 885 565 900 ‚
594 863 662 893 ffiall
684 864 720 892 be
733 861 846 901 agaynst
861 872 891 892 us
905 872 958 892 our
971 862 1071 892 Heires
1084 864 1137 893 and
1154 864 1226 893 Suc-

167 901 274 931 ceffors
285 922 294 937 ‚
322 911 336 930 a
352 900 402 930 full
423 900 477 930 and
494 899 632 931 sufficient
646 900 800 938 Discharge
813 900 868 930 and
883 900 1072 937 Aequittance
1088 910 1159 931 unto
1175 901 1225 931 the

166 939 221 969 said
240 938 352 968 Lionell
364 938 443 967 Lord
454 938 616 976 Cranfiila',
634 938 766 968 Edward
778 937 852 967 Earl
864 936 900 976 os
912 938 1072 977 Mnester,
1094 939 1222 969 William

166 976 245 1006 Earl
258 975 294 1016 of
312 976 455 1006 Pembroke
472 1001 481 1014 ‚
506 977 587 1016 John
601 977 681 1007 Lord
694 976 813 1015 Digbye,
832 976 917 1006 Fulke
934 977 1014 1006 Lord
1026 977 1148 1015 Brooke,
1165 975 1220 1007 and

165 1019 211 1045 Sir
234 1015 334 1044 Robert
354 1016 492 1044 Naunton
517 1016 571 1045 and
594 1019 636 1045 Sir
654 1014 785 1044 Edward
804 1015 890 1053 Coke,
908 1013 1049 1054 Knights,
1067 1016 1122 1045 and
1136 1025 1221 1058 every

164 1053 202 1083 of
211 1054 309 1091 them,
327 1053 400 1083 their
414 1053 469 1083 and
490 1063 574 1094 every
596 1055 631 1084 of
642 1053 716 1083 their
731 1052 832 1083 Heires
848 1052 1021 1092 Executors,
1037 1054 1093 1084 and
1111 1054 1222 1098 Admy-

163 1090 308 1121 nistrators
329 1091 383 1122 and
407 1101 491 1130 every
513 1092 548 1122 of
562 1092 641 1123 them
656 1114 666 1128 ,
693 1092 738 1122 for
754 1090 808 1121 and
822 1093 996 1131 concerning
1012 1092 1058 1122 the
1074 1092 1221 1122 Premisses

162 1129 218 1159 and
232 1139 316 1169 every
339 1138 400 1168 part
418 1130 474 1160 and
497 1131 599 1168 parcell
614 1129 750 1166 thereos,
765 1130 795 1159 in
810 1129 844 1159 all
858 1130 913 1160 and
930 1140 1014 1169 every
1031 1130 1079 1160 the
1094 1129 1221 1167 Coutts,

161 1167 218 1198 and
231 1167 328 1199 before
348 1177 401 1206 any
421 1169 469 1199 the
483 1168 604 1208 Justices
626 1168 729 1198 Barons
745 1167 782 1197 of
796 1167 845 1198 the
865 1167 1053 1207 Exchequer²
1070 1169 1125 1198 and
1139 1169 1221 1198 other

167 1205 296 1237 Officers
315 1207 352 1237 of
369 1206 417 1238 Us
438 1217 490 1237 our
507 1207 609 1237 Heires
628 1206 682 1237 and
698 1206 859 1236 Successors
871 1207 1064 1244 whatsoever,
1082 1206 1137 1237 and
1155 1206 1223 1237 shall

163 1244 201 1274 be
223 1244 376 1275 construed
400 1244 477 1275 most
500 1245 645 1276 beneficial
671 1244 725 1275 and
749 1245 898 1275 availeable
920 1247 948 1275 in
962 1245 1012 1276 the
1027 1245 1114 1276 Lawe
1130 1253 1160 1274 to
1174 1245 1220 1274 the

165 1281 228 1313 best
242 1283 346 1314 benefit
360 1283 415 1314 and
431 1283 554 1314 behoofe
567 1284 604 1313 of
614 1284 693 1314 them
705 1283 755 1313 the
769 1282 821 1313 said
841 1282 955 1313 Lionell
967 1283 1047 1313 Lord
1059 1281 1221 1323 Cranfeild‚

164 1321 299 1350 Edward
320 1321 409 1351 Earle
428 1320 464 1361 of
481 1321 639 1361 Wrcester,
668 1324 710 1351 W
709 1320 797 1350 illium
814 1321 902 1351 Earle
918 1320 954 1360 of
967 1322 1123 1360 Pembroke,
1138 1320 1220 1360 John

164 1360 245 1388 Lord
262 1360 365 1398 Digbye
379 1384 388 1397 ,
413 1359 482 1390 Fulk
507 1361 585 1390 Lord
597 1361 699 1390 Brvoke
715 1381 724 1397 ,
749 1359 804 1389 and
820 1363 862 1389 Sir
878 1361 979 1390 Robert
995 1361 1147 1397 Numitori,
1167 1359 1221 1389 and

162 1399 209 1426 Sir
223 1398 354 1428 Edward
368 1399 455 1437 Coke‚
472 1397 612 1437 Knights‚
631 1399 686 1428 and
702 1407 786 1437 every
803 1399 840 1427 of
852 1399 947 1436 them,
966 1399 1054 1429 theire
1068 1398 1124 1429 and
1141 1407 1222 1437 every

163 1435 203 1465 of
218 1436 305 1467 theire
325 1437 409 1466 Heirs
425 1459 434 1474 ,
460 1436 616 1467 Executors
633 1459 641 1473 ‚
665 1436 721 1467 and
742 1435 984 1474 Admynistrators
1000 1460 1009 1473 ,
1024 1437 1078 1466 and
1093 1446 1176 1474 every
1191 1437 1227 1466 of

163 1473 263 1512 them3
284 1485 337 1514 any
354 1475 460 1505 Statute
472 1473 598 1505 Custom
616 1475 781 1505 Ordinance
797 1473 947 1513 Restraynt
962 1473 1050 1504 Cause
1065 1474 1172 1504 Matter
1185 1484 1220 1504 or

164 1511 314 1543 Provifion
334 1512 389 1544 had
412 1512 494 1543 made
512 1513 655 1554 ordayned
676 1524 709 1544 or
733 1512 870 1550 provided
891 1522 924 1545 to
948 1513 996 1545 the
1014 1521 1143 1551 contrary
1157 1521 1221 1543 not-

163 1550 389 1589 withstandinge.

203 1624 238 1656 In
251 1627 350 1659 witnes
357 1649 367 1666 ,
385 1626 446 1663 &a

203 1702 321 1772 Vlgitnes
341 1713 394 1735 our
413 1702 480 1735 selfe
499 1712 526 1736 at
545 1704 726 1745 Wstminster
740 1729 750 1744 ,
777 1705 825 1737 the
845 1705 1002 1739 thirteenth
1026 1705 1086 1738 daie
1108 1705 1144 1737 of
1153 1704 1224 1738 No-

162 1749 228 1772 vem
250 1751 287 1772 er·
663 1784 718 1812 Per
732 1784 824 1812 Breve
838 1782 870 1812 de
886 1785 1004 1813 Privato
1019 1781 1120 1821 Sigillo.

318 1904 471 1950 Restitutio
485 1907 708 1954 Temporalium
718 1918 772 1954 pro
789 1907 924 1953 Episcopo
944 1907 1074 1940 Lincoln.

164 1993 284 2051 REX
303 1993 445 2024 Escaetori
460 1992 510 2023 suo
525 1993 553 2022 in
569 1991 720 2023 Comitatu
738 1992 918 2030 Lincolniae,
938 1992 1074 2024 Salutem.

261 2032 390 2063 Vacante
404 2041 492 2068 nuper
506 2030 578 2061 Sede
592 2031 750 2069 Episcopali
768 2031 978 2069 Lincolniensi,
988 2041 1037 2071 per
1048 2031 1222 2062 Transsatio-

161 2078 231 2100 nem
249 2071 343 2101 ultimi
366 2069 499 2106 Episcopi
516 2069 622 2099 ibidem
636 2091 646 2106 ,
669 2069 705 2099 ad
718 2069 922 2107 Episcopatum
940 2070 1074 2100 London.
1094 2074 1220 2100 Decanus

159 2105 198 2141 ὠ·
213 2108 369 2147 Capitulum
384 2107 520 2138 Ecclefiae
537 2106 715 2138 Cathedralis
733 2108 869 2138 Lincoln.
888 2108 1033 2146 praedierae
1051 2131 1061 2146 ‚
1088 2108 1221 2140 Licentia

158 2147 256 2177 nostra
275 2147 361 2185 petita
374 2147 477 2184 pariter
490 2146 523 2177 &
536 2145 655 2176 obtenta
664 2170 673 2183 ,
692 2146 887 2184 praedilecstum
909 2147 942 2177 &
956 2156 1093 2184 perquam
1107 2147 1219 2177 fidelem

159 2183 364 2216 Consiliariutn
391 2184 519 2215 nostrum
537 2207 547 2222 ,
579 2183 740 2222 Johannem
767 2183 907 2214 Williams
933 2184 1025 2215 Sactae
1046 2185 1220 2224 Theologiae

157 2221 372 2260 Profefforem‚
388 2222 493 2260 Magni
508 2222 598 2261 Sigilli
610 2222 698 2253 nostri
720 2222 833 2261 Angliae
855 2221 1016 2253 Custodem
1034 2245 1040 2255 ,
1068 2224 1097 2253 in
1119 2233 1220 2254 eorum

161 2260 339 2300 Episcopum
353 2263 386 2292 &
399 2261 547 2291 Pastorem
562 2261 727 2299 elegerunt;
746 2260 805 2291 Cui
818 2261 933 2299 quidem
950 2260 1092 2292 Elestioni
1106 2262 1138 2292 ὃς
1154 2262 1223 2293 Per-

157 2299 234 2330 sonae
254 2300 292 2331 fic
307 2300 406 2330 eleetae
423 2299 551 2334 Regium
568 2299 716 2329 Affensum
735 2299 865 2330 nostrum
880 2300 1058 2330 adhibuimus
1073 2301 1172 2338 pariter
1187 2302 1220 2331 &

158 2338 290 2369 favorem
299 2363 308 2376 ,
326 2338 461 2375 ipsiusque
469 2337 492 2367 F
494 2337 643 2368 idelitatem
657 2338 740 2368 nobis
755 2337 878 2368 debitam
893 2347 947 2376 pro
961 2337 1041 2369 dieto
1049 2337 1218 2378 Episcopatu

155 2376 291 2408 Lincoln.
308 2377 394 2415 usque
409 2376 578 2407 vicesimum
593 2384 726 2414 quartum
741 2376 819 2406 diem
828 2375 1002 2406 Decembris
1019 2377 1152 2413 proximo
1173 2377 1218 2407 fu-

156 2423 254 2446 turum
275 2415 405 2446 duximus
426 2414 652 2452 respee'ruandam
668 2437 678 2452 ,
702 2424 735 2444 ac
756 2414 962 2452 respeemamus
977 2415 1027 2445 nisi
1051 2424 1114 2446 ante
1129 2415 1218 2446 Diem

156 2453 237 2484 illum
253 2453 338 2485 fidem
350 2452 528 2491 praestiterit‚
546 2463 596 2490 per
612 2452 762 2484 Praesentes
780 2475 789 2490 ‚
814 2452 998 2491 Temporalia
1015 2453 1136 2490 ejusdem
1150 2453 1219 2493 Epi-

159 2491 291 2530 scopatus
301 2492 435 2522 Lincoln.
445 2491 591 2529 (Exceptis
603 2492 736 2522 omnibus
752 2491 886 2521 Maneriis
894 2491 1007 2529 ‚Terris
1016 2514 1026 2530 ‚
1034 2492 1220 2522 Tenementis

158 2531 193 2561 &
218 2530 466 2560 Haereditarnentis
487 2539 555 2560 cum
579 2530 751 2568 pertinentiis
765 2554 774 2566 ‚
800 2530 937 2567 praedidio
953 2529 1133 2567 Episcopatui
1150 2531 1221 2560 Lin-

158 2568 235 2599 coln.
261 2568 372 2599 dudum
386 2568 573 2605 speetantibus
586 2569 619 2598 &
634 2568 838 2606 pertinentibus
852 2592 862 2606 ,
884 2568 975 2598 modo
996 2569 1024 2597 in
1048 2577 1145 2598 manus
1168 2579 1221 2598 no-

161 2607 246 2644 stras,
265 2608 292 2637 vi
313 2616 364 2636 ore
379 2606 522 2643 cujusdam
536 2605 627 2637 Αᾶὖε
640 2606 838 2643 parliamenti,
858 2607 946 2637 Anno
969 2606 1066 2644 Regni
1082 2606 1222 2637 Dominae

163 2646 183 2666 ³*
205 2645 292 2675 Eliza
311 2645 381 2675 ethae
402 2654 484 2684 nuper
504 2647 612 2682 Reginae
633 2644 747 2682 Angliae
763 2646 876 2683 primo,
892 2644 956 2674 inde
973 2645 1039 2675 editi
1057 2647 1090 2677 &
1104 2646 1223 2683 provisi,

163 2684 259 2715 cleeris
277 2684 311 2715 &
339 2684 425 2721 captis
439 2706 449 2722 ,
471 2683 491 2713 fi
513 2692 577 2721 quae
600 2683 763 2721 hujusmodi
783 2683 835 2713 sint
855 2706 864 2721 ,
889 2693 923 2713 ac
945 2684 975 2713 in
999 2683 1148 2714 Scaccario
1170 2694 1224 2714 no-

164 2722 224 2754 stro
237 2723 273 2752 de
287 2721 429 2752 Recordo
445 2722 690 2759 remanentibus‚)
709 2722 734 2750 ei
748 2720 921 2752 restituimus
933 2730 981 2759 per
995 2722 1147 2759 praesentes.

201 2758 238 2791 Et
260 2760 326 2791 ideo
347 2760 397 2790 tibi
414 2761 595 2797 praecipimus
609 2760 690 2797 quod
704 2759 796 2790 eidem
819 2758 915 2788 Εἶεέῖο
926 2782 936 2798 ,
951 2760 1135 2798 Temporalia
1154 2770 1224 2798 prae-

162 2799 236 2830 dieta
251 2809 318 2830 cum
333 2799 503 2837 pertinentiis
515 2799 544 2827 in
558 2797 660 2829 Balliva
671 2806 717 2829 tua
735 2798 870 2835 (exceptis
885 2800 1076 2836 praeexceptis)
1091 2800 1144 2829 una
1155 2809 1222 2829 cum

161 2837 293 2869 Exitibus
309 2839 342 2868 &
354 2835 491 2867 Proficuis
508 2835 591 2873 inde,
607 2836 623 2865 a
637 2836 683 2865 die
696 2835 901 2866 Transsationis
914 2837 1005 2867 ultimi
1019 2837 1152 2875 Episcopi
1168 2839 1223 2867 ibi-

161 2876 228 2907 dem
237 2901 247 2913 ,
266 2875 409 2913 hucusque
424 2874 656 2911 provenientibus
670 2874 727 2904 five
739 2873 925 2905 crescentibus
937 2897 947 2912 ‚
962 2875 1066 2913 absque
1081 2885 1223 2913 computo

161 2915 207 2945 seu
221 2915 315 2952 aliquo
329 2913 385 2943 alio
400 2912 521 2950 proinde
538 2912 637 2942 Nobis
652 2912 822 2942 Haeredibus
837 2912 870 2943 &
892 2912 1107 2944 Succefforibus
1119 2915 1222 2944 nostris

161 2952 306 3020 ‘eddffiss'
321 2950 458 2982 solvendo
473 2951 519 2982 vel
534 2951 666 2981 faciendo
675 2973 685 2989 ,
703 2950 760 2981 fine
773 2950 907 2981 dilatione
921 2951 1020 2982 liberes
1034 2962 1040 2982 ε
1067 2952 1143 2984 salvo
1154 2953 1222 2992 Jure

162 3000 228 3029 cuju
252 3000 260 3019 1
299 2997 319 3019 t.

197 3065 289 3098 Teste
301 3064 384 3105 Rege
397 3064 472 3103 apud
489 3063 749 3105 Westmonasterium
756 3089 766 3105 ‚
779 3066 916 3099 vicesimo
931 3065 977 3096 die
999 3065 1187 3098 Novembris.

843 3145 896 3172 Per
911 3142 994 3182 ipsum
1009 3146 1114 3181 Regem.

163 3219 333 3253 Confimilia
361 3218 460 3250 Brevia
478 3217 635 3257 diriguntur
653 3218 849 3251 Escaetoribus
870 3219 1024 3257 subscriptis
1047 3221 1076 3250 in
1097 3221 1220 3259 seperali-

213 3259 265 3288 bus
284 3257 478 3288 Comitatibus
496 3257 667 3297 subscriptis,
689 3258 741 3290 sub
759 3258 836 3290 Data
850 3258 1003 3297 praedicta
1018 3259 1166 3298 videlicet,

198 3335 341 3374 Eftaetori
350 3332 401 3373 fito
415 3337 446 3364 in
459 3337 531 3364 Com.
550 3333 657 3372 Suffiac,

199 3373 398 3413 Efiaetorifito
411 3384 440 3401 tn
456 3374 528 3402 Com.
543 3374 627 3402 Nott.

199 3410 397 3452 Efiaetorifito
411 3414 439 3440 in
456 3414 519 3440 Com
542 3413 634 3440 Hunt.

198 3452 340 3490 Escaetori
347 3449 397 3489 fi·'⁰
410 3453 440 3478 in
454 3453 525 3478 Com.
544 3448 730 3479 Carmerthen.

200 3489 400 3530 Escaetorifico
413 3491 443 3517 in
457 3491 528 3517 Com.
550 3490 621 3517 Leic.

197 3565 238 3597 Et
260 3564 424 3597 mandatum
445 3564 486 3594 est
510 3563 652 3594 Militibus
664 3587 674 3600 ,
700 3562 808 3593 Liberis
827 3562 1018 3605 Hominibus,
1036 3566 1070 3597 &
1084 3567 1217 3599 omnibus

163 3604 221 3635 aliis
235 3605 414 3634 Tenentibus
429 3604 463 3633 de
479 3602 647 3641 Episcopatu
662 3601 797 3632 Lincoln.
816 3603 1057 3642 praedieto‚quod
1070 3606 1161 3636 eidem
1178 3608 1219 3635 Ε-

164 3642 250 3680 leon,
269 3651 400 3679 tanquam
415 3640 560 3679 Episcopo
575 3642 608 3672 &
624 3640 759 3671 Domino
779 3639 828 3670 suo
838 3663 847 3677 ‚
866 3642 893 3670 in
907 3644 1042 3674 omnibus
1055 3653 1118 3682 quae
1131 3645 1164 3674 ad
1180 3644 1218 3674 E-

164 3682 341 3718 piscopatum
357 3680 526 3718 ρτεεᾱίἃυιῃ
544 3680 684 3719 pertinent
703 3701 713 3718 ‚
732 3677 911 3711 Intendentes
928 3680 980 3713 sint
994 3705 1005 3720 ,
1033 3681 1221 3721 Responden-

167 3725 208 3749 tes
222 3721 255 3751 ὃς
268 3718 439 3749 Auxiliantes
455 3726 540 3757 prout
555 3717 645 3749 decet.

204 3792 241 3823 In
255 3795 332 3830 cuius
344 3796 401 3832 rei,
417 3795 480 3826 &c.

209 3866 295 3900 Teste
306 3867 389 3907 Rege
404 3877 438 3901 ut
451 3870 539 3910 supra.·

195 4095 268 4125 rom.
283 4095 312 4126 V
311 4095 355 4128 Η.
370 4094 405 4131 P,
419 4095 480 4129 111,

1274 333 1358 377 d’oux
1374 356 1382 371 ‚
1405 334 1475 363 leurs
1492 334 1534 371 ὠ
1557 334 1683 365 clocca-unes
1705 338 1736 365 de
1757 337 1824 367 leurs
1841 343 1933 369 Ter-res
1947 365 1955 376 7
1982 342 2103 379 Illassom·
2120 365 2128 379 ‚
2156 343 2299 378 Hc‘ritages
2314 365 2323 380 ,
2339 349 2468 385 ¹9Jacai

1272 373 1354 400 Biens
1366 371 1403 405 (ἐν
1419 371 1541 400 Meuhles
1552 372 1642 410 soient
1656 377 1827 414 entierement
1841 376 1878 410 ff}
1893 378 2058 414 absolumeut
2073 382 2204 418 acquitte's
2218 403 2226 416 ‚
2250 380 2323 409 rold-

1274 409 1347 446 che's‚
1363 416 1400 452 Q·
1416 409 1553 446 discharge}
1567 410 1584 437 ci
1604 418 1721 445 toulours
1738 421 1791 450 par
1804 414 1842 442 lex
1858 415 1997 453 Prcssntes
2014 440 2022 453 ,
2040 418 2072 446 de
2089 426 2175 447 tontes
2188 420 2324 455 Affions,

1271 448 1477 487 Per-qrrisiti'ons,
1495 448 1608 486 Proce‘s,
1626 450 1795 491 ‚Demm‘des‘
1815 451 1921 489 De‘lits,
1940 454 2074 483 Embaras
2091 477 2100 492 ‚
2121 458 2277 493 Domumges
2291 456 2323 485 de

1268 489 1401 523 Comptcs,
1412 484 1591 523 Accufiztions
1609 494 1645 520 εγ
1664 487 1831 516 Proici-nimis
1844 491 2015 528 ‹juelronques
2031 492 2048 520 (Ξ
2066 504 2092 520 ce
2103 493 2175 530 [ujet
2187 518 2195 531 ‚
2210 496 2244 524 du
2259 502 2317 524 tout

1269 521 1308 556 &v
1324 523 1356 552 de
1369 523 1468 562 chaque
1478 528 1566 561 prece,
1585 532 1674 554 contre
1689 535 1767 562 nous,
1787 537 1834 554 nos
1849 529 1984 556 He‘ritiers
1997 528 2033 563 ὠ
2051 531 2216 570 Succcffcurs.

1308 599 1350 627 Et
1372 609 1437 627 nous
1459 600 1595 629 accora'ous
1616 600 1647 629 de
1664 600 1724 637 plus
1738 623 1747 637 ‚
1766 601 1798 629 de
1811 608 1887 630 notre
1896 613 1973 639 grace
1982 602 2115 642 speciale,
2135 608 2313 646 counoiff‘ance

1268 640 1388 664 vcertaine
1403 637 1440 671 (jv
1452 638 1482 666 de
1499 646 1575 667 notre
1584 647 1636 676 pur
1652 646 1822 668 mou-voment
1832 661 1839 674 ,
1855 649 1908 678 par
1924 652 1962 669 ces
1979 641 2135 680 Pressa-tes,
2150 654 2215 681 pom·
2232 658 2297 676 nous

1269 684 1315 702 nos
1331 677 1467 704 Horitiers
1483 675 1520 710 (ἔγ
1537 676 1694 714 Succeffi’urs
1707 699 1716 714 ‚
1741 678 1853 713 auxdtts
1873 678 1983 707 Lionell
2004 677 2079 708 Lord
2097 683 2240 712 &aufe-ald
2251 707 2259 720 ,
2277 669 2318 713 Εἰ

1270 710 1375 741 douard
1391 713 1498 744 Comte
1515 714 1550 744 de
1565 714 1733 745 worcester
1748 738 1757 752 ‚
1786 714 1951 744 Guillaume
1965 716 2073 746 Comte
2089 718 2122 748 de
2140 720 2319 758 Pembroke,

1264 748 1336 785 Jean
1364 749 1444 780 Lord
1468 752 1566 791 Digby
1582 775 1592 790 ,
1616 752 1704 783 Fulke
1727 753 1803 782 Lord
1829 752 1965 790 Brooke,
1987 754 2013 783 le
2037 754 2184 786 Chevaller
2210 762 2321 790 1<0berr

1268 786 1411 817 Naunton
1428 794 1452 818 δε
1470 790 1496 820 le
1513 790 1664 820 Chevalier
1686 790 1818 821 Edouard
1835 790 1921 821 Coke
1935 814 1943 829 ‚
1970 790 2007 826 ὠν
2023 791 2040 820 ἂ
2056 792 2154 824 chacun
2167 796 2246 825 d‘eux
2280 797 2319 832 ὦ,

1267 823 1286 851 ἃ
1300 824 1401 855 chacun
1422 827 1455 856 de
1477 827 1547 858 leurs
1568 829 1704 857 He‘ritiers
1721 853 1730 866 ,
1748 832 1917 858 Exe‘cuteurs
1935 826 1972 863 ῤ’
1986 821 2318 874 Adirlinssr⁴ateu7‘5‚²que

1266 873 1313 891 nos
1329 866 1442 894 Lem-es
1459 868 1590 896 patentes
1605 877 1637 894 ou
1660 866 1718 896 leur
1734 867 1950 905 enregistrement
1962 866 2109 935 Jfhrw'ront
2135 879 2222 899 contre
2238 884 2318 910 nous,

1267 911 1313 945 nos
1330 904 1466 932 Hcsritiers
1485 903 1523 938 ᾤ’
1541 903 1716 942 Succeffiurr,
1736 905 1768 934 de
1784 905 1925 943 Dc'charge
1941 915 1961 945 p
1974 910 2030 935 eine
2045 905 2083 941 (ἂν
2093 906 2234 945 fisffi'sante
2249 922 2319 940 aux-

1267 939 1326 982 dzts.
1350 940 1462 971 Lionell
1488 942 1565 972 Lord
1595 942 1739 973 Cranfeild
1756 967 1765 980 ‚
1790 943 1921 974 Edouard
1943 944 2051 974 Comte
2072 945 2108 976 de
2132 946 2295 977 &Vorcester
2310 969 2319 985 ,

1266 975 1432 1008 Guillaume
1448 976 1557 1010 Comte
1569 979 1604 1009 de
1620 979 1797 1018 Pembroke,
1814 981 1884 1019 Jean
1904 982 1979 1011 Lord
1997 982 2095 1021 Digby
2112 1005 2121 1019 ‚
2144 984 2232 1014 Fulke
2245 984 2321 1016 Lord

1264 1012 1376 1045 Brooke
1389 1038 1397 1053 ,
1423 1017 1446 1046 le
1461 1017 1610 1048 Chevalier
1627 1017 1737 1049 Robert
1753 1019 1893 1049 Naunton
1919 1022 1951 1051 &
1971 1021 1997 1050 le
2016 1021 2168 1051 Chevalier
2189 1021 2321 1053 Edoztatd

1265 1051 1363 1090 Coke,
1387 1052 1424 1088 ό
1439 1054 1456 1083 ἃ
1472 1055 1571 1086 chacun
1588 1055 1764 1094 d'eux‚leurs
1781 1055 1818 1091 ῤ’
1835 1057 1934 1087 chacun
1952 1058 1983 1087 de
1999 1057 2068 1089 leurs
2082 1061 2232 1098 Hesi-iners,
2243 1063 2321 1091 Exe‘-

1265 1099 1368 1135 cuteurs
1382 1092 1420 1127 (ἐν
1439 1094 1685 1134 Administrateurs
1707 1095 1744 1130 ὅ)
1769 1095 1868 1126 chacun
1884 1097 1966 1125 d'eux
1976 1120 1984 1134 ,
1999 1106 2064 1134 pour
2081 1105 2168 1128 toutes
2183 1098 2219 1127 les
2235 1099 2320 1139 thasos

1265 1130 1386 1168 ct-deffits
1408 1135 1586 1163 mentionndes
1609 1131 1646 1167 (ὧν
1674 1133 1799 1163 chaumes
1823 1135 1853 1163 de
1868 1134 1939 1164 leurs
1954 1140 2076 1174 parties,
2096 1136 2163 1165 dans
2179 1145 2267 1167 tontes
2283 1137 2321 1172 &1

1262 1166 1389 1197 chacuner
1406 1170 1450 1198 drs
1472 1176 1553 1200 Cours
1569 1195 1577 1206 ‚
1604 1170 1642 1204 ὠν
1665 1172 1773 1200 devant
1793 1180 1850 1201 tous
1873 1173 1910 1202 les
1925 1172 2028 1211 Juges,
2047 1178 2155 1204 Barons
2169 1177 2200 1204 de
2214 1175 2321 1206 l'Echi-

1264 1210 1339 1254 qu'ier
1356 1206 1394 1241 ὠ·
1410 1216 1501 1238 autres
1518 1209 1636 1246 Offi'ciers
1653 1210 1685 1238 de
1704 1220 1785 1246 nous,
1804 1222 1850 1239 nos
1866 1213 1997 1240 Heritiers
2012 1210 2049 1246 όν
2063 1213 2221 1252 Succeffiurs
2231 1237 2239 1252 ‚
2249 1215 2323 1254 quels

1262 1254 1298 1282 qu
1307 1244 1340 1274 tls
1346 1244 1438 1284 fhient
1449 1269 1457 1277 ,
1477 1246 1514 1280 &⁴
1524 1246 1621 1286 firont
1642 1247 1789 1286 explique'es
1802 1248 1825 1276 le
1834 1248 1895 1285 plus
1916 1257 2074 1287 avantageu
2088 1259 2174 1281 emeat
2188 1264 2220 1281 en
2234 1256 2321 1284 Droit

1260 1289 1327 1326 pour
1348 1283 1372 1313 le
1395 1283 1514 1314 meilleur
1530 1282 1613 1325 profit
1636 1283 1673 1319 ὠ
1703 1285 1798 1314 utilite'
1809 1286 1907 1325 defilits
1932 1288 2044 1318 Lionell
2089 1290 2141 1320 ord
2155 1289 2318 1325 Cranfeild‚

1264 1320 1396 1352 Ldouard
1409 1322 1517 1354 Comte
1532 1324 1566 1354 de
1581 1322 1749 1354 VVorcester
1760 1346 1768 1360 ,
1786 1323 1946 1355 Guillaume
1963 1326 2072 1357 Comte
2090 1328 2123 1357 de
2139 1329 2322 1368 Pembroke,

1261 1359 1333 1397 Jean
1357 1360 1435 1391 Lord
1455 1362 1571 1403 Digbye
1589 1384 1597 1398 ‚
1623 1361 1713 1391 Fulke
1734 1361 1812 1391 Lord
1832 1363 1945 1393 Brooke
1961 1386 1970 1401 ,
1994 1365 2018 1394 le
2040 1364 2188 1395 Chevalier
2206 1367 2320 1399 Robert

1266 1398 1409 1428 Naunton
1426 1422 1434 1436 ‚
1461 1401 1493 1430 &
1513 1403 1537 1430 le
1559 1399 1710 1430 Chevalier
1731 1399 1861 1430 Edouard
1882 1400 1984 1438 Coke,
2003 1401 2040 1436 (ἔγ
2055 1403 2086 1432 de
2103 1403 2203 1434 chacun
2217 1406 2317 1444 senx,

1265 1435 1336 1465 leurs
1349 1436 1387 1471 ὠ
1406 1437 1506 1468 chacun
1520 1439 1551 1469 de
1570 1438 1641 1467 leurs
1662 1439 1799 1467 He'ritiers
1809 1462 1817 1476 ‚
1836 1440 2003 1469 Exe‘cuteurs
2017 1439 2054 1474 ‘5⁷7
2069 1442 2319 1481 Administrateurs

1265 1473 1302 1507 ᾤ’
1318 1474 1417 1504 chacun
1433 1477 1514 1506 d'eux
1530 1488 1540 1515 ‚⁴
1568 1476 1727 1515 nonobstant
1749 1484 1808 1506 tout
1822 1480 1918 1506 Statut
1928 1500 1937 1514 ,
1956 1480 2081 1507 Contume
2090 1503 2099 1517 2
2118 1483 2186 1517 Loi,
2205 1483 2318 1520 Restric-

1266 1515 1341 1550 tion,
1359 1513 1445 1559 (Druse
1458 1538 1466 1552 ‚
1493 1518 1617 1544 Matiere
1638 1525 1670 1545 ou
1685 1514 1827 1554 Provifion
1844 1516 1971 1553 obtentae,
1982 1514 2076 1555 saite,
2089 1518 2215 1556 prescrite
2230 1532 2261 1550 ou
2275 1530 2320 1550 or·

1266 1550 1369 1582 donne‘e
1386 1564 1403 1582 a
1419 1563 1445 1582 ce
1463 1557 1607 1584 contraire.

1303 1629 1350 1658 En
1358 1626 1405 1667 foi
1419 1629 1451 1658 de
1464 1633 1541 1670 quoi,
1557 1631 1616 1661 &Q

1299 1705 1419 1735 Te‘moins
1433 1705 1605 1736 nous-vlfmc’s
1617 1706 1635 1737 c}
1654 1707 1872 1746 Westminstcr,
1890 1707 1913 1736 le
1927 1710 2066 1737 treizieme
2078 1709 2110 1737 de
2123 1710 2287 1741 Novembre⁴

1748 1783 1801 1815 Per
1820 1784 1909 1815 Breve
1928 1784 1964 1814 de
1979 1784 2095 1816 Privato
2108 1786 2218 1825 Sigillo.

2112 1861 2305 1871 A>-

1267 1913 1315 1945 De
1344 1909 1559 1943 Pardonatione
1577 1910 1699 1956 speciali
1714 1920 1767 1955 pro
1794 1911 1915 1954 Georgia
1939 1905 2157 1956 Archiepifiopo
2185 1912 2319 1944 ammas

1311 1960 1398 2001 rienfi
1412 1981 1421 1996 ,
1438 1960 1529 2004 st'tper
1548 1959 1660 2003 casuali
1689 1959 1816 1995 occifione
1835 1960 1914 1990 Petri
1938 1956 2090 1997 Ηιιψίρνις
2106 1984 2115 1999 ‚
2150 1959 2232 2003 infra
2244 1971 2319 2005 par-

1309 2019 1379 2040 cum
1397 2007 1521 2039 Domini
1546 2005 1700 2040 Edwardi
1726 2004 1831 2040 Zouch
1857 2005 1892 2038 de
1910 2004 2150 2052 Hm‘ingworth,
2175 2017 2316 2041 vocatum

1311 2055 1456 2088 Branzill
1468 2053 1577 2096 Parkq.

1268 2143 1323 2198 R
1336 2139 1400 2170 EX
1427 2138 1573 2171 Omnibus
1586 2140 1621 2171 ad
1639 2149 1728 2178 quos,
1746 2134 1806 2175 &a
1826 2137 1960 2172 Salutem.
2339 2141 2413 2173 Arm.
2426 2141 2466 2173 D.

1363 2178 1443 2209 Cum
1459 2178 1530 2208 nihil
1547 2180 1632 2217 magis
1647 2178 1769 2217 Regiam
1786 2178 1989 2210 Celsitudinem
2009 2176 2108 2210 deceat
2131 2180 2216 2217 quam
2234 2178 2318 2220 Legis
2358 2182 2442 2210 1621.

1264 2216 1447 2248 Severitatem
1466 2217 1630 2248 Clementia
1643 2226 1814 2255 temperare,
1832 2219 1981 2254 praesertim
2004 2219 2053 2248 ubi
2069 2219 2130 2249 Lex
2148 2219 2269 2248 Poenam
2287 2220 2318 2248 li·
2341 2224 2395 2247 Par.
2427 2230 2466 2251 ιφ,

1264 2264 1299 2285 ve
1311 2255 1518 2286 forisfaCturam
1541 2257 1664 2294 imponit
1686 2265 1739 2293 pro
1763 2255 1883 2286 Acribus
1903 2258 1971 2287 citra
1995 2255 2185 2288 Intentionem
2202 2257 2321 2294 Agentis
2343 2259 2466 2296 J.r.p.7.

1264 2294 1512 2332 contingentibus,
2341 2307 2366 2324 n.
2386 2307 2415 2331 4.

1301 2331 1438 2370 Cumque
1464 2332 1562 2362 Nobis
1589 2331 1736 2362 manifeste
1764 2331 1879 2370 liquet,
1904 2331 1983 2370 quod
2009 2332 2270 2364 Reverendiffirnus
2292 2334 2321 2364 in

1264 2369 1383 2400 Christo
1399 2371 1479 2401 Pater
1496 2381 1529 2401 ac
1565 2371 1721 2401 raedileetus
1745 2380 1777 2400 ac
1794 2370 2015 2408 perquamfidelis
2030 2371 2211 2401 Confiliarius
2225 2371 2320 2402 noster

1262 2411 1387 2445 Georgius
1402 2380 1616 2448 Archiepssopus
1631 2409 1832 2448 Carituarienfis
1850 2409 1878 2438 in
1902 2408 2030 2439 modesta
2052 2409 2165 2440 decenti
2189 2412 2221 2440 ὃ(
2240 2411 2321 2447 quie-

1264 2455 1290 2477 ta
1304 2447 1477 2485 Venanone,
1490 2447 1558 2485 Jure
1574 2447 1733 2477 Communi
1748 2454 1795 2476 aut
1810 2447 1903 2484 aliquo
1919 2447 2002 2484 hujus
2020 2447 2114 2486 Regni
2132 2448 2244 2478 Statuto
2257 2458 2319 2478 non

1265 2485 1408 2522 prohibita
1424 2509 1433 2521 ,
1454 2486 1624 2515 Valetudinis
1644 2494 1712 2522 ergo
1725 2507 1734 2521 ‚
1767 2485 1799 2514 ὃς
1829 2486 1856 2514 in
1879 2485 2065 2515 Alleviatione
2092 2486 2238 2516 Laborum
2258 2487 2321 2516 suo-

1263 2533 1329 2553 rum
1347 2523 1466 2562 vicefimo
1483 2531 1580 2564 quarto
1599 2526 1654 2551 Die
1671 2523 1746 2560 Julii
1765 2523 1868 2553 ultimo
1884 2525 2041 2560 praeterito,
2059 2524 2087 2552 in
2107 2524 2197 2554 Pareo
2218 2525 2321 2561 praedi-

1265 2562 1329 2592 ledii
1348 2562 1381 2592 ὅ(
1400 2561 1623 2601 perquamfidelis
1644 2560 1802 2591 Conliliarii
1823 2561 1912 2590 nostri
1927 2583 1936 2598 ,
1959 2562 2097 2591 lid-mardi
2116 2565 2228 2592 Domni
2243 2562 2320 2592 Zuch

1264 2600 1299 2630 de
1317 2599 1519 2637 Haringworth
1541 2608 1644 2629 vocato
1663 2599 1794 2628 Bramzil
1810 2599 1900 2628 Parke
1920 2600 1946 2628 in
1962 2599 2111 2630 Comitatu
2126 2601 2223 2630 nostro
2237 2605 2321 2631 bout-

1264 2639 1457 2676 hamptoniae‚
1476 2647 1524 2674 per
1543 2638 1703 2668 Licentiam
1723 2639 1756 2668 ὃς
1773 2637 1808 2667 ad
1828 2646 1956 2678 rogatum
1975 2646 2057 2674 atque
2076 2638 2231 2668 instantiam
2251 2640 2321 2669 dicti

1265 2680 1377 2706 Domini
1405 2676 1518 2713 Zouch,
1545 2676 1662 2706 existens
1688 2675 1792 2705 adtunc
1818 2677 1851 2707 ὅς
1870 2676 1976 2704 ibidem
1995 2676 2116 2707 debitam
2137 2676 2321 2715 Diligentiam

1265 2717 1294 2745 in
1313 2715 1387 2746 diera
1407 2714 1566 2745 Venarione
1585 2715 1629 2744 sua
1646 2713 1780 2743 adhibens
1798 2713 1831 2743 ad
1852 2714 2068 2749 praecavendum
2087 2724 2122 2744 ne
2141 2715 2224 2744 Mors
2245 2715 2317 2746 Mu-

1267 2754 1355 2784 tilatio
1375 2752 1578 2783 Membrorum
1604 2760 1649 2782 aut
1668 2752 1759 2789 aliqua
1783 2751 1875 2780 Ltefio
1892 2750 2054 2788 Corporalis
2073 2752 2156 2783 alicui
2174 2763 2207 2782 ex
2224 2753 2320 2789 hujus-

1269 2792 1347 2822 modi
1368 2790 1527 2822 Venatione
1540 2814 1549 2828 ,
1577 2791 1621 2820 vel
1641 2790 1800 2819 Occasione
1820 2790 1884 2818 inde
1899 2812 1908 2825 ,
1935 2790 2152 2827 quomodolibet
2172 2794 2320 2831 continge-

1267 2839 1323 2868 ret3
1343 2830 1543 2860 Nihilominus
1558 2828 1672 2866 quidam
1682 2831 1778 2857 Petrus
1788 2828 1926 2856 Hawkins
1945 2836 2012 2858 tunc
2029 2827 2133 2859 Custos
2149 2830 2230 2860 Parci
2249 2828 2320 2867 prie-

1266 2869 1335 2899 dieti
1349 2891 1358 2906 ,
1375 2869 1408 2899 &
1427 2868 1531 2899 adtunc
1556 2869 1584 2897 in
1604 2876 1688 2904 parco
1704 2866 1843 2903 praedidio
1864 2866 1980 2896 existens
1998 2875 2072 2896 extra
2088 2868 2177 2897 visum
2195 2868 2321 2907 praediffl

1267 2906 1480 2945 Archiepifiopi‚
1497 2916 1529 2936 ac
1548 2905 1635 2935 sciens
1656 2905 1733 2942 quod
1752 2904 1879 2941 praefatus
1897 2903 2113 2944 Archiepiscopus
2131 2914 2198 2935 tunc
2217 2907 2249 2936 &
2265 2908 2320 2936 ibi-

1266 2946 1333 2976 dem
1354 2945 1479 2975 Damam
1496 2943 1604 2981 Sagitta
1623 2944 1757 2980 petebat,
1775 2944 1804 2972 in
1824 2943 1882 2979 ipso
1901 2951 2030 2980 tempore
2051 2943 2208 2973 hmiffionis
2226 2944 2320 2982 Sagit-

1267 2993 1305 3015 tae
1324 2983 1485 3021 praediffle,
1504 2981 1628 3012 adversus
1638 2981 1763 3011 Damam
1780 2980 1943 3018 praedirstam
1962 2982 2161 3012 inconliderate
2177 2983 2209 3012 ὃς
2227 2991 2318 3013 teme-

1265 3023 1355 3060 rario,
1374 3023 1407 3053 ὃς
1423 3029 1522 3051 contra
1538 3020 1686 3057 specialem
1707 3017 1903 3049 Monitionem
1923 3018 1959 3048 illi
1980 3020 2008 3048 in
2025 3029 2055 3049 ea
2075 3029 2152 3056 parte
2179 3030 2318 3058 prceanrea

1265 3061 1356 3090 datam
1373 3082 1382 3097 ,
1408 3069 1484 3097 equo
1510 3059 1644 3089 velociter
1664 3057 1770 3088 Vec‘tus
1795 3056 1925 3088 transiens
1943 3058 2057 3087 obviam
2077 3058 2103 3088 se
2121 3058 2213 3097 dedit,
2231 3059 2321 3091 inscio

1266 3098 1383 3137 praefato
1403 3096 1605 3136 Archiepistopo
1624 3097 1656 3126 ὃς
1674 3097 1713 3125 nil
1733 3096 1786 3126 tale
1803 3095 1971 3133 suspicante,
1994 3095 2068 3125 let-ui
2084 3096 2196 3135 Sagittae
2215 3098 2317 3133 praedi-

1266 3138 1336 3174 (stae,
1354 3137 1387 3167 &
1407 3136 1552 3173 superinde
1570 3135 1718 3172 praedhstus
1744 3136 1840 3163 Petrus
1859 3135 1998 3163 Hawkins
2017 3133 2119 3164 adtunc
2139 3136 2172 3165 &
2190 3135 2316 3174 ibidem,

1263 3186 1297 3206 ex
1314 3175 1534 3213 improvidentia
1549 3176 1581 3205 &
1599 3173 1681 3211 culpa
1699 3172 1743 3202 sua
1758 3173 1868 3209 propria
1885 3172 1984 3202 vulnus
2000 3171 2144 3208 quoddam
2164 3175 2269 3208 recepit
2282 3182 2318 3204 ex

1262 3215 1365 3253 Sagitta
1384 3213 1515 3252 praeditsta
1535 3212 1572 3243 sic
1588 3236 1598 3248 ‚
1625 3221 1655 3241 ut
1673 3210 1817 3248 praefertur
1834 3234 1842 3247 ‚
1858 3209 1984 3240 adversus
2005 3209 2130 3240 Damam
2151 3211 2315 3247 przedieiam

1261 3252 1376 3291 emissa,
1394 3253 1424 3281 in
1443 3251 1556 3281 carnosa
1574 3259 1652 3287 parte
1671 3249 1779 3280 Brachii
1795 3249 1832 3278 sui
1852 3247 1974 3285 Sinistri,
1994 3249 2099 3278 intatsto
2112 3249 2171 3277 offe
2184 3248 2314 3288 Brachii,

1261 3302 1296 3322 ex
1314 3301 1371 3329 quo
1390 3290 1505 3321 vulnere
1522 3289 1652 3327 praefatus
1668 3291 1764 3317 Petrus
1781 3287 1919 3315 Hawkins
1937 3285 2041 3316 eodem
2060 3286 2192 3316 vicelimo
2209 3296 2311 3323 quarto

1259 3330 1318 3361 Die
1334 3328 1422 3366 julii,
1440 3328 1512 3366 apud
1533 3326 1664 3357 Bramzill
1684 3324 1849 3363 praedietam
1863 3346 1873 3362 9
1892 3325 1921 3354 in
1942 3323 2087 3355 Comitatu
2106 3324 2312 3363 Sourhamptoe

1259 3370 1314 3399 niae
1333 3367 1489 3405 praediito,
1508 3366 1689 3396 moriebatur.
2014 3401 2018 3406 .

1292 3406 1429 3445 Cumque
1445 3414 1532 3434 nemo
1549 3402 1715 3433 Mortalium
1731 3411 1831 3432 omnes
1849 3400 1923 3431 casus
1935 3401 2064 3430 fortuitos
2080 3401 2237 3439 prospicere
2251 3408 2319 3440 posi

1258 3446 1291 3477 fit
1310 3453 1355 3476 aut
1375 3444 1463 3476 valeat
1480 3466 1489 3479 ,
1515 3442 1602 3471 sciatis
1622 3440 1699 3478 quod
1722 3440 1788 3470 Nos
1806 3439 1910 3470 Pietate
1933 3440 2005 3469 moti
2019 3461 2027 3475 ‚
2051 3440 2085 3469 ὃ(
2102 3441 2253 3477 multplicia
2270 3443 2315 3471 in-

1258 3485 1400 3520 fortunia,
1428 3482 1527 3519 quibus
1563 3480 1685 3508 humana
1708 3477 1819 3507 Natura
1846 3479 1875 3506 in
1901 3478 1957 3507 hoc
1983 3476 2095 3506 Saeculo
2122 3479 2246 3509 obnoxia
2267 3480 2310 3510 est

1260 3525 1280 3542 *
1299 3520 1540 3554 commiserantes,
1559 3517 1594 3547 de
1614 3515 1714 3546 Gratia
1733 3515 1825 3544 nostra
1846 3515 1973 3556 speciali,
1990 3524 2023 3544 ac
2040 3524 2074 3544 ex
2094 3525 2168 3546 certa
2185 3516 2309 3549 Scientia
2326 3532 2342 3547 ο
2358 3531 2446 3562 XVH

1256 3563 1290 3593 &
1309 3570 1390 3591 mero
1408 3558 1494 3588 Motu
1512 3555 1611 3585 nostris
1630 3553 1849 3595 pardonavimus
1871 3554 2026 3582 reminmus
2052 3553 2085 3582 ὃ(
2110 3555 2308 3595 relaxavimus,
2345 3570 2376 3597 ,3
2449 3553 2457 3561 '

1256 3609 1290 3631 ac
1310 3608 1357 3637 per
1377 3596 1543 3630 presentes,
1562 3603 1614 3630 pro
1624 3592 1721 3622 Nobis
1740 3591 1904 3620 Haeredibus
1920 3591 1953 3620 &
1973 3590 2188 3622 Successbribus
2206 3595 2308 3625 nostris
2324 3579 2356 3607 Ξ)
2381 3592 2386 3598 “

1260 3638 1444 3675 pardonamus
1464 3633 1633 3663 remittimus
1648 3631 1681 3661 &
1700 3629 1865 3665 relaxamus,
1886 3628 2021 3664 praedic'to
2038 3632 2147 3666 Georgia
2165 3633 2310 3670 Archiepi-

1249 3677 1327 3716 fiopo
1339 3669 1528 3709 Cantiearienfi
1535 3692 1544 3707 ,
1558 3678 1729 3706 quocunque
1743 3667 1877 3710 Nomine
1884 3666 2068 3704 Cognomine
2087 3669 2143 3699 live
2157 3671 2310 3703 Additione

1259 3713 1381 3746 nominis
1406 3708 1596 3747 Cognominis
1619 3706 1675 3736 sive
1699 3705 1848 3743 Qahtatis
1870 3704 1945 3734 idem
1967 3707 2093 3743 Georgius
2114 3717 2232 3738 vocatur
2251 3710 2308 3740 five

1260 3757 1461 3787 nuncupatur,
1486 3755 1532 3777 aut
1556 3754 1643 3782 nuper
1666 3744 1828 3785 censebatur
1851 3743 1895 3771 vel
1927 3745 2138 3781 nuncupabatur
2155 3769 2163 3783 ‚
2188 3757 2308 3778 omnem

1260 3794 1295 3823 ὃς
1327 3785 1524 3819 omnimodam
1557 3782 1686 3813 Mortem
1715 3781 1900 3812 Occilionem
1929 3781 2049 3812 Necem
2078 3784 2110 3813 &
2131 3784 2309 3816 interfectio-

1260 3839 1329 3860 nem
1365 3825 1470 3864 praefati
1495 3825 1571 3852 Petri
1594 3821 1733 3850 Hawkins
1747 3842 1756 3856 ,
1790 3829 1838 3856 per
1865 3819 2010 3861 pratfatum
2032 3823 2172 3858 Georgium
2191 3834 2311 3861 quoquo

1261 3868 1352 3899 modo
1365 3864 1468 3894 faeram
1489 3860 1669 3891 commistam
1691 3866 1873 3896 perpetratam
1887 3860 1943 3887 live
1959 3859 2182 3899 occasion-atam,
2197 3872 2230 3891 ac
2247 3873 2311 3892 om·

1259 3908 1305 3936 nia
1336 3909 1511 3940 quaecunque
1539 3898 1582 3928 vel
1611 3897 1811 3934 qualiacunque
1830 3895 1948 3926 eandem
1968 3896 2101 3928 Mortem
2122 3899 2310 3931 Occisionem

1260 3944 1378 3974 Necem
1410 3939 1465 3969 sive
1491 3936 1720 3968 Interfeetionem
1743 3943 1863 3971 quoquo
1891 3933 1981 3964 modo
2001 3938 2139 3973 tangentia
2161 3938 2217 3969 five
2242 3949 2310 3968 con-

1260 3980 1401 4012 cernentia
1415 4001 1424 4015 ,
1456 3977 1518 4006 licet
1546 3976 1622 4005 idem
1643 3975 1767 4008 Georgius
1793 3973 1828 4001 de
1850 3970 1950 4016 Morte
1972 3972 2127 4005 Occisione
2146 3977 2191 4006 vel
2220 3976 2308 4006 Inter-

1261 4020 1386 4050 feffione
1426 4014 1531 4052 praetati
1566 4015 1642 4042 Petri
1679 4011 1815 4040 Hawkim
1844 4011 1993 4041 indietatus
2022 4013 2170 4050 appellatus
2195 4015 2310 4044 sedratus

1262 4057 1307 4089 vel
1329 4053 1496 4093 adjudicatus
1518 4050 1629 4089 existit,
1653 4049 1709 4080 five
1731 4058 1797 4117 ἓοη
1828 4047 1918 4080 existit
1933 4071 1944 4088 ,
1967 4058 2013 4081 aut
2038 4050 2157 4088 judicari
2183 4051 2312 4119 ηρρίεὶξτί

1773 4097 1789 4117 e
1807 4096 1826 4116 2
2242 4098 2274 4119 ec
2288 4099 2318 4120 a·
