2557 4279
678 135 790 179 ET
876 137 1136 180 ACTA

0 231 63 264 Knn.
76 228 116 260 D.
168 223 234 258 And
247 232 299 255 our
317 221 424 254 further
439 221 512 253 Will
526 221 581 253 and
595 222 723 254 Pleasure
735 224 773 261 is,
788 222 843 254 and
858 233 905 254 we
921 224 960 254 do
975 224 1079 262 hereby
1094 224 1140 254 for
1154 233 1185 253 us

8 270 90 306 1619.
132 275 185 296 our
207 263 307 293 Heires
332 261 385 292 and
408 261 571 291 Succeflors
582 284 592 299 ‚
609 261 705 292 Grant
729 262 788 292 that
804 263 851 292 the
865 272 917 292 our
932 262 1041 294 Letters
1056 264 1183 298 Patents‚

7 319 20 345 7
28 307 115 346 ἵκω.
131 313 166 334 or
178 302 226 333 the
242 299 409 331 Inrollment
422 299 534 336 therof,
554 299 620 330 shall
634 300 671 330 be
687 301 714 329 in
729 300 764 330 all
780 300 872 338 things
890 300 953 330 firm
972 301 1104 333 available
1126 300 1181 330 and

130 338 272 372 effedmall
295 339 324 368 in
346 338 449 374 Lawe',
468 345 499 367 to
519 337 554 367 all
575 337 682 369 Intents
702 338 923 369 Construfflons
948 339 1001 369 and
1025 338 1182 377 PurposeS,

128 377 279 414 according
292 385 323 407 to
337 376 384 406 the
397 383 458 405 true
472 375 528 405 and
542 375 640 414 playne
655 378 786 415 meaning
801 377 838 407 of
848 377 895 408 the
909 378 998 414 same,
1015 388 1043 407 as
1068 377 1131 407 well
1152 378 1181 406 in

127 418 162 449 all
175 426 227 448 our
242 415 347 446 Courts
365 423 393 444 as
405 413 568 452 elsewhere,
587 414 711 446 without
726 425 780 453 any
801 414 1013 445 Confirmation
1035 415 1110 445 from
1133 415 1181 446 Us

127 466 181 487 our
199 454 299 485 Heires
317 462 351 482 or
367 451 530 482 Succeffors
545 461 576 483 to
598 453 634 483 be
653 452 792 490 procui-ed
812 463 845 483 or
863 453 1026 491 obtayned,
1043 454 1180 484 notwith-

127 493 256 530 standing
273 491 322 521 the
342 489 503 520 Misrecitall
520 500 553 520 or
570 499 624 521 not
643 491 782 528 Recitall,
806 491 992 527 misnameing
1010 501 1044 520 or
1064 501 1115 522 nor
1132 502 1183 521 na-

127 533 208 601 ῃέἰηὲ
230 529 266 597 pf
284 538 337 568 any
360 529 468 559 former
494 526 589 560 Grant
615 528 698 560 made
722 529 759 560 of
770 529 817 560 the
833 528 982 559 Premisses
999 538 1033 558 or
1050 538 1105 567 any
1121 538 1183 567 part

129 579 139 602 t
162 578 228 600 ereo
248 579 259 605 3

165 606 315 644 Although
331 605 436 643 express
448 606 593 644 mention,
611 604 672 641 &a

161 682 196 714 In
211 683 313 714 witnes
322 680 468 720 whereof,
487 681 548 717 &c.

121 757 275 830 MWignes
285 769 338 791 our
352 758 416 790 selfe
428 766 456 789 at
469 752 665 798 Wstminster,
686 753 735 788 the
749 758 839 789 fower
850 756 905 788 and
918 754 1049 788 twentith
1062 756 1126 797 Day
1145 754 1182 788 of

161 807 205 828 arc
227 820 234 827 .

564 873 618 901 Per
632 874 726 902 Breve
737 871 770 901 de
783 873 904 903 Privato
916 870 1018 909 sigillo.

207 1002 259 1034 De
280 993 470 1039 Restitutione
491 996 712 1042 Temporalium
728 1006 783 1042 pro
807 996 945 1043 Epiftopo
968 995 1087 1039 Elietfi.

0 1105 49 1129 m·
61 1093 105 1126 D·
170 1081 228 1113 EX
247 1080 389 1113 Escaetori
402 1080 453 1111 suo
466 1081 496 1110 in
513 1079 663 1124 Comitatu
678 1079 888 1125 Cantabrigiae,
906 1080 1043 1112 Salutem.
1077 1120 1082 1127 Δ

0 1136 76 1173 1619.
161 1160 167 1165 ·
204 1120 336 1166 Vacante
354 1128 444 1164 nuper
462 1118 535 1149 Sede
556 1119 716 1157 Eptscopalt
736 1119 855 1165 Elienfi,
874 1129 923 1157 per
945 1120 1173 1164 Transsationem

0 1182 30 1203 tt.
48 1182 87 1208 ¹7·
117 1160 210 1191 ultimi
233 1158 367 1197 Episcopi
385 1157 511 1195 ibidem,
534 1160 658 1187 Decanus
682 1156 720 1192 ᾤ’
737 1158 894 1195 Capitulum
912 1158 1047 1189 Ecclefiae
1064 1158 1174 1189 Cathe-¹

9 1222 29 1240 ι,
34 1198 194 1250 p.12.dr³lis
209 1196 326 1228 Elienfis
344 1196 505 1240 praedifflie,
525 1195 656 1240 ⁴Licentiai
668 1195 763 1226 nostrai
777 1196 861 1233 petit&
875 1197 976 1234 pariter
990 1198 1024 1228 &
1039 1197 1175 1236 obtenta,

0 1235 4 1241 '
21 1259 43 1278 1·
116 1237 266 1269 Diletstum
288 1235 387 1266 Nobis
408 1244 436 1264 in
458 1234 578 1264 Christo
598 1233 762 1264 Nicholaum
776 1234 873 1265 Felton
893 1235 985 1266 Sacrae
999 1236 1119 1267 Theolo
1141 1237 1175 1266 iae

114 1275 281 1345 1st206torefn
295 1273 476 1312 Episcopum
489 1271 696 1303 Bristollensem
712 1274 742 1303 in
754 1283 856 1304 eorum
871 1273 1047 1313 Episcopum
1068 1275 1101 1306 δε
1146 1284 1176 1305 a-‘

140 1324 223 1345 orem
235 1323 251 1344 e
295 1320 394 1348 erunt;

153 1352 212 1383 Cui
226 1321 343 1389 quigem
357 1349 517 1387 Elestioni,
531 1350 564 1381 δε
578 1349 711 1380 Personae
725 1350 762 1381 fic
776 1349 890 1389 cletitae,
902 1351 1028 1390 Regium
1043 1351 1173 1382 nostrum

114 1390 264 1421 Aflensum
290 1389 470 1420 adhibuimus
490 1388 524 1418 &
546 1388 708 1426 Favorem,
726 1388 862 1427 ipsiusque
885 1389 1059 1420 Fidelitatem
1074 1390 1175 1420 Nobis

114 1428 239 1460 debitam
262 1437 315 1466 pro
335 1427 416 1457 dicto
436 1425 610 1463 Episcopatu
633 1428 790 1466 recepimus
804 1451 814 1465 ,
840 1437 873 1457 ac
893 1427 1077 1465 Temporalia
1105 1429 1176 1466 ejus⁴

114 1466 181 1497 dem
212 1464 398 1504 Episcopatus
426 1464 567 1502 (exceptis
585 1465 722 1495 omnibus
742 1464 877 1495 Maneriis
891 1490 900 1504 ,
928 1467 1027 1496 Terris
1041 1489 1050 1503 ‚
1076 1465 1175 1497 Tene-

114 1507 217 1536 mentis
239 1506 271 1536 &
294 1503 539 1534 Haereditamentis
559 1512 627 1533 cum
648 1503 827 1534 Pertinentiis
841 1504 980 1541 praedidto
996 1504 1176 1544 Episcopatui

114 1543 222 1574 dudum
237 1542 422 1580 spectantibus
435 1542 468 1572 &
480 1541 697 1578 pertinentibus,
708 1541 800 1571 modo
815 1543 844 1571 in
861 1542 968 1573 Manus
982 1542 1107 1580 nostras,
1125 1544 1171 1573 vi-

4 1596 56 1625 xv
62 1595 100 1625 11.
115 1591 184 1653 {ore
195 1580 339 1620 cujusdam
349 1578 440 1625 Actus
456 1579 484 1608 in
493 1579 512 1598 *
522 1577 711 1610 Parliamento
724 1580 827 1616 ,Anno
842 1580 1177 1624 Regni-praechariffimae

0 1635 35 1665 7⁶·
138 1621 229 1651 ororis
239 1618 352 1663 *nostrae
365 1615 542 1661 Eltzabethfe
555 1625 637 1655 nuper
649 1620 759 1661 Reginfe
773 1617 886 1661 Angliae
902 1628 1011 1663 primo,
1030 1618 1096 1649 inde
1109 1619 1177 1662 editi

112 1657 266 1729 ,ῗὲιῗὶἕῈὲ
275 1655 1176 1733 1235330355353513’?eisssstiz‘ffsfi‘ffssssz{¹sisiesssszeffffoefflffl

150 1735 188 1766 Et
204 1734 270 1765 ideo
284 1734 335 1763 tibi
349 1732 529 1770 praecipimus
542 1731 623 1769 quod
638 1731 756 1770 praefato
763 1732 897 1763 Nicholao
910 1733 948 1764 fic
964 1733 1175 1771 ele&o‚Tem-

111 1773 216 1814 poralia
234 1769 420 1809 Episcopatus
435 1770 563 1808 praedieti
583 1779 652 1800 cum
672 1770 865 1808 Pertinentiis,
879 1773 907 1801 in
923 1771 1025 1804 Balliva
1039 1780 1101 1810 tua,
1121 1774 1177 1803 una

113 1822 183 1844 cum
204 1810 334 1842 Exitibus
355 1811 389 1841 δε
412 1807 550 1839 Proficuis
563 1808 652 1846 inde,
674 1810 689 1839 a
709 1817 841 1848 tempore
854 1810 1059 1841 Transsationis
1081 1811 1177 1842 ultimi

115 1850 250 1888 Episcopi
265 1847 371 1878 ibidem
386 1847 534 1884 hucusque
549 1847 780 1884 provenientibus
792 1848 847 1878 five
861 1848 1178 1887 crescentibus‚absque

115 1889 213 1926 aliquo
226 1887 381 1925 Compoto
396 1893 443 1915 aut
458 1885 553 1922 aliquo
566 1884 620 1915 alio
641 1885 759 1923 proinde
776 1885 875 1916 Nobis
889 1888 1101 1924 quoquomodo
1114 1887 1178 1918 red-

115 1924 369 1995 dendfiqbsolvendo
392 1924 438 1955 vel
461 1923 611 1961 faciendo,
629 1924 686 1954 fine
704 1924 841 1956 dilatione
862 1924 998 1964 Libetes·,
1015 1925 1090 1958 salvo
1106 1925 1178 1964 Jure

117 1975 182 2004 cuju
206 1975 214 1994 ι
237 1973 274 1995 et.

151 2041 186 2077 ,Τ
187 2040 245 2072 este
258 2040 341 2080 Rege
352 2038 426 2079 apud
447 2037 723 2079 Wstmonasterium,
740 2037 817 2073 sexto
831 2041 877 2072 die
893 2040 1023 2080 Augusti.

607 2117 662 2146 Per
676 2119 768 2147 Breve
784 2117 817 2147 de
832 2120 952 2148 Privato
965 2116 1068 2157 sigillo.

116 2202 285 2236 Confimili'a
298 2201 398 2234 Brevia
410 2201 566 2242 diriguntur
578 2200 776 2234 Escaetoribus
790 2202 946 2242 subscriptis
963 2204 994 2233 in
1011 2202 1179 2240 seperalibus

208 2240 403 2273 Comitatibus
416 2241 611 2280 infrascriptis,
625 2241 676 2274 sub
688 2241 765 2275 Data
779 2241 929 2280 praedidta3
948 2241 1097 2281 videlicet,

1220 137 1702 184 PUBLICA.
2213 156 2289 200 107

1260 225 1303 252 Et
1316 224 1341 252 il
1348 224 1383 263 est
1396 225 1428 254 de
1437 224 1499 271 plys
1512 226 1544 254 de
1558 235 1638 255 notre
1653 227 1767 257 volante*
1786 227 1823 262 ό
1845 230 2023 271 bon-plaifir,
2041 231 2079 267 ῤ’
2106 241 2170 261 nous
2195 244 2282 262 accor-
2311 232 2387 262 Ann.
2400 231 2444 265 Di

1223 260 1288 289 dans
1294 270 1348 298 par
1362 262 1390 291 la
1402 264 1526 302 presente
1537 273 1604 302 pour
1621 275 1686 293 nous
1696 288 1705 301 ,
1724 277 1770 294 nos
1788 270 1817 295 H
1819 269 1923 297 e‘ritiers
1939 269 1975 304 &2
1988 268 2165 308 Succeffiurs,
2178 281 2227 309 que
2241 282 2280 300 ces·
2328 274 2416 308 1619.

1222 301 1334 328 Lettres
1347 308 1488 338 patentes,
1503 311 1535 329 ou
1547 302 1603 330 leur
1616 302 1851 342 Enregistrement,
1861 305 1954 344 serent
1970 320 2004 337 en
2020 316 2105 337 tumes
2120 307 2205 347 choses
2211 308 2277 346 fer·
2309 310 2437 346 17Jac.1;

1221 348 1291 374 mes,
1310 337 1425 385 efficaces
1443 337 1481 372 ό
1504 339 1611 367 valides
1631 338 1648 366 ax
1670 347 1728 368 tous
1754 343 1847 378 e'gards
1868 344 1904 378 (ὧι
1919 356 1950 373 eal
1964 354 2022 374 tom
2032 345 2096 385 [ἕης
2107 369 2116 384 ,
2130 346 2276 386 confhrme‘-

1221 383 1294 404 ment
1317 388 1335 405 a
1354 376 1410 406 leur
1431 387 1516 414 vraye
1536 376 1574 411 ό·
1598 375 1680 405 εἶαίνε
1695 381 1845 416 intention,
1862 390 1927 410 taut
1942 384 2010 412 dans
2025 392 2113 413 toutes
2129 395 2175 414 nos
2188 388 2272 414 Cmcrr

1219 413 1392 453 qu’aslleurs,
1401 415 1472 453 fims
1486 414 1553 454 qu'il
1559 415 1616 452 soit
1628 414 1766 452 neceffizire
1779 418 1887 448 d'avoi‘r
1902 431 1933 448 ou
1949 422 2080 451 dolatenir
2092 423 2202 463 quelque
2215 434 2275 452 con-

1212 451 1361 493 firmation
1375 454 1407 482 de
1425 464 1506 491 nous,
1525 463 1571 482 nos
1585 452 1721 480 Heritit²rs
1737 451 1774 486 (ὲν
1788 456 1959 494 Succeffeurs,
1976 460 2134 497 nonobstant
2165 472 2196 490 ue
2209 472 2275 491 neus

1219 489 1327 528 eufflons
1340 491 1400 520 mal
1410 491 1567 521 mentionne‘
1578 500 1610 519 ou
1622 497 1673 525 pas
1687 495 1855 530 mentionne,
1881 503 1911 522 ou
1915 507 1980 560 dque
2003 508 2067 526 nous
2092 473 2198 575 efflizns
2218 494 2277 529 mal

1219 530 1328 557 nomme‘
1339 540 1370 558 ou
1382 539 1433 567 pas
1449 530 1555 559 nomm&
1566 528 1767 568 quelques-unes
1781 530 1825 568 des
1838 533 1919 567 prisce*
1933 541 2005 563 entes
2020 537 2272 575 Conse,ionssa1'tes

1213 574 1268 604 par
1282 575 1392 604 rapport
1409 567 1426 597 ἃ
1441 576 1501 597 tout
1514 579 1541 597 ce
1556 570 1603 606 qui
1617 566 1653 605 est
1668 568 1783 607 marque‘
1793 568 1922 606 ci—deffin.

1252 604 1377 646 ¹Quosque
1395 610 1515 636 mention
1531 605 1662 644 expreffe,
1681 605 1741 636 &c.

1257 683 1305 711 ,En
1313 681 1360 722 foi
1374 682 1406 712 de
1418 686 1494 722 quoi,
1513 683 1574 713 &ci

1253 759 1373 788 Temoins
1386 757 1561 789 nous-meimet
1572 759 1590 788 ὰ
1604 757 1806 790 Westminster
1815 782 1824 795 ‚
1841 757 1866 788 le
1879 761 2122 799 vingt-quatrieme
2135 763 2167 791 de
2177 766 2269 802 Mars}

1680 874 1734 905 Per
1749 868 1838 904 Breve
1852 871 1889 904 de
1902 873 2015 904 Privato
2030 874 2141 912 Sigillo.

1215 995 1289 1026 ἀίἂα
1304 1006 1371 1026 cum
1379 996 1566 1033 Pertinentiis,
1577 997 1606 1025 in
1620 996 1721 1028 Balliva
1732 1006 1778 1028 tua
1794 998 1930 1034 (exceptis
1937 1000 2129 1037 praeexceptis)
2142 1002 2195 1031 una
2205 1006 2274 1034 curri

1213 1033 1343 1064 Exitibus
1359 1037 1392 1066 &
1412 1034 1549 1065 Proficuis
1565 1035 1648 1072 inde,
1664 1036 1679 1064 a
1693 1045 1823 1074 tempore
1836 1036 2039 1067 Translationis
2052 1039 2142 1068 ultimi
2155 1038 2273 1077 Episco-

1211 1073 1241 1110 pi
1256 1073 1380 1116 ibidem,
1399 1073 1542 1110 hucusque
1557 1075 1787 1109 provenientibus
1802 1074 1858 1104 five
1870 1073 2072 1114 crescentibus,
2092 1077 2148 1108 sine
2162 1078 2274 1109 dilatio—¹

1213 1120 1251 1141 ne
1265 1111 1395 1148 Liberes3
1415 1110 1491 1142 salvo
1502 1110 1571 1149 jure
1585 1111 1739 1149 cujuslibet.
2266 1112 2273 1116 ”

1213 1226 1245 1258 tii
1252 1186 1343 1218 Teste
1356 1186 1439 1226 Rege
1452 1186 1526 1225 apud
1545 1186 1821 1227 Wstmonasterium,
1835 1189 1971 1220 vicesimo
1994 1199 2095 1229 quarto
2110 1192 2169 1223 Die
2193 1193 2274 1233 Mar-

1662 1304 1715 1331 Per
1730 1305 1823 1332 Breve
1837 1302 1868 1332 de
1880 1305 1999 1334 Privato
2015 1305 2113 1344 Sigillo.

1216 1379 1384 1412 Confimilia
1397 1379 1495 1411 Brevia
1508 1379 1664 1418 diriguntur
1677 1359 1872 1409 Escaetoribus
1893 1379 2046 1418 subscriptis
2067 1383 2096 1412 in
2119 1383 2272 1417 Comitatia

1381 1419 1432 1449 bus
1445 1418 1616 1456 subscriptis,
1631 1415 1682 1448 sub
1701 1417 1777 1448 Data
1792 1417 1944 1477 praedidta3
1959 1419 2107 1459 videlicet,

1252 1495 1393 1533 EsFaetori
1402 1493 1454 1533 fico
1467 1497 1498 1525 in
1512 1497 1584 1524 Com.
1602 1493 1690 1524 Derb.

1255 1533 1453 1571 Efiaetorifito
1466 1543 1495 1569 m
1511 1534 1583 1561 Com.
1597 1532 1687 1570 salop.

1254 1570 1395 1609 Efiaetori
1401 1570 1450 1609 fito
1462 1574 1490 1599 in
1508 1574 1580 1600 Com.
1594 1573 1688 1600 lVarr.

1254 1611 1395 1647 Escaetori
1402 1609 1453 1647 fito
1466 1612 1496 1637 in
1510 1612 1581 1637 Com.
1597 1611 1672 1638 Leic.

1257 1647 1399 1687 Escaetori
1405 1648 1456 1685 βω
1469 1650 1498 1676 in
1512 1650 1583 1675 Com.
1598 1645 1777 1685 Northamptt
1963 1682 1965 1684 ‚
2013 1679 2015 1682 .

1254 1688 1410 1714 camerario
1419 1683 1469 1723 sim
1481 1684 1588 1723 Cestriae
1604 1684 1655 1714 vel
1663 1684 1718 1719 ejus
1734 1687 1943 1714 Locumtenenti
1956 1685 2061 1716 ibidem.-

1257 1723 1399 1762 Eftaetori
1407 1723 1460 1762 fito
1471 1726 1500 1752 in
1513 1726 1585 1752 Com.
1601 1722 1770 1752 Merioneth.

1256 1800 1275 1820 ²*
1292 1800 1332 1831 Et
1354 1799 1519 1832 mandatum
1532 1798 1573 1829 est
1590 1798 1747 1836 Militibus,
1767 1798 1875 1829 Liberis
1888 1798 2079 1839 Hominibus,
2097 1801 2130 1831 &
2146 1804 2279 1835 omnibus
2303 1792 2322 1812 ᾗ
2338 1790 2438 1821 ΧἮῙ)

1218 1838 1275 1869 aliis
1288 1839 1468 1870 Tenentibus
1482 1839 1518 1869 de
1532 1837 1701 1875 Episcopatu
1715 1836 1869 1875 praedidio,
1889 1838 1965 1875 quod
1979 1839 2070 1869 eidem
2086 1838 2198 1878 Είεέῖο,
2217 1851 2278 1873 tan·
2309 1841 2338 1867 ¹5
2343 1841 2369 1867 7·

1218 1887 1303 1915 quam
1325 1877 1471 1914 Episcopo
1493 1878 1526 1908 &
1548 1877 1684 1906 Domino
1704 1876 1772 1912 su0,
1790 1876 1818 1905 iii
1833 1877 1985 1914 omnibus,
2002 1886 2064 1920 qua:
2077 1878 2111 1907 ad
2126 1879 2277 1918 Episcopa-

1215 1924 1278 1946 tum
1302 1916 1472 1954 praedictum
1496 1916 1659 1954 pertinent,
1684 1913 1859 1945 intendentes
1871 1913 1922 1945 slnt
1936 1915 1969 1946 ὃς
1983 1914 2178 1954 relpondentes
2193 1928 2278 1956 prout

1219 1954 1311 1986 decet.

1256 2027 1291 2063 In
1307 2033 1385 2071 cujus
1397 2034 1455 2071 rei,
1472 2027 1533 2064 &ci

1258 2104 1345 2141 Teste
1363 2117 1395 2142 ut
1411 2109 1499 2148 supra.

1373 2252 1423 2284 De
1444 2248 1664 2297 Indigenasione
1682 2260 1737 2296 pro
1758 2247 1909 2283 Nicholao
1932 2252 2106 2285 Lawrence.

153 2318 296 2358 Efiaetori
306 2316 356 2357 fico
369 2321 402 2348 in
418 2321 490 2349 Com.
507 2321 601 2348 Hunt.

154 2355 354 2396 Eftaetmfiw
365 2360 394 2386 in
407 2361 478 2387 Com.
496 2352 589 2394 Norffi
1225 2335 1344 2397 REX
1361 2335 1523 2383 Omnibus,
1537 2335 1571 2367 ad
1587 2344 1676 2374 quos,
1692 2335 1753 2367 &c.
1772 2333 1905 2367 Salutem.
2313 2329 2390 2363 Ann.
2402 2326 2449 2361 De

156 2395 301 2436 Estaetori
308 2393 359 2434 fito
375 2398 405 2425 in
417 2399 490 2425 Com.
505 2395 573 2433 Suff.
1323 2376 1421 2406 scmus
1434 2375 1515 2412 qu⁰d
1532 2374 1601 2404 Nos
1609 2397 1624 2418 ².
2330 2371 2419 2409 ¹6¹9·

1264 2414 1312 2444 De
1330 2414 1429 2444 Gratia
1444 2412 1538 2443 nostra
1553 2408 1679 2451 speciali,
1697 2423 1731 2443 ac
1744 2422 1778 2443 ex
1791 2420 1865 2443 certa
1886 2405 2010 2443 Scientia
2031 2413 2065 2444 δε
2093 2424 2173 2445 mero
2197 2411 2285 2445 Motu
2311 2414 2373 2437 ΡΜ·
2398 2419 2439 2443 17·

1225 2452 1346 2489 nostris,
1360 2451 1567 2489 concessimus,
1586 2461 1619 2481 ac
1636 2461 1684 2488 per
1701 2450 1869 2488 praesentes,
1881 2461 1934 2488 pro
1950 2452 2049 2481 Nobis
2064 2451 2236 2482 Haeredibus
2254 2453 2286 2484 δε
2312 2448 2444 2486 J·¹·p-9‹

1226 2491 1440 2521 Successoribus
1453 2489 1572 2528 nostris,
1591 2489 1777 2520 concedimus
1792 2488 1925 2519 Nicholao
1941 2492 2095 2520 Lawrence
2112 2492 2139 2520 in
2162 2491 2290 2528 partibus
2315 2497 2341 2515 n·
2361 2495 2402 2512 ¹2·

1227 2529 1410 2559 transmarinis
1421 2528 1560 2564 oriundo,
1580 2527 1626 2557 seu
1641 2537 1824 2566 quocumque
1840 2528 1896 2557 alio
1909 2530 2025 2557 nornine
2040 2529 2197 2566 censeatur,
2208 2530 2291 2567 quod

1227 2568 1235 2597 i
1257 2567 1284 2598 se
1299 2566 1433 2605 posthac,
1451 2565 1567 2595 durante
1585 2561 1652 2595 Vita
1672 2565 1734 2602 sui,
1755 2565 1785 2595 fit
1806 2564 1938 2604 Indigena
1962 2566 1995 2596 &
2020 2566 2122 2604 Ligeus
2144 2568 2237 2597 noller
2258 2578 2293 2599 ac

1261 2605 1389 2636 aeredum
1412 2605 1445 2635 &
1465 2603 1667 2635 Succefforum
1688 2602 1869 2642 nostrorum,
1887 2614 1921 2634 ac
1945 2605 1974 2633 in
1998 2606 2135 2635 omnibus
2149 2608 2294 2644 teneatur,

1229 2652 1388 2683 reputetur,
1407 2643 1556 2679 tradtetur,
1575 2642 1707 2672 habeatur
1730 2642 1763 2672 ὃς
1787 2642 1956 2678 gubernetur
1979 2646 2111 2679 tanquam
2134 2644 2222 2673 fidelis
2244 2645 2294 2674 Li-

1230 2692 1299 2723 geus
1319 2682 1413 2712 noster
1433 2681 1504 2711 infra
1527 2681 1637 2710 dietum
1661 2680 1797 2718 Regnum
1822 2679 1949 2710 nostrum
1973 2680 2085 2718 Angliae
2106 2682 2241 2712 oriundus
2258 2685 2293 2713 ὃς

1232 2732 1292 2753 non
1308 2722 1386 2752 aliter
1399 2729 1454 2751 nec
1467 2720 1522 2748 alio
1538 2719 1638 2749 modo.

155 2433 355 2474 Efiaetorifim
369 2436 400 2463 in
412 2437 484 2463 Com.
501 2433 597 2472 Efflx.

156 2470 355 2512 Estaetorifim
370 2475 399 2501 in
416 2475 488 2502 Com.
502 2470 601 2510 Hertf.

157 2511 301 2550 Efiaetori
308 2508 358 2549 fico
370 2513 399 2539 in
413 2513 484 2540 Com.
501 2509 595 2539 Midd.

158 2549 298 2588 Efi'aetori
305 2547 356 2587 Jt'co
370 2551 398 2578 in
413 2552 484 2578 Com.
501 2547 629 2578 Lincoln.

160 2587 302 2627 EsZaetori
332 2588 364 2615 iso
379 2589 408 2615 in
421 2591 493 2616 Com.
509 2589 584 2616 Leic.

161 2626 270 2658 Dilee‘lo
308 2637 330 2648 «ν
346 2623 427 2663 fideli
438 2624 488 2664 fito
510 2623 675 2655 Sebastiano
692 2622 810 2664 Harvey
826 2622 917 2654 Militi
930 2621 1034 2665 Majori
1049 2624 1184 2656 Civitatis

197 2663 326 2695 London.
342 2662 482 2702 Efiaetori
499 2662 578 2702 infra
593 2662 705 2693 eandem
721 2666 885 2694 Civitatem.

161 2748 199 2782 Et
218 2748 382 2781 mandatum
405 2749 447 2780 est
467 2738 627 2788 Militibus,
656 2749 765 2780 Liberis
785 2748 980 2787 Hominibus,
1000 2752 1034 2782 &
1057 2750 1190 2781 omnibus

124 2789 183 2820 aliis
204 2788 384 2820 Tenentibus
397 2788 433 2818 de
447 2787 617 2826 Episcopatu
630 2787 734 2819 Elienfi
754 2788 892 2826 praedizsto
901 2811 910 2827 ,
931 2789 1013 2826 quod
1027 2789 1119 2819 eidem
1134 2791 1190 2818 Ni·

127 2827 219 2858 cholao
234 2828 272 2858 fic
284 2827 398 2864 eleeto,
418 2834 553 2864 tanquam
567 2826 710 2864 Episcopo
727 2827 760 2858 ὃς
774 2826 909 2857 Domino
924 2826 991 2865 suo,
1009 2828 1038 2857 in
1055 2828 1190 2858 omnibus

127 2875 195 2903 quae
208 2866 244 2896 ad
258 2865 461 2903 Episcopatum
475 2865 645 2904 praedictum
659 2865 998 2903 pertinent,intendentes
1011 2866 1064 2897 sint
1077 2865 1192 2905 respon-

129 2905 227 2936 dentes
244 2904 277 2935 ὃς
290 2904 451 2934 auxiliantes
464 2911 550 2942 prout
562 2903 653 2934 decet.

1268 2760 1313 2791 Ac
1327 2759 1406 2798 quod
1420 2757 1477 2796 ipse
1491 2767 1592 2787 omnes
1605 2758 1638 2787 &
1651 2754 1833 2787 omnimodas
1849 2755 1987 2786 Actiones
2010 2756 2106 2787 Secias
2126 2758 2159 2788 ὃς
2183 2758 2295 2795 Qiere-

1232 2799 1289 2838 las,
1308 2797 1512 2836 cujuscumque
1529 2796 1580 2826 sint
1595 2796 1718 2835 generis,
1737 2795 1766 2823 in
1782 2794 2007 2836 quibuscumque
2030 2794 2123 2825 Curiis
2146 2798 2179 2827 δε
2205 2797 2295 2828 Locis

1234 2836 1523 2877 &jurisdictionibus
1537 2834 1636 2864 nostris
1650 2834 1751 2864 habere
1764 2840 1909 2870 exercere,
1928 2834 2020 2870 eisque
2036 2834 2076 2863 uti
2097 2836 2130 2865 &
2155 2836 2295 2874 gaudere,

1234 2887 1268 2908 ac
1283 2878 1321 2906 eis
1336 2877 1369 2907 ὃς
1382 2874 1484 2905 eisdem
1499 2873 1630 2911 placitare
1643 2874 1676 2903 ὅτ
1692 2871 1855 2909 implacitari
1865 2893 1874 2908 ,
1894 2870 2062 2907 respondere
2074 2873 2108 2903 ὃς
2124 2873 2293 2912 responderi,

1233 2914 1381 2946 defendere
1397 2914 1430 2944 &
1446 2912 1560 2942 defendi
1575 2910 1659 2947 possit
1672 2911 1705 2941 ὃς
1722 2909 1810 2939 valeat
1823 2908 1900 2939 licite
1914 2910 1946 2939 &
1967 2910 2085 2947 impune
2104 2911 2134 2939 in
2156 2911 2294 2942 omnibus

1235 2955 1269 2985 &
1286 2963 1333 2991 per
1347 2953 1446 2982 omnia
1462 2951 1532 2980 ficut
1546 2949 1644 2987 aliquis
1660 2948 1748 2979 fidelis
1763 2947 1867 2986 Ligeus
1878 2946 1974 2977 noster
1983 2949 2011 2977 in
2027 2948 2108 2978 didio
2122 2948 2228 2987 Regno
2240 2959 2295 2981 no-

1234 2992 1293 3022 stro
1308 2991 1418 3030 Angliae
1432 2988 1576 3019 oriundus.

1273 3029 1311 3059 Et
1328 3030 1437 3066 insuper
1446 3050 1454 3065 ,
1476 3027 1556 3066 quod
1571 3026 1650 3056 idem
1664 3023 1813 3054 Nicholaus
1826 3026 1980 3054 Lawrence
1994 3024 2097 3055 Terras
2111 3024 2295 3058 Tenementffi

1235 3068 1377 3099 Redditus
1397 3066 1584 3096 Reversiones
1604 3066 1637 3096 &
1661 3064 1795 3099 Servitia,
1821 3072 1853 3092 ac
1879 3063 1929 3092 alia
1951 3062 2195 3094 Haereditamenta
2217 3075 2296 3102 quae-

1235 3116 1362 3144 cumque
1377 3106 1446 3136 infra
1459 3104 1574 3134 didium
1588 3102 1728 3140 Regnum
1744 3101 1874 3131 nostrum
1894 3101 2019 3139 AngHae,
2038 3104 2072 3133 δε
2085 3102 2137 3132 alia
2153 3102 2296 3134 Dominia

1237 3145 1334 3176 nostra
1352 3144 1528 3182 perquirere,
1555 3143 1697 3179 recipere,
1723 3150 1840 3178 capere,-
1866 3139 1989 3177 habere,
2012 3149 2124 3177 tenere,
2143 3150 2237 3170 emere
2261 3142 2296 3171 &c

1236 3183 1392 3222 possidere,
1410 3192 1442 3213 ac
1456 3183 1494 3212 eis
1505 3182 1546 3211 uti
1560 3182 1593 3212 δε
1608 3180 1748 3217 gaudere,
1767 3188 1833 3215 eaq3
1847 3177 1911 3207 dare
1924 3179 2062 3215 vendere,
2081 3180 2196 3209 alienare
2210 3180 2242 3209 ὃς
2258 3179 2299 3208 le-

1238 3232 1306 3261 gare
1320 3224 1490 3259 cuicumque
1506 3219 1637 3250 Personae
1651 3218 1708 3248 five
1723 3217 1947 3255 quibuscumque
1968 3215 2094 3247 Personis
2117 3217 2167 3246 libi
2186 3216 2301 3255 placue-

1237 3263 1291 3300 rit,
1310 3261 1345 3291 ad
1358 3260 1469 3290 libitum
1485 3258 1564 3289 suum
1579 3257 1663 3295 possit
1678 3258 1710 3287 ὃς
1725 3255 1813 3286 valeat
1827 3255 1903 3284 licite
1915 3255 1948 3284 &
1965 3255 2092 3293 impune.

1276 3301 1321 3331 Ac
1342 3298 1422 3337 qubd
1444 3297 1501 3335 ipse
1525 3296 1670 3326 Tabernas
1690 3294 1800 3331 Shopas
1820 3293 1875 3322 five
1894 3291 2009 3322 Domos
2023 3293 2226 3331 quascumque,
2241 3304 2297 3332 pro

1237 3339 1364 3370 termino
1380 3338 1461 3368 unius
1482 3335 1559 3366 Anni
1575 3335 1632 3365 five
1649 3333 1772 3371 plurium
1788 3331 1940 3362 Annorum
1957 3331 2118 3361 conducere
2140 3331 2242 3362 habere
2262 3333 2298 3363 δε

1238 3378 1357 3409 retinere
1382 3375 1468 3413 possit
1492 3375 1524 3405 δε
1547 3373 1654 3410 valeat,
1671 3371 1744 3402 adeo
1767 3371 1852 3399 libere
1896 3370 1971 3399 uiete
1985 3370 2092 3407 integre
2109 3371 2141 3401 ὅ(
2159 3370 2297 3409 pacifice,

1241 3416 1310 3447 sicut
1322 3415 1419 3452 aliquis
1436 3414 1538 3452 Ligeus
1553 3411 1647 3441 noster
1661 3410 1731 3440 infra
1746 3408 1855 3438 dietum
1904 3416 2007 3444 egnum
2031 3407 2161 3437 nostrum
2184 3409 2299 3446 Angliae

1240 3464 1335 3490 natus,
1349 3454 1382 3483 &
1396 3452 1476 3490 quod
1491 3451 1565 3480 bene
1579 3449 1675 3479 licebit
1690 3449 1864 3484 cuicumque
1878 3446 1999 3476 Subdito
2013 3445 2110 3486 nostro
2126 3446 2218 3476 locare
2226 3457 2299 3484 prae-

1240 3494 1299 3524 fato
1321 3490 1455 3522 Nicholao
1477 3492 1630 3519 Lawrence
1652 3487 1685 3517 &
1708 3485 1856 3524 Aisignatis
1871 3485 1922 3514 suis
1939 3485 2183 3521 quibuicumque‚
2202 3484 2301 3523 liujus·

1242 3531 1322 3562 modi
1329 3530 1474 3560 Tabernas
1484 3527 1593 3563 Shopas
1608 3525 1663 3554 five
1672 3524 1788 3554 Domos
1801 3522 1991 3560 quascumque
2004 3521 2037 3550 ad
2051 3523 2204 3552 terminum
2219 3526 2302 3554 unius

1242 3570 1321 3600 Anni
1335 3568 1391 3599 five
1405 3567 1559 3606 plurimum
1577 3564 1730 3593 Annorum
1745 3561 1846 3603 absque
1859 3560 1949 3597 aliqua
1964 3558 2152 3591 forisfactura
2167 3561 2222 3592 five
2230 3561 2301 3593 Poe-

1242 3618 1277 3638 na
1293 3614 1461 3646 quacunque
1473 3605 1506 3633 eri
1520 3602 1668 3632 occasione
1684 3598 1864 3629 incurrendis.

1282 3646 1328 3676 Ac
1340 3646 1423 3676 etiam
1438 3641 1517 3680 qubd
1531 3641 1607 3670 idem
1623 3637 1772 3668 Nicholaus
1787 3639 1940 3678 Lawronce
1953 3644 2054 3678 omnes
2066 3637 2099 3666 ὃς
2116 3639 2301 3669 omnimodas

1244 3684 1396 3715 Libertates
1411 3678 1585 3711 Franchesias
1601 3678 1633 3707 δε
1650 3676 1800 3712 Privilegia
1814 3675 1894 3715 hujus
1908 3673 2002 3717 Regni
2014 3674 2102 3704 nostri
2117 3675 2204 3706 libere
2220 3678 2301 3714 quie-

1242 3725 1272 3754 t'e
1294 3724 1326 3754 ὃς
1346 3719 1462 3761 pacifice
1484 3719 1586 3748 habere
1606 3717 1639 3746 ὃς
1662 3713 1815 3751 possidere,
1833 3714 1924 3749 eilque
1948 3721 1986 3741 uti
2008 3714 2040 3744 ὃ(
2063 3714 2182 3752 gaudere
2198 3715 2300 3753 possit,

1242 3769 1375 3798 tanquam
1391 3759 1491 3796 Ligeus
1504 3754 1599 3785 noster
1611 3752 1682 3783 infra
1695 3752 1806 3782 dictum
1825 3751 1960 3788 Regnum
1975 3750 2105 3782 nostrum
2123 3753 2233 3791 Angljae
2250 3763 2300 3784 na».

1244 3808 1287 3830 tus
1324 3798 1425 3834 absque
1439 3793 1664 3833 perturbatione,
1683 3790 1904 3829 impedimento,
1923 3788 2117 3820 molestatione
2131 3791 2163 3821 ὃ(
2178 3793 2303 3822 vexatio-

1246 3822 1305 3875 ne,²
1318 3836 1475 3872 calumpnia
1499 3832 1544 3862 seu
1563 3830 1728 3869 gravamine
1747 3827 1836 3858 nostri
1856 3826 2012 3857 Haeredum
2032 3828 2077 3858 vel
2098 3828 2300 3860 Successortim

168 2979 204 3010 In
217 2979 298 3017 cujus
312 2980 370 3017 rei,
386 2980 446 3010 &c.

168 3055 259 3087 Teste
272 3064 304 3087 ut
316 3054 403 3094 supra.

201 3194 355 3241 Restitutio
376 3195 599 3241 Temporalium
615 3205 670 3241 pro
695 3193 813 3228 Thoma
841 3197 969 3229 Morton
992 3195 1129 3242 Epistopo

432 3244 630 3286 Covemrienst
642 3246 678 3282 (ff
699 3242 900 3289 Lichfeldensi.

0 3341 71 3374 Ann.
81 3340 122 3373 D.
140 3342 260 3400 REX
277 3338 420 3373 Escaetori
435 3338 485 3370 suo
499 3339 527 3368 in
543 3337 693 3382 Comitatu
708 3336 886 3382 staffordiae,
905 3338 1040 3370 Salutem.

17 3381 98 3417 1619.
238 3380 367 3412 Vacante
380 3387 468 3414 nuper
482 3376 555 3407 Sede
568 3376 726 3414 Episcopali
738 3376 878 3408 Coventr.
890 3377 923 3407 &
937 3378 1021 3407 Lich.
1031 3388 1081 3417 per
1091 3375 1198 3408 Trans-

0 3419 58 3448 thid.
75 3426 100 3458 p.
140 3419 276 3450 lationem
292 3418 387 3448 ultimi
409 3415 542 3454 Episcopi
558 3414 682 3452 ibidem,
696 3418 822 3445 Decanus
836 3417 870 3446 &
885 3416 1039 3454 Capitulum
1062 3416 1197 3447 Ecclesiae

1 3466 43 3493 14·
56 3468 80 3488 n.
94 3466 124 3497 7.
142 3457 319 3489 Cathedralis
340 3455 483 3486 Coventr.
502 3454 535 3484 &
559 3453 644 3484 Lich.
660 3452 822 3497 praedi&ae,
841 3452 973 3484 Licentia
996 3454 1092 3485 nostra
1111 3453 1198 3491 petita

140 3497 243 3534 pariter
256 3497 289 3527 &
302 3493 421 3526 obtentii
430 3518 439 3531 ,
458 3491 594 3522 dilectum
607 3490 706 3521 Nobis
718 3501 747 3520 in
762 3491 910 3529 Christro,
934 3492 1064 3523 Thomam
1082 3493 1198 3522 Morton

141 3534 233 3565 Sacrae
254 3534 429 3568 Theoloaiae
455 3530 619 3561 Donrem
635 3539 726 3567 nuper
740 3528 913 3568 Episcopum
929 3529 1022 3561 Cestr.
1047 3532 1077 3562 in
1097 3540 1199 3562 eorum

144 3572 320 3611 Episcopum
335 3573 367 3603 ὃς
376 3567 530 3601 Pastorem
545 3569 710 3605 elegerunt3

182 3611 242 3642 Cui
253 3611 370 3649 quidem
386 3607 528 3639 Electioni
541 3608 574 3637 &
590 3605 719 3637 Personae
739 3605 777 3636 fic
791 3605 889 3636 eleetae
906 3605 1035 3644 Regium
1050 3605 1200 3638 Assensum

142 3649 274 3680 nostrum
287 3649 467 3679 adhibuimus
482 3648 515 3678 &
528 3645 669 3676 Pavorem
678 3669 687 3681 .,
704 3644 840 3682 ipsiusque
855 3643 1027 3676 Fidelitarem
1041 3645 1139 3676 Nobis
1152 3645 1201 3675 de·

141 3685 230 3717 bitam
243 3698 297 3725 pro
310 3687 390 3717 dicio
406 3685 575 3723 Episcopatu
589 3685 745 3720 recepimus
754 3705 764 3721 ,
778 3692 810 3712 ac
827 3681 1010 3720 Temporalia
1027 3684 1148 3722 ejusdem
1163 3683 1202 3713 E-

142 3724 301 3763 piscopatus
316 3726 451 3762 (exceptis
463 3724 596 3753 omnibus
612 3721 866 3758 Maneriis7Terris
874 3744 883 3757 .,
891 3721 1077 3764 Τςηεῐῃεηῑίε
1087 3724 1119 3754 &
1128 3721 1202 3752 Hae-

143 3762 331 3793 reditamentis
343 3772 411 3793 cum
425 3762 603 3793 Pertinentiis
617 3760 754 3798 praedifim
762 3758 942 3796 Episcopatui
955 3759 1064 3790 dudum
1079 3760 1204 3797 specstan-

147 3801 224 3831 tibus
236 3801 268 3831 &
283 3802 502 3838 pertinentibus,
517 3799 611 3829 modo
625 3801 654 3828 in
669 3797 776 3828 Manus
799 3797 905 3827 nostras
915 3819 924 3835 ,
942 3799 1040 3836 vigore
1060 3798 1203 3836 cujusdam

145 3836 240 3869 Αᾶῢε
258 3837 453 3875 Parliamenti,
471 3838 560 3868 Anno
581 3837 680 3873 Regni
702 3835 929 3874 praechariffimae
952 3835 1062 3866 Sororis
1083 3836 1208 3874 nostrae,
1512 3872 1516 3876 .
1688 3868 1692 3872 ¹
2036 3867 2041 3871 ,
2137 3867 2144 3875 Ἴ

146 3875 324 3907 Elizabethae
343 3886 424 3915 nuper
444 3879 552 3913 Reginae
573 3874 687 3912 Angliae
710 3874 852 3904 defunctae
866 3874 980 3912 primo,
994 3875 1058 3905 inde
1082 3875 1149 3905 editi
1173 3876 1206 3906 δε
1246 3877 1408 3906 nostrorum
1424 3881 1470 3902 aut
1485 3871 1641 3906 aliquorum
1661 3867 1778 3911 aliorum
1794 3866 2103 3908 quorumqueffiahquo
2126 3868 2238 3898 Statuto
2262 3869 2303 3912 A—

148 3915 270 3953 provisi,
295 3914 388 3943 eleetis
406 3915 439 3944 ὅ(
459 3915 562 3952 captis,
584 3914 603 3943 si
626 3923 689 3950 quae
714 3911 875 3951 hujusmodi
901 3911 953 3943 sint
972 3935 982 3949 ,
1008 3923 1042 3943 ac
1064 3913 1094 3943 in
1120 3913 1206 3943 Scac-
1248 3915 1297 3944 stu
1314 3912 1505 3942 Ordinatione
1520 3907 1564 3937 seu
1580 3906 1744 3949 Provilione
1761 3913 1977 3949 inUcoRtitrarium
1996 3903 2059 3934 iride
2079 3906 2200 3950 ¹antehac
2225 3906 2306 3936 editis

149 3954 227 3984 cario
251 3950 348 3982 nostro
368 3952 403 3980 de
423 3951 564 3982 Recordo
588 3951 750 3986 remanen’)
774 3951 800 3981 ei
822 3949 993 3982 restituimus
1012 3960 1059 3988 per
1082 3950 1208 3981 Praesen-
1249 3953 1329 3983 factis
1343 3949 1475 3980 ordinatis
1489 3946 1533 3990 se'u
1553 3944 1681 3983 provrfis‚
1703 3952 1748 3973 aut
1762 3942 1853 3989 aliqua
1867 3942 1919 3971 alia
1939 3941 1986 3972 Re
2000 3941 2093 3973 Causa
2112 3945 2158 3976 vel
2182 3944 2307 3975 Materia

1249 3998 1427 4030 quacumque
1442 3988 1470 4015 in
1486 3985 1581 4022 aliquo
1594 3990 1652 4011 non
1666 3981 1850 4010 obstantibus.
1912 4017 1915 4019 -

1288 4027 1407 4060 Proviso
1421 4025 1527 4062 semper
1542 4021 1623 4061 quod
1637 4020 1714 4051 idem
1731 4017 1880 4049 Nicholaus
1895 4021 2047 4050 Lawrence
2063 4019 2240 4060 Homagium
2256 4019 2311 4048 Lia

161 4002 218 4061 esEt
233 4027 298 4058 ideo
311 4028 361 4057 tibi
379 4029 558 4065 praecipimus
572 4028 652 4068 quod
667 4026 785 4068 praefato
800 4025 896 4058 Είεόἶο
909 4049 920 4066 ,
934 4025 1119 4065 Temporalia
1138 4036 1210 4066 prae·
1723 4057 1753 4088 Ο
1772 4066 1791 4088 ²
2219 4062 2307 4094 geum

195 4069 269 4099 Tam,
287 4067 358 4098 VII.
379 4067 460 4104 Part:
476 4068 534 4096 111.
