2557 4279
185 154 265 196 206

38 234 174 305 Ἀπηέ),
277 241 279 243 ·

40 285 176 388 §diiige-
333 316 361 345 δὲ
387 317 436 350 De
460 316 548 363 Regio
574 313 711 361 Affl’nfics
726 322 782 359 pro
806 310 942 357 Epistopo
966 309 1093 353 Bangor.

57 386 77 404 ἢ
93 390 179 443 {va
261 405 369 440 Enna,
393 399 642 433 Reverendiffimo
660 399 688 429 in
715 395 834 428 Christo
859 394 951 431 Patri,
977 402 1010 439 ac
1036 387 1202 434 praedilecto
1219 388 1253 418 &

72 438 134 464 3›1-
280 444 356 474 fideli
371 441 542 472 Consiliario
566 438 665 470 nostro
692 435 826 474 Johanm‘
854 430 1045 476 Cantuartenfi
1066 424 1254 469 Archiepfsco-

43 472 112 533 {lite
127 475 176 540 {⁰
190 491 240 520 2⁰⁰⁷
265 493 299 513 π
325 481 382 512 31Ῑ15
396 479 620 519 quibuscumque
644 475 810 513 Episcopis,
827 480 949 511 quorum
969 479 998 499 m
1014 470 1069 498 hac
1089 474 1164 504 parte
1183 472 1254 494 inte-

193 523 258 552 rerit
295 521 429 551 Salutem.
1213 540 1218 544 ι

234 544 332 596 Ci'im,
349 565 467 588 vacante
482 564 571 592 nuper
588 552 660 584 Sede
674 549 833 589 Episcopali
847 548 1005 584 Bangoren.
1021 554 1071 587 per
1078 540 1254 586 Transsatio-

192 610 261 632 nem
276 596 438 628 Reverendi
455 596 484 624 in
499 592 616 624 Christo
633 591 737 627 Patris,
756 586 990 630 Richarafinuper
998 581 1131 627 Episcopi
1147 578 1254 622 ibidem

192 639 227 671 ad
244 637 447 674 Episcopatum
462 631 589 663 Cestren.
603 630 637 661 ad
653 628 793 658 humilem
814 625 987 655 Petitionem
1002 623 1109 649 Decam
1128 619 1161 649 &
1178 620 1258 660 ¹Capt-

195 677 251 708 tuli
264 676 348 706 dietae
363 672 496 705 Ecclesiae
515 670 632 708 Bangor.
650 677 699 705 per
717 665 826 696 Literas
846 660 953 705 nostras
968 659 1099 690 Parentes
1153 655 1257 686 Licen-

194 715 263 747 tiam
278 713 501 745 conceiierimus
519 710 606 739 alium
621 707 671 736 sibi
687 703 806 742 eligendi
822 703 850 747 in
869 698 1043 741 Episcopum
1059 697 1092 728 &
1109 679 1255 725 s³astotem

197 754 280 786 Sedis
293 751 454 791 praedietae:
478 748 563 778 iidem
581 749 706 776 Decanus
721 744 753 773 &
769 738 938 782 capitulum,
965 744 1065 779 Vigore
1077 735 1110 764 &
1138 733 1260 777 obtentu

199 793 341 824 Licentiae
356 789 458 820 nostr-ne
472 785 617 824 praedietae
628 806 637 820 ,
653 782 789 813 dilectum
808 778 932 820 nobisyn
949 773 1086 810 Christo,
1110 773 1260 814 Henricurn

200 830 312 863 Roland
326 830 419 860 Sacrae
434 824 611 863 Theolcgiae
627 820 834 855 Baccalarium,
852 814 904 845 sibi
919 813 950 844 &
965 812 1099 854 Ecclesiae
1114 808 1259 848 praedictae

198 871 348 907 elegerunt
363 869 390 896 in
407 865 581 902 Episcopum
604 861 637 891 &
663 857 805 889 Pastorem
825 877 834 892 ,
862 860 954 897 ‘pr-out
974 861 1023 895 per
1049 850 1159 880 Literas
1180 846 1261 892 suas,

199 908 303 945 Sigillo
323 914 423 938 eorum
437 901 588 934 communi
610 898 737 936 sigillatas
750 917 760 934 ,
798 893 882 924 nobis
893 890 966 921 'inde
986 889 1106 920 directas
1119 910 1129 926 ,
1155 886 1264 926 plenius

195 947 296 999 liquet.

200 987 332 1055 noisrgsii’i
348 1019 494 1052 Assensum
509 1015 689 1045 adhibuimus
700 1013 733 1043 ὃ(
758 1009 906 1046 favorem,
926 1005 965 1037 Et
982 1005 1040 1036 hoc
1057 1004 1157 1041 vobis,
1175 1011 1260 1033 teno-

323 1060 331 1064 .
377 1061 381 1064 ,
580 1064 587 1068 a
645 1061 670 1079 ς,

200 1073 232 1094 re
242 1062 455 1137 {eagiiiitelslluee
472 1053 642 1122 {3133}ng
651 1074 816 1119 Iffiileffione
829 1084 929 1124 quibus
944 1083 1027 1113 nobis
1043 1080 1179 1112 tenemini
1191 1100 1201 1116 ,
1216 1077 1264 1107 fir-

202 1140 289 1171 miter
299 1132 491 1175 piaecipieiido
509 1130 692 1164 mandantes,
710 1133 846 1163 quatenus
862 1132 914 1152 vos
927 1120 1104 1163 antedie'tum
1112 1121 1264 1149 Henrlcum

201 1178 313 1209 Roland
336 1177 363 1204 in
388 1172 561 1210 Episcopum
587 1169 620 1198 ὃ(
646 1165 788 1196 Pastorem
810 1160 945 1204 Ecclesiae
964 1158 1127 1197 praedffiiae,
1149 1156 1206 1193 sic,
1233 1163 1264 1185 ut

198 1217 365 1258 prasreitur,
391 1210 531 1244 electum,
557 1205 796 1241 Eleffionemque
816 1198 986 1269 1praeditam
1009 1195 1179 1227 confirmare
1194 1217 1204 1232 ,
1229 1203 1263 1224 ac

202 1255 326 1287 eundem
345 1252 494 1280 Henricum
513 1245 686 1283 Episcopum
712 1242 745 1272 &
774 1239 812 1269 Pa
839 1247 922 1269 orem
946 1235 1082 1266 Ecclesiae
1105 1233 1264 1269 Bangoi—en.

202 1292 345 1332 pnrdic‘tie
366 1287 549 1322 consecrare,
564 1291 719 1324 caeteraque
738 1285 954 1323 peragere,quae
973 1273 1068 1304 vestro
1086 1272 1114 1302 in
1131 1273 1189 1315 hac.
1203 1281 1265 1308 par-

203 1341 232 1362 te
252 1329 421 1361 incumbunt
431 1324 544 1354 Officio
560 1322 716 1357 pastorali,
741 1316 896 1348 secundum
915 1313 1039 1343 formam
1062 1311 1164 1342 Statuu
1182 1320 1213 1340 in
1232 1318 1264 1339 ea

200 1379 279 1408 parte
297 1367 366 1398 editi
385 1365 417 1396 &
437 1362 540 1402 provisi
556 1383 566 1400 ,
581 1359 670 1392 velitis
689 1366 757 1388 cum
774 1356 871 1387 favore
887 1354 921 1385 ὃς
937 1350 1053 1382 effectu.

50 550 174 578 14.m.13.

350 980 531 1013 Ele&ionem
553 976 628 1006 illam
645 979 838 1010 acceptarum,
856 967 948 998 eidem
970 966 1112 997 Eleffioni
1134 963 1261 1002 Regium

232 1450 268 1482 ln
284 1448 365 1486 cujus
381 1447 439 1484 rei²
456 1445 518 1476 &c-

238 1525 328 1559 Teste
341 1524 451 1563 Regina
464 1520 539 1562 apud
556 1514 831 1558 westmonasterium,
854 1512 938 1543 tertio
958 1508 1006 1539 die
1020 1505 1212 1538 Novembris

681 1595 735 1623 Per
756 1593 848 1620 Breve
862 1588 894 1618 de
914 1589 1034 1617 Privato
1048 1582 1149 1622 Sigillo.

199 1658 1253 1690 ss

404 1727 514 1772 Regius
537 1718 672 1767 Aſjenfhs
687 1727 742 1763 pro
768 1713 905 1760 Epiftopo
932 1709 1037 1743 Glouc.

53 1831 130 1863 Ann.
141 1828 180 1860 D.

74 1869 157 1907 1598.

51 1913 102 1937 Par
127 1919 173 1943 40.
194 1940 199 1943 μ

51 1944 192 1983 Iliz.p.15.

52 1995 91 2013 m.
115 1993 157 2019 19-

207 1817 377 1875 REgina,
409 1805 659 1842 Reverendiffimo
679 1803 713 1847 in
735 1798 854 1831 Christo
872 1796 968 1840 Patri,
995 1804 1028 1825 ac
1050 1791 1216 1841 praedileeto
1230 1791 1263 1822 &

289 1861 425 1896 perquam
442 1848 516 1879 fideli
532 1844 707 1876 Confiliario
722 1838 820 1870 nostro
836 1835 969 1867 Domino
983 1833 1112 1873 Johanm
1128 1835 1263 1862 Cantuar,

207 1894 427 1933 Archiepisropo,
449 1897 483 1919 ac
501 1885 558 1915 aliis
581 1880 808 1922 quibuscumque
829 1875 994 1913 Episcopis,
1016 1880 1139 1912 quorum
1161 1871 1191 1900 in
1209 1869 1265 1900 hac

204 1944 282 1977 parte
296 1931 434 1966 intererit,
449 1924 585 1957 Salutem.

243 1973 344 2008 cum,
358 1975 478 2000 vacante
492 1971 583 2007 nuper
603 2001 608 2005 Ι

205 2013 292 2045 ralem
308 2008 404 2041 ultimi
420 2004 554 2042 Episcopi
568 1999 680 2030 ibidem
689 2020 698 2035 ,

599 1959 672 1990 Sede
684 1953 842 1995 Episcopali
854 1951 962 1983 Glouc.
978 1959 1029 1989 per
1041 1949 1171 1980 Mortem
1185 1954 1267 1978 natu-

724 1994 759 2026 ad
771 1992 910 2024 humilem
926 1989 1096 2020 Petitionem
1112 1990 1219 2017 Decani
1233 1987 1267 2017 &

201 2049 323 2098 ejapi'tuli
336 2045 461 2088 ejusdem
480 2039 634 2076 Ecclesiae,
664 2045 712 2074 pei·
738 2033 845 2063 Literas
865 2028 974 2059 nostras
991 2028 1122 2058 Parentes
1121 2048 1145 2094 ᾖ
1163 2025 1266 2056 Licen-

203 2100 274 2124 tiam
288 2080 604 2129 concesserimus-alium
620 2076 672 2106 sibi
693 2070 816 2110 eligendi
832 2063 1269 2145 ἰυᾙρίΐεοῐίἓέἕᾶαὲὶξέἓὲη

204 2148 864 2237 ‘222322‘133523‘2'553352223232’143351‘332
877 2141 1267 2226 Ἶιῖῗὲῗεὸὲἓὲῗῗοᾱυῗὲἑ

198 2206 341 2278 ’Ξεάεῦῑε
362 2240 505 2277 elegerunt
528 2236 557 2264 in
579 2227 807 2272 Episcopum&
833 2222 976 2267 Pastorem
994 2244 1005 2266 ,³
1042 2230 1073 2251 ut
1091 2229 1141 2265 per
1162 2219 1270 2251 Literas

203 2285 262 2317 suas
278 2306 287 2321 ,
324 2278 422 2318 Sigillo
435 2282 539 2307 eorum
554 2277 710 2302 communi
725 2265 866 2305 sigillataS,
893 2262 978 2292 nobis
992 2260 1059 2291 inde
1072 2259 1190 2290 directas
1209 2257 1269 2296 ple-

203 2324 268 2354 nisis
289 2325 413 2359 apparet.

243 2361 328 2397 Nos,
349 2353 528 2388 Electionem
546 2349 623 2391 illam
638 2351 836 2391 acceptantes,
1098 2385 1104 2390 ι

207 2399 339 2431 nostrum
373 2392 523 2425 Affensum
548 2387 730 2419 adhibuimus
753 2389 853 2420 pariter
875 2379 909 2410 ὅ(
932 2377 1073 2408 Pavorem
1099 2398 1104 2404 ,

207 2440 308 2475 vobis,
322 2442 421 2466 tenore
437 2428 640 2469 Praesentium,
653 2420 861 2465 significatum,
935 2455 940 2460 ι
1081 2454 1086 2459 ’
1215 2452 1220 2457 ·
1245 2452 1251 2457 ι

246 2476 408 2514 Rogantes,
426 2479 459 2514 ac
482 2468 512 2497 in
535 2465 602 2496 Fide
627 2463 660 2493 &
687 2459 871 2493 Dilectione,
893 2455 994 2493 quibus
1016 2454 1100 2484 nobis
1116 2461 1270 2490 tenemini,

458 2508 463 2513 '
523 2514 544 2533 o
567 2500 730 2532 mandantes
795 2503 908 2525 uatenus
934 2502 987 2522 vos
1007 2491 1133 2522 eundem
1157 2489 1270 2526 Godfri-

208 2515 327 2584 222¹le
347 2505 524 2585 ἕῐῑῗίεειὲὲᾝὲ
539 2543 571 2573 ὃ(
591 2520 746 2570 Pastorem,
758 2506 893 2564 E‘eclesiae
913 2529 1089 2573 Cathedralis
1108 2528 1271 2566 praed56tae,

212 2593 251 2624 sic
274 2598 307 2620 ut
322 2588 487 2626 praefertur,
502 2580 645 2615 electum,
670 2573 908 2616 Eleffionemque
932 2568 1098 2605 praedietam
1118 2565 1271 2608 confirma-

213 2639 244 2660 ,ιε
275 2630 307 2661 ὃ(
326 2625 448 2658 eundem
463 2617 626 2659 Godfridum
642 2613 816 2652 Episcopum
832 2609 864 2639 &
881 2606 1027 2637 Pastorem
1044 2605 1179 2635 Eccleliae
1200 2613 1274 2642 prae-

212 2652 299 2699 digiae
312 2663 477 2696 consecrare
487 2683 497 2699 ,
508 2663 666 2692 caeteraque
682 2651 782 2693 omnia
794 2650 827 2680 ὃς
841 2645 944 2689 singula
959 2652 1090 2688 peragere
1099 2665 1109 2680 ‚
1136 2652 1199 2680 quae
1221 2651 1273 2671 ve-

213 2707 273 2738 stro
289 2707 318 2736 in
335 2705 387 2734 hac
404 2708 479 2738 parte
494 2695 664 2727 incumbunt
680 2689 793 2719 Officio
806 2684 937 2716 pastorali
947 2706 956 2721 ,
971 2692 1049 2721 JuXta
1069 2682 1195 2712 formam
1211 2680 1273 2711 Sta-

216 2747 268 2778 tuti
286 2745 314 2774 in
328 2752 361 2773 ea
374 2748 452 2779 parte
473 2735 542 2767 editi
558 2735 592 2766 &
608 2728 730 2770 provisi,
748 2726 839 2758 velitis
855 2732 926 2756 cum
940 2721 1060 2754 effectu.

859 2339 952 2371 eidem
968 2337 1113 2369 Electioni
1137 2335 1264 2376 Regium

1146 2375 1184 2406 Et
1209 2375 1268 2405 hoc

252 2822 286 2854 In
299 2821 379 2859 cujus
397 2817 457 2855 rei,
471 2816 533 2847 &a

253 2901 343 2935 Teste
357 2899 470 2939 Regina
484 2893 560 2934 apud
575 2887 833 2931 Wstmonasterium
842 2908 852 2924 ,
870 2890 970 2924 quarto
983 2881 1030 2912 die
1051 2878 1239 2911 Novembris.

707 2969 760 2997 Per
775 2967 869 2994 Breve
885 2962 917 2992 de
933 2963 1055 2991 Privato
1069 2956 1168 2994 Sigillo.

214 3031 1276 3068 ,ἐύύῶρθθμρὐ--μ

247 3105 275 3131 ³⁶
303 3107 409 3142 Daniae
434 3103 520 3147 Regis
543 3096 586 3130 ad
609 3093 752 3128 ulteriora
778 3089 893 3135 Angliae
928 3087 1056 3131 Regineae
1079 3080 1254 3128 Majestatis

91 3131 204 3158 *XVI'
462 3152 646 3194 Legatorpaem
671 3138 822 3184 Postulaia
847 3135 1034 3181 Responfitm.

116 3178 180 3206 352.

259 3244 350 3276 Nitio
386 3250 421 3272 ex
443 3237 531 3277 priori
553 3229 706 3265 Generofis
728 3228 762 3259 &
786 3225 952 3265 Magnificis
968 3224 1062 3269 D3D.
1088 3222 1202 3258 Legatis
1216 3218 1285 3251 dato

278 3266 426 3320 respo’nso,
444 3278 502 3308 huc
520 3273 617 3312 repetit
630 3268 708 3308 ipsius
717 3265 851 3310 Majestas
861 3287 872 3308 ,
885 3273 944 3294 non
957 3262 1098 3303 solumlea
1113 3269 1175 3298 quae
1188 3258 1222 3289 ad
1234 3258 1285 3288 Sa-

77 3323 132 3343 ¹⁰⁷¹·
155 3319 199 3341 Μ·
225 3323 393 3353 lutationem
408 3312 714 3355 congratulationem,
741 3306 848 3348 aliaque
866 3302 893 3332 id
915 3310 1004 3344 genus
1027 3299 1078 3330 alia
1098 3297 1226 3343 mandata
1250 3297 1286 3327 ab

77 3365 107 3380 vo
124 3358 154 3380 B.
175 3362 205 3387 4-
228 3361 290 3398 jpfis
303 3358 460 3390 luculente.-
476 3350 598 3390 exposita
615 3346 722 3385 prolixe
732 3366 741 3381 ,
748 3351 828 3381 Juxta
842 3342 876 3373 &
890 3337 1079 3369 amantiffime
1094 3336 1128 3367 ad
1142 3339 1286 3382 Regineam.

74 3392 127 3429 fol.
146 3400 206 3427 ¹93·
228 3398 305 3437 ,psius
333 3395 509 3435 Majestatem
537 3386 786 3425 Consanguineam
815 3389 848 3410 ac
877 3378 1012 3408 Sororem
1033 3375 1109 3405 suam
1129 3373 1216 3414 longe
1239 3374 1288 3404 sibi

231 3436 438 3473 charissimam,
455 3431 569 3467 referri,
585 3418 788 3489 Majestasfffita
807 3414 1024 3449 clementissime
1045 3412 1217 3456 postulavit—3
1230 3412 1287 3456 sed

232 3476 265 3506 ὃς
285 3476 370 3511 pori-o
385 3473 419 3503 ad
433 3470 530 3502 omnia
550 3475 614 3505 quae
635 3464 670 3494 ad
685 3460 718 3491 In
746 3467 825 3488 ituras
837 3455 1034 3485 Mercatorum
1049 3451 1124 3482 nulla
1146 3452 1287 3488 legittima

233 3514 280 3543 seu
299 3512 370 3549 justa
392 3512 469 3541 causa
496 3504 633 3545 Querelas
654 3497 828 3535 refutandas,
846 3492 1045 3538 ibidemtvere
1058 3491 1091 3522 &
1104 3488 1138 3520 ad
1158 3490 1282 3527 longum

234 3550 357 3581 deducta
371 3549 431 3579 sunt
440 3571 450 3586 ,
463 3547 565 3586 quibus
578 3542 730 3575 omnibus,
746 3535 815 3565 cum
831 3530 1052 3578 manifestiffime
1065 3527 1288 3558 demonstratum

237 3589 269 3619 sit
306 3588 483 3618 Mercatores
499 3583 564 3614 istos
581 3579 702 3611 Fadium
717 3577 808 3614 ipsum
825 3571 957 3614 quidem,
970 3569 1016 3598 seu
1028 3566 1170 3610 Fraudem
1187 3574 1244 3596 tam
1259 3576 1289 3595 e—

235 3612 372 3658 noimem
387 3634 502 3662 tamque
516 3620 677 3651 evidentem
689 3640 697 3654 ,
716 3617 746 3645 in
760 3609 938 3654 designandis
962 3606 1111 3651 Meteibus
1131 3608 1184 3634 suis
1207 3613 1291 3634 com-

241 3666 352 3696 miffam
363 3687 371 3699 ,
388 3672 487 3701 negare
502 3660 575 3690 nulla
590 3658 701 3687 ratione
716 3650 853 3692 potuisse,
879 3647 925 3678 led
942 3654 1051 3692 tantum
1074 3653 1123 3683 per
1142 3641 1292 3686 affectatos

239 3714 273 3734 ac
292 3702 434 3733 simulatos
449 3699 600 3729 nonnullos
615 3694 745 3729 Errores,
761 3689 882 3726 aliosque
895 3687 980 3724 longe
994 3682 1142 3725 qu5aesit05,
1154 3690 1225 3724 acin
1233 3680 1293 3718 spe-

241 3743 319 3772 ciem
335 3741 446 3775 allatos,
473 3737 625 3768 Praetextus
640 3740 754 3770 purgare
768 3733 812 3759 seu
825 3724 952 3757 excusare
966 3720 1102 3758 voluisse,
1127 3728 1174 3756 qui
1196 3728 1293 3749 tamen

243 3778 384 3815 eiusmodi
400 3777 494 3812 suere,
515 3784 542 3804 ut
556 3780 646 3810 neque
659 3779 754 3806 nunc,
771 3763 976 3808 salvisJuribus
994 3769 1028 3791 ac
1044 3758 1171 3794 Regaliis
1194 3757 1293 3801 Veffl·

838 3813 870 3833 ue
885 3812 916 3832 in
933 3800 1077 3834 futurum,
1094 3795 1216 3832 exempli
1231 3805 1297 3826 cau-

847 3840 1026 3873 onfusiones,
1044 3833 1169 3865 concedi
1183 3834 1246 3870 ipsis
1261 3835 1294 3865 δε

810 3904 820 3919 ,
839 3877 942 3918 praeviii
965 3873 1115 3918 sufficienti
1135 3871 1231 3917 causae*
1247 3881 1298 3901 co-

915 3915 991 3946 Non
1013 3920 1106 3949 itaque
1121 3909 1202 3954 ‘videt
1221 3910 1299 3948 xpfius

78 3276 205 3305 Biblcor-
227 3246 258 3318 1

243 3815 350 3857 galium
366 3815 543 3853 Regiorum,
563 3809 765 3851 comprobari,
781 3815 815 3835 ne

244 3867 291 3893 sa,
308 3856 340 3885 ἃ
359 3853 393 3883 ad
412 3851 551 3882 evitandas
563 3851 651 3884 longe
665 3854 804 3885 graviores

242 3893 357 3925 admitti
373 3892 533 3930 potuerint,
554 3888 626 3917 unde
646 3886 755 3915 facium
771 3891 800 3912 ut
831 3919 838 3923 ἢ

243 3933 394 3970 gnitione,
424 3928 536 3958 Merces
558 3926 617 3954 istie
640 3921 801 3953 confiscatae
822 3922 890 3955 sint,

245 3968 379 4008 Majessas
398 3968 483 3997 ulium
502 3965 729 3994 Fundamentum
743 3967 827 4003 quare
850 3956 865 3985 Ξι
884 3956 976 3992 priore
1000 3951 1145 3995 Sententia
1165 3947 1209 3991 sua
1224 3957 1301 3990 rece-

247 4010 314 4040 dere
331 4006 375 4036 vel
389 4007 449 4044 juze
462 4004 578 4038 debeat,
595 4001 638 4031 vel
653 3996 812 4028 commode
827 3994 910 4031 possit
925 4003 931 4021 z
953 3992 1132 4028 Quinimmo
1149 3990 1197 4015 mii
1213 3988 1305 4022 Male-

666 128 1473 183 coNvENTtoNEQ

1538 126 1911 177 LITERAE‚

1288 214 1455 253 Regnorum
1477 213 1715 251 conjunCtionem
1738 220 1879 247 mutuam,
1903 207 2143 247 respexisset‚std
2163 207 2262 240 strhsto
2283 210 2342 248 jure
2362 199 2437 231 Afln·
2453 199 2497 231 Dal

1289 263 1324 284 ex
1340 253 1446 283 Ediffli
1461 251 1532 281 Divi
1551 252 1698 289 Fridericc,
1720 251 1826 281 inclitae
1839 249 1994 280 Memoriae
2014 270 2023 285 ,
2063 249 2148 288 Anno
2163 247 2198 288 83
2217 248 2344 286 promul-
2385 239 2471 284 ¹598..

1292 300 1375 330 gato,
1396 299 1497 320 centia
1511 300 1559 319 eos
1573 299 1652 328 agere
1668 288 1822 325 maluisset,
1841 298 1901 318 non
1916 288 1980 317 haec
1996 286 2104 323 solum,
2128 285 2173 315 sed
2194 287 2226 317 &
2240 287 2344 325 reliqua
2363 287 2410 312 40·
2425 278 2497 309 Elm-

1289 330 1387 359 omnia
1401 330 1487 359 ctiam
1506 327 1595 364 Bona,
1615 329 1669 356 unii
1683 337 1751 357 cum
1767 326 1976 363 Navibusipsis
1999 327 2028 355 in
2049 323 2277 356 Commiss'uram
2302 335 2346 355 re·
2400 319 2458 352 ΚΒΞ-

1289 368 1371 398 dai-‘ta
1386 376 1419 397 ac
1437 365 1584 397 confiscata
1600 365 1732 395 suiss‘eiit:
1753 364 1884 395 Tantum
1899 363 1976 396 abest
1992 372 2023 394 ut
2035 363 2100 393 haec
2116 373 2193 394 nunc
2208 362 2346 394 confisca-

1290 416 1318 436 ta
1333 406 1426 441 Bona,
1452 404 1528 434 nulla
1549 404 1592 433 vel
1610 405 1679 442 juris
1692 403 1737 433 vel
1752 402 1890 440 aequitatis
1912 403 2018 432 ratione
2041 402 2078 432 ab
2100 401 2181 438 ipsius
2193 401 2346 439 Maiestate

1291 444 1378 481 repeti
1394 443 1516 481 poffint3
1534 453 1633 472 verum
1651 451 1745 471 tamen
1760 442 1832 471 cum
1855 440 2033 470 Sereniffima
2053 443 2171 476 Reginea
2191 441 2346 480 Mayissas,

1291 492 1340 519 per
1357 481 1523 519 magnificos
1536 491 1569 511 ac
1584 481 1736 517 generosos
1752 479 1873 518 Legatos
1885 479 1965 516 suos,
1991 485 2050 508 tam
2065 477 2214 516 diligenter
2234 489 2287 516 pro
2303 481 2347 517 ip-

1293 521 1325 550 sis
1342 520 1511 557 intercedat,
1527 529 1562 549 ne
1580 529 1687 549 mutuae
1703 519 1827 549 Sororiae
1844 527 1877 547 ac
1893 516 2032 546 Fratemae
2048 516 2196 547 Amicitiae
2218 516 2349 549 Benevo-

1293 558 1440 595 lentiaeque
1454 558 1561 588 nullam
1574 559 1714 587 rationem
1729 556 1857 587 habuisse
1869 555 2011 586 videretur
2022 576 2032 592 ‚
2047 564 2133 592 quam
2147 563 2240 585 tamen
2257 558 2346 586 niaxi-

1296 597 1337 627 mi
1354 597 1423 627 fecit
1437 596 1564 635 semper,
1581 606 1614 626 ac
1630 595 1671 626 est
1687 594 1794 625 faetura
1809 596 1898 632 porro
1915 594 1942 623 in
1959 601 2146 632 perpetuum,
2164 594 2194 622 in
2209 594 2346 632 solamip-

1293 635 1345 665 sius
1367 638 1489 672 Regineae
1509 633 1668 674 Majcstatis
1684 633 1836 671 Gratiam,
1858 642 1895 663 eo
1915 631 2077 662 clementiae
2096 641 2130 662 ac
2146 632 2350 663 moderationis

1293 673 1510 711 condescendit,
1527 682 1557 703 ut
1572 675 1676 711 partim
1691 671 1841 702 Mercibus
1854 670 1985 701 nondum
2006 669 2099 700 adhuc
2120 679 2169 707 per
2183 669 2351 701 Officiarios

1294 711 1448 751 distractis,
1465 712 1567 750 partim
1582 713 1671 749 vero,
1691 710 1710 741 fi
1727 710 1846 741 Merces
1861 708 1921 740 istae
1934 718 1994 739 non
2013 708 2191 747 suffecerint,
2215 709 2244 739 in
2255 718 2348 749 parata

1295 750 1422 781 Pecunia
1439 750 1657 781 aestimationem
1673 752 1797 787 Triginta
1812 747 1933 778 Millium
1947 745 2122 785 Talerorum,
2138 757 2201 786 quae
2213 747 2288 779 forte
2303 748 2349 779 di-

1296 789 1384 819 midia
1404 789 1515 820 summa
1536 788 1577 818 est
1599 787 1819 818 confiscatorum
1841 786 2008 824 Bonorum,
2024 786 2087 823 ipsis
2105 785 2270 816 condonare
2289 786 2356 818 cle-.

1298 827 1472 859 mentiffime
1491 828 1648 865 receperit,
1673 826 1802 864 adeoque
1821 824 1879 856 hoc
1899 825 1961 863 ipso
1981 833 2059 855 nunc
2080 825 2196 863 recipiat
2298 825 2351 856 sub

1296 865 1475 904 sequentibus
1489 866 1564 896 hisce
1576 864 1700 903 expresse
1717 863 1950 895 conditionibus:
1977 863 2100 893 Primt‘aem
2121 872 2152 894 υτ
2174 861 2354 895 Mercatores

1300 904 1348 934 isti
1365 906 1568 943 benignitatem
1582 904 1655 934 hanc
1673 903 1799 942 Regiam
1816 912 1875 931 non
1895 901 2076 933 Sereniffimo
2099 903 2164 940 Regi·
2177 902 2285 943 nostro,
2303 901 2352 933 sed

1298 943 1478 980 potiffimfim
1493 945 1617 979 Regineae
1629 941 1706 985 ipfius
1721 938 1869 979 Maiestati
1882 949 2035 978 acceptum
2051 940 2151 972 ferant:
2171 941 2278 970 Deinde
2290 962 2300 979 ,
2319 949 2352 972 ut

1298 983 1327 1011 in
1341 982 1424 1018 ipsius
1437 985 1559 1018 Regineae
1574 980 1732 1019 Maffstatis
1747 978 1889 1010 Potestate
1903 979 1934 1009 sit
1951 979 2089 1010 summam
2105 979 2186 1010 istam
2201 979 2353 1010 Merciutn

1297 1030 1331 1051 ac
1347 1019 1500 1057 Pecuniae,
1516 1019 1718 1050 asereniuima
1732 1021 1815 1055 Regia
1830 1017 1979 1057 Maststate
1993 1027 2069 1048 nunc
2084 1018 2206 1056 oblatae,
2223 1028 2282 1049 non
2298 1027 2352 1057 pro

1297 1059 1389 1089 modo
1403 1059 1449 1089 seu
1466 1067 1522 1088 rata
1536 1057 1755 1088 confiscatorum
1781 1056 1929 1086 Bonorum
1942 1055 2143 1096 distribuendi,
2165 1055 2211 1086 sed
2225 1066 2277 1096 pro
2290 1065 2354 1095 gra-

1298 1097 1337 1128 tia
1352 1097 1448 1127 favore
1460 1106 1494 1126 ac
1509 1097 1650 1126 voluntate
1666 1096 1711 1126 sua
1724 1104 1788 1134 erga
1805 1094 1944 1133 singulos,
1961 1103 2098 1132 quantum
2113 1095 2219 1133 cuique
2226 1095 2355 1127 clemen-

1298 1136 1405 1166 tissime
1418 1134 1500 1173 velit,
1520 1145 1553 1165 ac
1567 1136 1661 1172 cupiat
1677 1143 1812 1172 tanquam
1827 1132 1862 1163 de
1876 1133 1925 1164 suo
1940 1133 1973 1164 &
1992 1132 2041 1163 sibi
2057 1134 2195 1164 concesso
2202 1134 2354 1165 conferen-

1300 1174 1329 1204 di
1345 1175 1377 1204 δε
1394 1173 1544 1212 largiendi:
1561 1176 1668 1207 ἸονῑὲοἹ
1685 1182 1768 1210 atque
1782 1171 1812 1202 id
1826 1172 1950 1209 expresse
1967 1171 2102 1210 quidem,
2127 1181 2158 1202 ut
2179 1172 2271 1202 nullus
2285 1172 2355 1203 isto-

1302 1223 1366 1243 rum
1385 1212 1603 1248 Mercatorum,
1623 1211 1667 1241 vel
1683 1212 1740 1248 ipse
1761 1210 1806 1240 vel
1821 1219 1870 1246 per
1883 1210 1968 1247 alim,
1986 1209 2024 1239 Su
2047 1210 2246 1246 plicationibus
2262 1210 2354 1242 Inter-

1300 1251 1468 1282 ceffionibus
1483 1250 1527 1280 vel
1543 1258 1723 1286 quacumque
1738 1249 1788 1279 alia
1801 1249 1908 1278 ratione
1922 1248 2027 1278 Serenil
2041 1257 2132 1278 imam
2152 1251 2261 1286 Regiam
2283 1251 2354 1280 Ma-

1292 1289 1421 1328 Jestatem
1442 1289 1524 1326 hujus
1547 1286 1769 1318 Confiscationis
1791 1286 1871 1316 causa
1887 1285 1932 1316 vel
1955 1286 2074 1316 nomine
2096 1288 2184 1324 porro
2206 1287 2356 1318 molestare

1298 1328 1448 1366 praesumat
1579 1335 1607 1356 ut
1618 1327 1645 1355 in
1658 1325 1767 1361 Regno
1776 1325 1890 1363 Angliae
1905 1334 2019 1363 quoque
2026 1324 2213 1355 Subditorum
2224 1323 2359 1356 Danico-

1299 1376 1365 1396 rum
1381 1367 1478 1396 misere
1493 1364 1674 1403 spoliatorum
1691 1362 1905 1394 clementiffima
1920 1363 2005 1394 Ratio
2028 1363 2177 1399 habeatur,
2198 1363 2232 1394 &
2246 1363 2357 1402 Justitia

1299 1405 1361 1442 ipfis
1373 1403 1596 1441 administretur,
1614 1411 1739 1441 quorum
1752 1403 1892 1433 continuis
1908 1402 2106 1445 Querimoniis
2118 1402 2151 1434 &
2166 1401 2300 1434 Precibus
2314 1403 2356 1434 fa-

1299 1446 1404 1483 tigata,
1424 1453 1458 1474 ac
1475 1442 1592 1472 tandem
1606 1442 1683 1472 vieta
1705 1443 1738 1473 ὅ(
1761 1450 1857 1478 mota,
1880 1439 2017 1480 Mayestas
2034 1444 2128 1479 ipius,
2150 1450 2267 1478 propter
2286 1441 2357 1473 solas

1298 1483 1404 1512 horum
1426 1481 1622 1511 Mercatorum
1643 1480 1751 1518 causaS,
1777 1479 1899 1518 aliquem
1922 1479 1963 1509 ibi
1983 1488 2040 1509 con
2069 1480 2135 1510 ‘tuet
2154 1480 2205 1518 qui
2226 1481 2355 1518 ipsorum

1298 1520 1430 1560 Negotia
1452 1528 1533 1559 agat,
1550 1520 1600 1557 qui
1615 1527 1645 1549 ut
1659 1520 1782 1557 benigne
1795 1517 1931 1549 habeatur
1966 1518 2000 1550 δι
2017 1518 2127 1556 quoties
2144 1527 2215 1556 opus
2229 1520 2300 1558 erit,
2319 1529 2353 1550 ac

1298 1559 1364 1589 Fon
1380 1559 1425 1589 seu
1437 1558 1546 1597 Judicii
1561 1559 1633 1588 ratio
1648 1557 1816 1595 postulabit,
1833 1558 1863 1587 in
1878 1557 1921 1587 his
1936 1541 2135 1587 Mercatorum
2155 1556 2207 1587 Ne
2227 1558 2292 1588 otiis
2304 1568 2354 1588 au-

1295 1598 1385 1628 diatur
1399 1598 1522 1628 fraterne
1536 1606 1570 1626 ac
1583 1604 1708 1626 amanter
1724 1594 1860 1634 Mayestas
1875 1597 1959 1632 Regia
1973 1596 1990 1626 ἴα
2004 1599 2155 1625 Serenitate
2175 1599 2201 1635 ip
2212 1606 2253 1626 ms
2274 1599 2355 1634 Regi-

1297 1647 1350 1666 nea
1372 1637 1460 1674 petit:
1497 1635 1723 1674 Quamprimum
1745 1643 1840 1664 autem
1861 1633 2039 1665 Sereniffima
2061 1636 2179 1672 Reginca
2202 1635 2355 1676 Majestas,

1296 1675 1474 1706 oblationem
1492 1675 1566 1704 hanc
1580 1673 1704 1711 factam,
1723 1673 1756 1705 δε
1767 1681 1884 1703 annexas
1899 1671 2106 1709 Conditioncs,
2123 1673 2208 1711 idque
2221 1674 2257 1704 ad
2278 1674 2356 1704 sum-

1297 1723 1398 1751 mum,
1417 1715 1490 1744 intra
1505 1713 1582 1743 hunc
1598 1711 1632 1742 &
1646 1711 1719 1742 Divi
1733 1710 1877 1741 Michaelis
1890 1710 2061 1749 Archangeli
2083 1711 2180 1749 diem,
2206 1721 2296 1750 gratas
2310 1722 2355 1744 ra-

1295 1752 1392 1790 tasque
1416 1752 1563 1789 habuerit;
1588 1751 1672 1789 idque
1693 1749 1811 1787 Scripto
1833 1749 1942 1789 Regio,
1971 1750 2006 1780 ad
2027 1748 2241 1781 Sereniffimum
2257 1754 2356 1788 Regem

1300 1791 1470 1822 Dominum
1492 1789 1621 1820 nostrum
1642 1787 1903 1819 Clenientiffimum
1922 1788 2027 1818 soi-orie
2041 1797 2075 1818 ac
2093 1796 2218 1818 amanter
2233 1789 2356 1826 profesta

1299 1829 1401 1867 fuerit3
1425 1828 1586 1867 miseritque
1608 1828 1733 1865 aliquem
1759 1836 1828 1858 cum
1849 1825 2000 1857 sufficienti
2019 1825 2162 1857 Mandato
2179 1836 2213 1858 ac
2226 1827 2356 1864 legitima

1301 1866 1527 1906 Plenipotentia,
1549 1875 1612 1897 tum
1636 1865 1732 1896 eidem
1756 1866 1804 1904 qui
1829 1864 1937 1896 Literas
1955 1864 2015 1895 illas
2029 1863 2049 1884 *³
2069 1864 2176 1896 adferet
2188 1866 2358 1912 praedistam

1304 1906 1458 1938 Summam
1481 1914 1588 1946 30000.
1609 1904 1781 1943 Tderorum,
1797 1904 1827 1934 in
1851 1902 2003 1935 Mercibus
2023 1903 2156 1936 nondum
2170 1904 2307 1936 distinctis
2322 1907 2358 1939 &

1303 1945 1428 1976 Pecunia
1440 1952 1547 1984 parata,
1565 1943 1728 1975 tradendam
1743 1941 1962 1975 clementissime
1976 1941 2099 1974 curabit:

2396 1859 2513 1897 *xvn

2125 1943 2217 1982 Quod
2231 1944 2252 1975 fi
2267 1947 2339 1976 vero
2347 1968 2361 1985 ,
2376 1974 2382 1980 ,

1303 1985 1375 2015 intra
1395 1984 1589 2024 praescriptum
1613 1991 1672 2014 tem
1694 1992 1743 2020 us,
1765 1980 1943 2012 Sereniffima
1964 1984 2080 2019 Reginca
2102 1981 2236 2023 Majestas
2256 1982 2284 2014 se
2296 1993 2362 2015 non

1303 2023 1472 2061 declarabit,
1487 2020 1664 2053 Sereniffima
1711 2021 1769 2060 egla
1785 2018 1919 2059 Majestas
1933 2020 1967 2051 ad
1985 2030 2035 2060 ea,
2052 2030 2116 2060 quae
2127 2031 2206 2052 nunc
2215 2022 2362 2061 proposuit

1303 2072 1337 2093 ac
1351 2062 1472 2100 obtulit,
1488 2060 1642 2101 praestanda
1653 2060 1773 2098 amplius
1785 2068 1848 2089 non
1859 2059 2016 2097 tenebitur,
2041 2069 2135 2098 neque
2155 2059 2362 2093 Mercatorutn

1305 2101 1439 2140 Querelae
1453 2121 1464 2138 ,
1500 2099 1581 2138 hujus
1602 2097 1821 2129 confiscationis
1841 2097 1923 2129 causa
1945 2120 1956 2136 ,
1993 2097 2109 2129 ulterius
2127 2108 2160 2130 ac
2184 2099 2363 2136 inposterum

1302 2140 1476 2178 recipientur
1498 2148 1505 2169 :
1546 2138 1639 2177 Quae,
1666 2147 1720 2176 pro
1735 2147 1764 2167 re
1788 2143 1851 2167 nata
1893 2138 1928 2168 &
1943 2145 1998 2176 pro
2016 2136 2235 2168 circumstantiis
2255 2139 2364 2170 horum

1302 2179 1497 2218 Negotiorum
1506 2201 1515 2216 ,
1533 2176 1693 2216 Regineam
1707 2175 1784 2216 ipfius
1797 2159 1931 2215 Illustrem
1945 2177 1975 2205 in
1989 2176 2133 2213 optimam
2147 2185 2256 2216 partem
2272 2179 2305 2210 δε
2317 2179 2364 2209 in·-

1300 2226 1514 2286 ῐετρτῆῐτςιωῐειω
1534 2216 1569 2248 &
1589 2223 1803 2254 acceptaturam
1818 2214 1874 2245 esse
1894 2215 1977 2253 Regia
1994 2214 2130 2256 Majestas
2142 2214 2219 2256 ipfius
2239 2217 2365 2248 omnino

1303 2266 1362 2288 con
1404 2265 1433 2286 it.
2098 2274 2102 2278 -

1345 2294 1442 2333 Atque
1456 2303 1492 2325 ex
1503 2294 1548 2325 his
1558 2293 1696 2325 omnibus
1711 2294 1746 2326 &
1759 2292 1809 2332 ipfi
1823 2296 1946 2332 Regineae
1962 2292 2110 2333 Muyefiatr'
2128 2292 2162 2324 &
2179 2292 2323 2330 quibusvis
2334 2300 2369 2325 πά

1305 2334 1349 2364 liis
1364 2333 1540 2364 censendum
1555 2332 1690 2372 Majqftas
1705 2332 1782 2372 ipfius
1796 2335 1880 2371 Regia
1894 2333 2026 2371 relinquit
2034 2333 2208 2371 quantopere
2223 2331 2366 2364 Amorem

1303 2373 1453 2404 Sororium
1466 2372 1500 2402 ὅ(
1518 2371 1751 2402 Benevolentiam
1770 2370 1853 2403 istam
1868 2370 2017 2409 pristinam
2032 2381 2092 2401 non
2110 2370 2202 2402 modo
2215 2372 2367 2402 continua-

1305 2422 1352 2450 re,
1373 2410 1420 2442 sed
1435 2411 1467 2442 &
1484 2409 1649 2448 quibuscum
1671 2420 1706 2440 ue
1720 2412 1847 2441 omnino
1863 2409 1946 2448 possit
1968 2410 2122 2440 rationibus
2141 2418 2175 2440 ac
2197 2407 2300 2440 officiis
2315 2420 2366 2441 au-

1305 2451 1427 2481 ctiorem
1439 2449 1502 2480 fore
1516 2450 1625 2487 cupiat:
1666 2449 1705 2479 ‘ui
1719 2449 1754 2479 ad
1768 2450 1868 2479 omnia
1881 2448 1970 2488 longe
1991 2449 2078 2479 etiam
2097 2448 2227 2487 graviora
2246 2458 2365 2486 promp-

1305 2488 1442 2519 tiffimam
1454 2487 1633 2518 volontatem
1649 2487 1726 2517 suam
1741 2486 1863 2517 fraterne
1878 2497 1912 2518 ac
1928 2495 2104 2525 peramanter
2125 2486 2234 2525 defert,
2256 2487 2367 2517 eidem-

1308 2535 1364 2563 que
1377 2535 1498 2556 omnem
1513 2525 1831 2563 felicitatem,adeoque
1843 2535 1939 2555 rerum
1953 2526 2086 2555 omnium
2098 2523 2299 2562 prosperrimos
2306 2524 2369 2555 suc-

1309 2563 1400 2608 cessus
1414 2572 1477 2607 toto
1490 2565 1590 2594 animo
1613 2562 1766 2601 desiderat,
1782 2565 1817 2595 &
1831 2565 1848 2594 e
1869 2563 1944 2595 Deo
1965 2562 2107 2594 OPTIMO
2131 2561 2279 2593 Miixnvio
2295 2563 2362 2604 syn-

1311 2611 1383 2633 ceris
1396 2611 1470 2633 votis
1485 2609 1609 2639 exoptat.

1347 2643 1372 2671 A
1390 2639 1549 2680 magnificis
1564 2642 1598 2672 &
1612 2639 1753 2679 generosis
1768 2638 1905 2670 Dominis
1919 2638 2035 2676 Legatis
2048 2641 2120 2670 vero
2137 2639 2224 2678 quem
2240 2639 2370 2672 clemen-

1311 2679 1416 2711 tiffime
1432 2677 1569 2717 postulat,
1587 2688 1617 2709 ut
1633 2679 1706 2709 hanc
1721 2678 1809 2718 ipsam
1825 2677 1981 2716 Majestatis
1993 2676 2051 2708 suae
2070 2678 2213 2718 optimam
2235 2678 2369 2711 volunta-

1309 2727 1370 2749 tem
1386 2718 1519 2755 prolixius
1534 2718 1568 2748 &
1581 2718 1722 2753 ornatius,
1740 2716 1797 2754 qua
1810 2716 1872 2747 sunt
1886 2716 2035 2754 facultate,
2052 2715 2163 2754 optimi
2177 2715 2250 2754 fide,
2268 2717 2302 2747 ad
2319 2717 2371 2748 Se-

1310 2756 1483 2787 reniffimam
1499 2755 1659 2795 Regineam
1674 2754 1855 2793 Majestatem
1869 2755 1953 2799 ipsius
1966 2754 2068 2785 referre
2082 2755 2184 2786 velint:
2205 2755 2370 2792 Qibusvi-

1311 2795 1403 2825 cissim
1418 2794 1545 2833 Regium
1565 2794 1700 2824 Favorem
1716 2794 1749 2824 &
1765 2793 1975 2833 Clementiam,
1993 2803 2160 2833 quacunque
2174 2792 2270 2824 oblata
2283 2804 2371 2826 occa-

1311 2833 1406 2871 sione,
1424 2831 1624 2872 benignissime
1637 2831 1739 2863 defert.

1350 2908 1460 2940 Datum
1474 2907 1594 2951 Hafm'ae
1606 2908 1682 2941 sexto
1699 2907 1741 2941 Id:
2010 2918 2069 2942 cta.
2087 2917 2128 2941 ιο.
2150 2917 2208 2941 112.

2109 2987 2357 3020 Cuiusrnmus.

1319 3114 1479 3159 Confidam
1510 3115 1692 3161 Senatusiyue
1724 3111 1819 3148 Urbis
1843 3111 1963 3146 Embdae
1988 3115 2095 3146 Literae
2125 3112 2171 3146 ad
2199 3116 2373 3162 Reginam:

1361 3164 1452 3208 super
1474 3164 1655 3195 commercio
1678 3160 1767 3195 libere
1787 3159 1967 3203 exercenda,
1985 3164 2022 3200 ω’·
2044 3161 2080 3195 de
2105 3159 2252 3196 Navibus
2277 3167 2307 3196 in
2325 3163 2372 3196 O-

1368 3223 1457 3243 ceano
1481 3223 1537 3242 non
1559 3209 1757 3253 molestandis.

1396 3293 1562 3334 Seremffima
1576 3305 1608 3323 ac
1621 3295 1808 3335 Potentifflma
1823 3297 1928 3334 Regina
1944 3300 2064 3328 Domina
2087 3296 2300 3336 clementiffima,

1329 3371 1426 3434 CU
1436 3371 1475 3401 M
1493 3370 1642 3416 Mensibus
1655 3371 1854 3412 superioribus,
1877 3373 2014 3443 MaJeI’stas
2026 3372 2118 3415 vestra
2132 3374 2284 3404 nonnullos
2299 3371 2383 3404 Merss

1405 3410 1665 3452 catoresDSubditos
1679 3411 1743 3441 suos
1756 3412 1839 3442 nobis
1851 3412 1888 3443 de
1901 3423 1948 3443 me
1959 3415 2013 3443 iori
2029 3421 2099 3443 nota
2115 3412 2341 3450 commendaret,
2350 3415 2381 3442 in

1325 3460 1393 3482 eum
1406 3448 1492 3478 finem
1506 3447 1591 3491 libera
1606 3450 1640 3480 &
1654 3451 1791 3480 omnium
1806 3450 1949 3482 Gentium
1960 3452 2030 3490 Jure
2045 3451 2123 3481 licita
2148 3449 2335 3481 commercia
2348 3452 2382 3482 il-

1326 3491 1358 3520 lis
1373 3496 1502 3522 exercere
1515 3496 1545 3516 in
1560 3487 1614 3517 hac
1629 3486 1717 3517 Urbe
1732 3497 1762 3518 ut
1780 3491 2017 3528 permitteremus,

1365 3525 1451 3557 Nihil
1465 3524 1617 3556 habuimus
1628 3527 1769 3564 antiquius
1803 3529 1866 3558 uiim
1882 3530 1927 3557 M.
1943 3530 1974 3557 V.
1985 3526 2125 3564 jussibus,
2142 3525 2312 3564 illorumque
2327 3526 2382 3558 Pe-

1330 3565 1478 3596 titionibus
1490 3585 1501 3601 ,
1525 3564 1720 3602 obtemperare
1736 3576 1747 3604 ;
1805 3567 1902 3603 erum,
1926 3564 2005 3603 quod
2029 3572 2144 3602 propter
2163 3563 2384 3602 Hanfiaticorum

1329 3602 1478 3645 molimina
1491 3611 1533 3631 res
1546 3602 1609 3632 haec
1621 3603 1705 3634 ardua
1718 3604 1752 3635 &
1768 3603 1878 3635 matura
1892 3603 2103 3634 Deliberatione
2111 3601 2194 3640 digna
2208 3602 2387 3647 esset,Mer-

1331 3641 1473 3672 catoribus
1486 3640 1518 3669 &
1535 3640 1659 3671 subditis
1673 3645 1703 3672 V.
1718 3645 1764 3672 M.
1778 3643 1847 3673 sicut
1860 3644 1894 3674 &
1907 3642 2008 3679 nobis,
2027 3640 2113 3671 tutius
2135 3639 2226 3670 visum
2247 3642 2301 3672 fuit
2320 3652 2385 3673 rem

1331 3682 1425 3716 hanc,
1443 3687 1512 3708 curn
1527 3679 1604 3709 bona
1619 3680 1766 3711 voluntate
1779 3682 1813 3712 &
1828 3680 1964 3711 consensu
1983 3677 2093 3709 Illustris
2106 3686 2139 3708 ac
2157 3677 2298 3710 Generosi
2318 3681 2386 3712 Do-

1335 3718 1408 3748 mini
1425 3719 1533 3759 Cqmitis
1547 3718 1698 3748 Orientalis
1710 3719 1801 3757 Frifiae
1812 3718 1960 3758 sicperion‘s
1975 3716 2101 3747 Domini
2115 3716 2204 3746 nostri
2225 3718 2339 3758 aggredi
2352 3720 2387 3750 &

1333 3756 1483 3797 auspicari,
1500 3756 1605 3793 quem,
1625 3757 1674 3787 illo
1688 3759 1848 3795 praeterito,
1865 3755 2037 3795 ejusGen.&
2052 3754 2273 3794 Hanfiaticorum
2285 3756 2388 3788 odium

1336 3794 1617 3832 indignationemque
1629 3796 1657 3824 in
1673 3795 1741 3826 Nos
1754 3797 1908 3826 concitare.

1374 3832 1556 3874 Quapropter
1569 3834 1626 3870 ejus
1642 3836 1708 3863 Gen.
1725 3844 1784 3864 non
1798 3833 1888 3864 solum
1898 3832 2003 3863 Literae
2018 3832 2061 3860 M.
2071 3832 2101 3859 V.
2111 3840 2175 3862 ante
2184 3832 2290 3871 aliquot
2299 3832 2389 3864 Men-

1334 3870 1391 3908 seS,
1414 3869 1531 3899 redditae
1553 3870 1634 3909 sunt,
1661 3873 1765 3902 verum
1785 3874 1870 3903 etiam
1893 3872 2014 3906 interea,
2038 3868 2218 3908 diligentibus
2232 3872 2273 3904 2&
2287 3872 2393 3903 crebris

1337 3907 1539 3949 praediCtorum
1558 3908 1755 3940 Mercatorum
1773 3911 1806 3941 ὃς
1828 3908 1929 3940 nostris
1948 3906 2216 3946 interpellationibus
2236 3908 2392 3948 effectum,

1340 3956 1371 3977 ut
1389 3945 1505 3977 tandem
1527 3947 1583 3984 ejus
1604 3951 1672 3977 Gen.
1697 3947 1846 3979 Assensum
1868 3947 1949 3978 certis
1967 3945 2193 3976 Condicionibus
2215 3947 2391 3987 praebuerit·‚

1339 3986 1412 4015 inter
1425 3994 1492 4023 quas
1505 3984 1575 4014 cum
1588 3994 1718 4016 caveatur
1731 3986 1766 4017 de
1782 3985 1975 4022 vectigalibus
1989 3984 2124 4014 Domino
2146 3988 2244 4014 comiti
2266 3985 2317 4016 soli
2335 3985 2391 4015 sol-

2400 3395 2530 3424 siblcot-

2402 3442 2454 3462 ιονι-
2468 3433 2531 3462 Gal·

2400 3472 2434 3500 ba
2441 3476 2477 3500 D.
2489 3481 2498 3498 ι
2506 3479 2533 3508 3,

2395 3510 2446 3549 fol.
2470 3519 2534 3548 30⁰·

241 4047 303 4088 flas
317 4044 392 4085 ipsius
413 4042 557 4074 Sororium
575 4041 607 4070 ὅ(
623 4038 785 4068 Frateniam
800 4032 926 4071 Regiam
940 4028 1130 4064 Amicitiam,
1153 4025 1186 4056 &
1200 4024 1304 4055 horum
1342 4022 1458 4061 vendis,
1486 4023 1636 4054 maluimus
1657 4023 1725 4054 Nos
1747 4025 1782 4055 de
1802 4023 1902 4056 nostro
1918 4022 1988 4062 Jure
2010 4021 2087 4061 quod
2109 4021 2215 4061 alioqui
2237 4024 2338 4061 nobis,
2360 4024 2392 4054 in

2330 4070 2395 4099 per-
