2557 4279
243 147 319 189 168
652 131 1442 185 CONVENTIONES,
1522 129 1919 184 LITERAE,

84 234 161 264 Ann.
175 231 217 263 D.
240 236 264 262 ti
280 231 420 262 Numero
433 229 465 259 &
482 227 583 265 Loco,
602 226 640 257 ita
654 225 695 257 uti
710 234 826 263 aequum
841 223 893 262 est,
911 223 1020 262 ubique
1036 221 1187 254 Locorum
1202 221 1305 254 habea·
1343 221 1426 251 fimce
1440 215 1590 262 Auctorite
1604 215 1805 249 Commiffion
1822 215 1858 249 &
1873 214 2070 250 Mandement
2093 213 2212 258 special,
2237 223 2285 248 car
2308 213 2348 248 tel
2366 212 2410 251 est
2422 215 2501 250 Ann-
2511 215 2557 252 D:

131 273 200 303 610.
239 281 301 309 tur,
319 270 396 300 hisce
409 269 464 304 iam
483 265 581 296 Literis
595 265 685 301 palam
702 263 837 294 testamur
853 264 886 294 &
905 262 1073 301 profitemur
1088 285 1098 300 ,
1116 260 1244 298 adeoque
1269 271 1300 292 e·
1340 258 1438 292 nostre
1458 256 1564 287 Plaifir.
2445 257 2551 292 1610..

90 282 182 350 ὡκ.
195 320 219 340 1.
240 311 310 341 tiam
328 309 355 338 id
371 308 458 346 ipsum
473 305 531 334 hoc
546 303 716 342 Diplomate
733 301 832 332 nostro
847 301 957 332 Ratum
971 302 1004 332 &
1020 299 1236 331 Confirmatum
1257 301 1300 330 es-
2424 296 2512 336 SJM,
2534 309 2557 339 ,ε

241 349 269 378 se
283 347 436 382 volumus,
454 343 699 381 praenominatum
714 339 867 371 albertum
884 338 1032 380 Joachimy
1060 338 1199 381 Equestris
1216 339 1300 368 Ordi-

243 390 286 418 nis
303 385 449 422 Dignitate
463 381 588 411 Honore
603 381 637 412 &
653 380 776 418 Titu10,
802 379 880 410 ultro
900 380 916 409 ἐι
936 378 1036 410 Nobis
1053 379 1192 408 donatum
1217 385 1302 416 atque

242 425 405 464 insignitum
428 420 506 458 esse,
531 419 654 457 ideoque
677 419 748 450 illud
768 418 804 449 ab
823 418 961 449 omnibus
981 426 1047 448 tum
1073 417 1174 456 Regiae
1196 415 1303 446 nostrae

242 461 385 500 Dignitati
398 469 483 498 atque
499 458 684 497 Auctoritati,
700 466 765 490 tum
782 456 862 494 ipsius
878 456 994 488 Meritis
1006 455 1121 492 deberi,
1141 463 1173 498 ut
1187 463 1224 484 eo
1231 453 1267 484 N
1269 464 1302 484 u-

242 510 325 531 mero
339 501 372 531 &
390 499 474 529 Loco
486 497 560 537 apud
574 496 728 534 Populares
740 497 821 533 suos,
839 497 873 527 &
889 495 1005 532 usquam
1026 494 1093 524 alibi
1115 492 1232 530 perinde
1252 493 1303 523 ha-

237 537 355 575 beatur,
373 547 407 568 ac
423 537 493 567 Nos
507 537 608 574 quovis
627 536 696 566 alios
715 534 878 574 praestantes
901 533 987 564 Viros
1011 531 1094 575 simili
1117 530 1243 562 Honore
1265 532 1304 562 ab

239 578 298 608 aliis
312 577 441 615 Regibus
455 583 570 605 ornatos
586 576 619 607 δε
632 574 838 606 condecoratos
851 572 944 602 sumus
962 571 1092 613 habituri.
1149 607 1155 613 ι

279 615 312 646 In
327 618 405 654 cujus
419 615 458 645 rei
474 613 692 645 Testimonium
706 613 755 645 has
770 612 878 643 Literas
891 609 999 641 nostras
1019 607 1079 639 fieri
1100 607 1225 638 fecimus
1249 606 1306 639 Pa-

245 662 344 686 temes.

1378 334 1489 366 Donne
1503 343 1521 376 ρ.
1539 333 1641 371 Paris,
1663 342 1700 364 ce
1725 331 1808 376 vin&
1825 332 2002 370 ‘quatriesme
2014 332 2098 403 l{our
2119 333 2156 365 de
2173 330 2267 374 May,
2277 331 2355 378 ⁸1’An
2371 331 2410 366 de

1343 372 1440 405 Grace
1460 369 1547 402 Mille
1563 371 1602 402 six
1620 380 1689 403 cens
1705 369 1754 401 dix
1764 392 1775 409 ‚
1790 370 1825 402 δε
1841 370 1880 402 de
1900 371 1997 403 nostre
2046 381 2132 412 eigne
2145 372 2172 403 le
2189 381 2326 410 meimet,

1384 448 1473 488 Ainsy
1484 441 1590 488 Sigae,
2072 485 2101 517 L
2117 494 2138 518 o
2156 495 2180 518 u
2198 495 2212 519 1
2230 497 2244 519 ς

1383 525 1422 558 Et
1437 525 1500 564 plus
1510 526 1575 564 bas,

1510 604 1569 634 Par
1588 601 1613 633 Ie
1626 605 1696 644 Ray,
1710 601 1740 633 Ia
1755 604 1850 645 Royne
1867 603 1993 641 Regente

1455 678 1598 712 Presente.

278 731 390 762 Datum
406 731 437 761 in
452 733 533 768 Regio
553 729 666 760 Palatio
688 727 775 766 nostro
802 724 877 764 apud
898 722 1161 763 Wstmonasterium
1188 722 1308 754 decimo
1989 714 2023 748 D
2032 724 2051 749 Ε
2069 715 2107 748 Ν
2115 724 2134 748 Ε
2142 725 2166 749 u
2173 726 2194 750 F
2202 727 2222 750 v
2231 725 2274 750 11..
2281 726 2304 749 L
2312 725 2344 750 Β.

244 770 368 807 septimo
383 769 441 800 Die
459 769 548 806 Maii,
567 769 655 799 Anno
667 766 764 804 Regni
783 764 870 794 nostri
894 766 1015 805 Magne*
1033 764 1193 805 Britanniae
1219 765 1309 792 Fran-

243 812 290 840 ciae
307 808 346 844 ὠ·
364 807 507 840 Hibernia»
519 807 627 838 oetavo
637 830 645 844 ,
659 807 755 835 Scotiae
772 804 841 834 vero
857 802 1071 842 quadragelimo
1088 809 1182 832 tertio.

983 876 1026 909 G.
1064 876 1273 910 CAREW.

1387 796 1430 827 Et
1437 794 1519 836 Jeelle
1536 795 1573 826 du
1587 795 1682 835 grand
1694 793 1756 827 Seel
1767 795 1800 826 de
1817 798 1870 826 cire
1880 794 1981 834 jaune.

280 962 440 995 Confimile
453 971 504 1000 pro
518 959 602 991 Helia
619 957 656 988 ab
673 953 911 988 Oldenbarnevelt
926 953 1002 993 Juris
1026 953 1177 993 Βοίὶοτε,
1197 955 1308 986 Domi-
1468 932 1519 965 De
1544 933 1698 965 &mmm
1711 932 1745 966 D
1747 933 1839 963 ⁰mini
1855 931 1903 964 H·
1919 933 2065 978 Princ'pis
2081 930 2209 972 Wdliae'
2231 932 2298 969 &⁶⁰

244 1012 285 1033 no
297 1004 327 1033 in
344 1001 568 1038 Middlehernis,
585 997 716 1039 Syndico
737 996 771 1027 &
798 994 970 1026 Consiliario
991 992 1124 1026 Civitatis
1145 994 1310 1026 Roteroda-

247 1041 371 1080 menfis’
385 1041 448 1072 &a
1352 1015 1521 1086 JAcobus,
1539 1015 1599 1047 Dei
1618 1015 1740 1056 Gratia,
1757 1015 1872 1055 Angliae
1889 1018 1986 1046 Scotiae
2001 1018 2125 1046 Franciae
2143 1015 2182 1051 ῤ’
2201 1015 2342 1048 Hibernia
2357 1019 2419 1048 Rex
2434 1012 2510 1046 Ann-
2523 1013 2557 1046 D

1412 1055 1493 1086 Fidei
1509 1055 1669 1095 Defensor,
1695 1056 1755 1087 δίε.
1788 1055 2018 1094 Archiepiseopis
2040 1054 2175 1086 Ducibus
2197 1054 2423 1087 Marchionibus
2461 1054 2549 1086 1610.

1354 1093 1524 1125 Comitibus
1541 1093 1769 1125 Vicecomitibus
1781 1093 1928 1132 Episcopis
1945 1092 2108 1124 Batonibus
2120 1092 2285 1132 justiciariis
2301 1095 2420 1133 Praepo-
2434 1097 2493 1121 Pat.
2507 1094 2535 1122 8.

1355 1133 1412 1164 fitis
1426 1131 1585 1171 Ministris,
1603 1133 1637 1163 &
1653 1133 1791 1163 omnibus
1808 1132 1868 1163 aliis
1886 1131 2032 1162 h‘idelibus
2050 1131 2101 1162 suis
2113 1154 2124 1170 ,
2143 1131 2277 1163 Salutem.
2437 1131 2501 1169 Jac.
2522 1141 2548 1161 1.

1395 1170 1658 1210 Quemadmodum
1667 1170 1805 1202 Summus
1819 1171 1864 1201 ille
1877 1170 1910 1201 δε
1924 1169 2119 1208 Sempiternus
2129 1168 2237 1201 Mundi
2245 1170 2423 1212 Opifex,qui
2436 1180 2460 1203 ›³-
2477 1179 2506 1205 9·

1354 1210 1465 1242 infinita
1479 1209 1869 1240 l'oteiitiiCoelumTerram
1890 1218 1926 1238 ue
1940 1209 2098 1247 fabricavit,
2105 1207 2205 1239 eadem
2214 1218 2246 1240 ut
2256 1209 2424 1248 Opificium
2435 1218 2473 1238 m.
2493 1216 2536 1244 ¹7·

283 1117 373 1150 Teste
391 1125 422 1148 ut
435 1116 520 1154 supra.

975 1147 1018 1180 G.
1057 1147 1086 1179 C
1107 1157 1128 1179 A
1147 1157 1172 1181 R
1192 1157 1211 1180 E
1231 1159 1271 1183 w.

90 1932 157 1962 Ann
181 1929 224 1965 D.

110 1970 142 1999 τό
152 1980 197 2000 10.

118 2010 185 2038 Ibus,

88 2434 202 2464 ⁶⁷va

88 2474 153 2503 ⁶58.

280 1232 442 1264 Consimile
457 1240 508 1270 pro
522 1229 656 1269 Johanne
674 1228 749 1259 Berk
760 1226 836 1268 Juris
851 1225 1003 1263 nonore,
1021 1225 1157 1258 Domino
1175 1227 1205 1257 in
1223 1226 1310 1258 God-

242 1272 414 1310 selalkoore,
434 1270 562 1310 Syndico
577 1270 610 1301 &
624 1268 761 1300 Primario
776 1266 946 1298 Confiliario
964 1264 1098 1296 Civitatis
1121 1265 1309 1297 Dordracen-

245 1311 277 1341 lis
284 1335 292 1349 ‚
311 1312 373 1340 δίε.

279 1386 372 1417 Teste
386 1394 417 1418 ut
434 1369 525 1424 supra.
981 1418 1014 1450 G
1061 1418 1091 1448 C
1107 1428 1128 1449 Α
1148 1427 1173 1450 R
1192 1427 1212 1450 ε
1231 1428 1261 1451 W

279 1502 440 1533 Confimile
454 1511 506 1540 pro
522 1500 642 1531 Alberto
660 1499 692 1530 de
702 1501 767 1529 Veer
782 1498 858 1537 Juris
875 1496 1021 1534 Dmstore,
1039 1494 1168 1535 Syndico
1183 1494 1310 1528 &Con-

246 1541 347 1573 siliario
365 1540 498 1571 Civitatis
516 1538 795 1570 Amstelredamenfis
806 1560 815 1575 ,
832 1538 894 1569 &c.

281 1617 373 1649 Teste
391 1625 421 1649 ut
434 1617 523 1658 supra.
983 1649 1027 1682 G,
1063 1649 1092 1681 C
1112 1661 1133 1682 A
1152 1660 1177 1682 R
1197 1659 1217 1682 Ε
1237 1660 1267 1682 W

300 1780 464 1825 Commiffio
490 1778 643 1815 Ludovici
665 1782 752 1826 Regis
777 1781 909 1813 Franciae
925 1790 982 1826 pro
1007 1780 1139 1812 Domino
1162 1776 1199 1810 de
1222 1777 1254 1810 la

708 1826 842 1862 Boderie.

246 1917 386 1979 LOm's‚
404 1925 453 1955 par
467 1915 492 1945 la
507 1913 603 1946 Grace
617 1915 655 1945 de
669 1914 748 1945 Dieu
759 1938 768 1953 ‚
786 1917 844 1954 Ray
861 1913 895 1944 de
910 1917 1014 1944 France
1032 1911 1071 1950 ἔγ
1090 1914 1124 1944 de
1148 1915 1308 1951 vaarre,

318 1966 349 1992 a,
368 1953 465 1986 nostre
481 1954 569 1984 Amie
582 1954 616 1985 &
630 1953 694 1984 Feal
711 1953 867 1985 Conseiller
882 1962 919 1984 en
938 1951 1032 1984 nostre
1055 1951 1173 1983 Consess
1189 1952 1311 1990 d’Estat,

245 1992 269 2022 le
288 1997 369 2024 Sieur
386 1994 420 2023 de
435 1992 465 2022 la
481 1991 614 2031 Boderzb,
632 1991 720 2024 Salut.

284 2032 326 2062 Le
344 2033 392 2063 feu
410 2031 479 2072 Roy
495 2030 590 2061 nostre
610 2031 819 2062 Tressionnore
841 2029 978 2069 Seigneur
995 2031 1029 2062 &
1047 2029 1134 2069 Pete,
1151 2039 1207 2070 que
1228 2028 1306 2060 Dieu

243 2070 376 2110 absolve,
394 2081 474 2110 apres
491 2069 666 2110 l'expiration
682 2069 731 2100 des
749 2069 873 2100 Traittes
893 2069 930 2100 de
952 2069 1022 2100 Paix
1047 2068 1154 2099 Amitie
1178 2068 1306 2100 Alliance

242 2109 336 2149 Ligue
351 2113 384 2141 ἃ
400 2109 644 2147 Consederation,
663 2109 772 2139 d’entre
787 2108 885 2139 nostre
901 2107 1064 2140 Couronne
1082 2109 1116 2140 δε
1130 2107 1202 2139 celle
1212 2107 1306 2138 d'An-

241 2147 380 2188 gleterre,
395 2149 445 2179 fait
461 2157 510 2186 par
527 2147 596 2178 Nos
614 2147 826 2179 Predeceffeurs
838 2148 871 2179 &
884 2147 911 2177 le
924 2146 986 2178 dist
998 2147 1043 2176 feu
1059 2145 1110 2177 Ro
1133 2170 1142 2184 ‚
1159 2156 1230 2177 avec
1245 2147 1306 2185 feu,

241 2186 337 2218 nostre
351 2187 508 2218 Treschere
522 2186 554 2216 δε
581 2186 733 2217 Trelamee
749 2186 848 2217 bonne
860 2186 976 2217 Taunte
988 2185 1022 2217 &
1034 2184 1101 2216 Cou
1115 2187 1178 2223 ine,
1197 2184 1225 2214 la
1235 2188 1305 2225 Roy—

241 2237 275 2255 ne
294 2225 467 2264 Elizabeth,
486 2224 562 2264 auffy
579 2225 755 2255 d’Heureusc
774 2224 942 2263 Memoire,
959 2233 1034 2263 pour
1049 2224 1075 2254 le
1098 2224 1169 2255 Bien
1183 2225 1216 2255 ὃς
1241 2225 1303 2255 l’A-

240 2273 358 2304 vantage
373 2266 408 2295 de
423 2266 496 2295 leurs
511 2263 684 2295 Couronnes
695 2263 770 2294 Paiis
788 2265 821 2295 ὃς
838 2272 994 2294 commutis
1009 2262 1112 2301 Sujets‚
1128 2261 1210 2293 Vous
1224 2272 1305 2302 ayant

238 2301 288 2334 fait
307 2304 435 2343 expediet
449 2303 487 2334 ses
502 2302 614 2333 Lettres
628 2301 774 2341 Parentes,
791 2313 826 2332 en
849 2301 936 2333 Datte
948 2301 987 2332 du
1011 2311 1062 2341 29.
1084 2300 1162 2341 Jour
1187 2302 1221 2331 de
1245 2304 1305 2332 De—

239 2343 340 2372 cembre
353 2343 482 2380 dernier,
497 2350 611 2381 portans
628 2341 757 2372 Pouvoir
770 2342 804 2372 ὃς
819 2340 1018 2372 Commiffion
1039 2349 1110 2378 pour
1121 2363 1131 2378 ,
1149 2349 1228 2371 entre
1252 2351 1301 2370 au-

240 2386 296 2411 tres
312 2381 422 2411 Choses
439 2383 488 2420 qui
505 2390 576 2411 votis
590 2381 703 2410 avoient
720 2380 778 2410 este
791 2390 839 2418 par
855 2379 918 2420 Luy
937 2378 1079 2416 comises‚
1103 2379 1244 2417 proceder
1267 2389 1302 2409 au

241 2419 259 2458 ἦ
277 2420 519 2450 renouvellement
535 2418 750 2449 Confirmation
765 2419 799 2449 &
812 2418 1025 2456 Amplification
1051 2417 1100 2449 des
1121 2418 1196 2449 diets
1218 2417 1304 2448 Trai-

241 2465 301 2495 tes,
318 2467 386 2489 avec
400 2458 612 2488 Tresexcellent
625 2459 659 2489 ὃς
679 2456 873 2494 Trespuissant
893 2456 1000 2487 Prince
1014 2479 1024 2493 ,
1041 2457 1139 2488 nostre
1162 2456 1305 2488 Treschet

243 2497 277 2526 &
294 2496 430 2526 Tresame
453 2495 514 2524 bon
534 2495 618 2525 Frere
645 2494 756 2524 Cousin
778 2496 811 2525 &
837 2496 939 2524 ancien
967 2495 1057 2532 Allie,
1084 2495 1109 2524 le
1130 2497 1187 2534 Roy
1216 2495 1249 2524 de
1273 2494 1302 2523 la

243 2535 357 2564 Grande
374 2537 526 2570 Bretaigne
541 2543 556 2563 a
572 2532 681 2570 present
697 2541 878 2569 regnant,ou
895 2533 961 2561 faire
977 2543 1015 2562 un
1033 2541 1166 2563 nouveau
1181 2542 1216 2561 en
1237 2532 1303 2562 suit·

242 2581 273 2603 te
288 2574 324 2603 de
337 2573 420 2611 celuy
436 2572 513 2608 Fan,
531 2580 577 2610 par
591 2571 615 2600 le
630 2569 795 2609 Trentiefiue
811 2570 888 2608 Jour
904 2571 936 2599 de
951 2569 1058 2608 Juillet
1085 2569 1152 2600 Mill
1177 2570 1214 2599 six
1236 2579 1305 2600 cens

243 2613 328 2650 trois,
346 2621 427 2642 entre
441 2610 535 2640 nostre
551 2610 598 2640 feu
611 2612 736 2645 seigneur
754 2607 792 2644 ὠ·
809 2610 878 2638 Pero
893 2609 926 2639 &
941 2608 968 2639 le
984 2609 1044 2640 diet
1059 2612 1115 2650 Roy
1128 2607 1224 2638 nostre
1242 2609 1302 2638 bon

245 2649 332 2720 Frelgre
349 2649 459 2681 Cousin
475 2650 508 2680 ὃ(
522 2649 622 2680 ancien
638 2648 723 2685 Allie,

317 2699 368 2719 ous

277 2712 413 2758 Desira’ns
429 2726 494 2766 Luy
509 2725 669 2765 tcmoigner
689 2723 829 2755 combien
845 2723 934 2756 Nous
947 2723 1100 2756 cheriffons
1115 2725 1140 2755 la
1154 2725 1303 2756 continua-

241 2766 304 2798 tion
319 2767 355 2797 de
370 2767 394 2796 la
408 2768 504 2796 bonne
517 2766 550 2796 &
566 2763 699 2803 pai-fai&
717 2763 842 2800 Amitie,
863 2764 930 2800 qu'il
951 2775 967 2795 a
982 2773 1062 2802 porte
1081 2774 1095 2794 a
1121 2763 1216 2794 nostre
1242 2763 1303 2793 di&

239 2804 290 2836 feu
303 2809 429 2842 Seigneur
444 2801 482 2839 ᾤ’
502 2806 586 2840 Pere,
604 2803 636 2833 &
651 2803 699 2841 qui
715 2812 730 2831 a
744 2802 814 2832 dure
826 2803 949 2839 pendant
961 2803 988 2832 le
998 2812 1081 2832 cours
1097 2802 1132 2833 de
1145 2803 1214 2834 leurs
1230 2801 1301 2832 Rei-

241 2852 327 2882 gneS,
349 2845 412 2882 Luy
426 2843 538 2874 donner
552 2841 696 2873 affurance
708 2841 745 2871 de
759 2839 784 2871 la
799 2839 905 2879 nostre,
920 2841 1001 2872 icelle
1019 2841 1172 2872 estreindre
1188 2841 1221 2872 &
1239 2849 1301 2879 per-

239 2891 338 2919 petuet
355 2892 432 2913 entre
443 2881 541 2919 Nous,
554 2892 569 2910 a
584 2890 631 2911 ces
647 2878 763 2916 Cautes,
1287 2895 1288 2901 η

280 2920 334 2950 Par
349 2922 374 2952 le
389 2921 507 2959 prudent
524 2920 612 2950 Advis
627 2919 661 2950 ὃς
677 2917 794 2948 Conseil
806 2917 843 2948 de
856 2917 881 2948 la
895 2920 988 2958 Royne
996 2920 1114 2955 Regenre
1130 2915 1215 2956 nostre
1223 2919 1300 2946 Tres-

242 2958 378 2989 honnoree
395 2964 485 2990 Dame
503 2958 541 2993 ὠ
570 2961 670 2997 More,
695 2957 743 2988 des
766 2956 883 2988 Princes
907 2956 942 2986 de
964 2956 1060 2987 nostre
1089 2956 1187 2994 Sang‚
1209 2965 1302 2987 autres

241 2997 379 3036 Princes,
399 2999 501 3035 Dum,
520 2996 655 3027 Officiers
677 2995 714 3026 de
738 2995 833 3026 nostre
856 2996 1016 3026 Couronne
1032 3019 1041 3033 ,
1057 2996 1091 3026 ὃς
1121 3004 1214 3025 autres
1243 2995 1303 3026 Sei—

240 3045 345 3076 gneurs
367 3036 401 3067 de
416 3035 511 3067 nostre
523 3035 656 3071 Conseil,
674 3034 763 3065 estans
776 3044 838 3073 pres
852 3034 888 3064 de
913 3032 1013 3072 Nom,
1038 3033 1072 3064 ὅτ.
1095 3044 1110 3063 a
1132 3034 1206 3070 plain
1229 3044 1301 3064 con-

243 3076 313 3105 fians
327 3076 362 3105 de
383 3085 436 3106 vos
456 3075 526 3105 Sens
548 3073 701 3104 Suffisance
720 3072 852 3111 Loyaute
870 3071 1095 3102 Preudhommie
1124 3071 1302 3112 Experience

243 3113 362 3144 Fidelite
375 3113 525 3144 Affection
540 3111 700 3143 Conduitte
719 3111 751 3141 &
766 3112 865 3141 bonne
879 3110 1035 3147 Diligence
1046 3133 1055 3148 ‚
1074 3110 1161 3141 Nous
1180 3121 1250 3141 vous
1272 3121 1300 3141 a·

243 3162 316 3182 vons
332 3154 458 3183 commis
474 3154 604 3183 ordonne
619 3150 651 3180 ὃς
666 3150 788 3187 depute‚
807 3157 1007 3180 commertons
1023 3147 1190 3178 ordonnons
1204 3151 1237 3180 «Sc
1250 3149 1301 3179 de-

243 3200 367 3228 putons,
385 3201 434 3232 par
447 3200 495 3221 ces
508 3190 650 3220 Presentes
667 3188 772 3225 signees
785 3187 821 3218 de
836 3187 931 3218 nostre
950 3186 1052 3225 Maio,
1078 3197 1148 3224 pour
1171 3188 1301 3219 renovel-

244 3230 285 3259 ler
300 3229 456 3262 confirmer
480 3231 514 3260 ὃς
529 3228 664 3268 amplifier
677 3236 713 3256 en
732 3226 828 3256 nostre
843 3226 929 3256 Nom
955 3225 994 3256 les
1017 3225 1092 3256 diets
1112 3225 1245 3258 TraiCtes
1265 3227 1302 3256 de

244 3267 314 3299 Paix
330 3269 456 3300 Alliance
469 3268 578 3299 Amitie
594 3267 684 3304 Ligue
697 3267 730 3296 &
749 3264 972 3296 Confedeiation
987 3264 1023 3294 de
1039 3274 1118 3294 entre
1131 3263 1235 3302 Nous,
1250 3265 1302 3302 &,

246 3307 344 3338 nostre
359 3309 419 3339 diet
433 3309 494 3338 bon
509 3306 594 3336 Frere
609 3305 719 3336 Cousin
738 3305 771 3336 δε
788 3304 886 3334 ancien
903 3302 988 3340 Allie,
1005 3302 1031 3332 le
1047 3305 1102 3342 Roy
1118 3302 1151 3332 de
1166 3302 1195 3332 la
1209 3306 1304 3333 Gran-

248 3345 281 3374 de
296 3349 437 3386 Bretagne
447 3369 456 3384 ,
470 3344 649 3382 Confirmer,
665 3343 684 3373 11
699 3343 810 3373 mestier
822 3342 862 3372 est
873 3366 883 3381 ,
899 3342 979 3380 celuy
1003 3341 1084 3371 Faiet
1099 3342 1125 3371 le
1140 3341 1201 3372 diet
1216 3345 1303 3372 Tren-

248 3384 341 3423 tiefine
358 3387 390 3415 de
407 3382 533 3424 Juillet,
551 3382 621 3414 Mill
634 3384 673 3413 fix
689 3391 756 3412 cens
770 3382 837 3412 trois
854 3403 864 3419 ,
889 3390 928 3411 ou
947 3379 1063 3411 traiCter
1082 3379 1212 3410 resoudre
1230 3390 1303 3410 con-

247 3423 341 3455 clurre
356 3425 390 3455 de
405 3424 499 3455 nostre
512 3431 574 3461 part
590 3431 629 3452 un
646 3430 794 3458 nouveau‚
809 3430 847 3450 en
863 3420 887 3450 la
905 3419 999 3450 forme
1017 3419 1066 3487 gui
1090 3418 1148 3448 sera
1170 3428 1217 3458 par
1232 3429 1304 3449 vous

252 3461 323 3491 avise
338 3463 408 3494 estre
425 3462 578 3493 meillieurc
593 3470 667 3499 pour
681 3459 706 3490 le
724 3458 791 3489 Bien
808 3460 842 3490 &
860 3459 1005 3496 Avantage
1037 3467 1053 3488 e
1070 3457 1166 3487 nostre
1188 3456 1303 3488 Service

252 3499 286 3527 ὃ(
304 3501 398 3533 nostre
418 3502 570 3541 Royaume
583 3500 617 3530 &
635 3499 750 3537 Sujetz,
763 3507 833 3528 avec
853 3497 879 3528 le
895 3497 954 3528 diCt
971 3499 1028 3537 Roy
1051 3506 1091 3527 ou
1113 3496 1152 3526 les
1174 3495 1305 3533 Deputes

250 3537 320 3574 qu'il
338 3548 509 3571 commettra
525 3548 597 3579 pour
615 3537 674 3569 cest
692 3537 795 3574 effect,
1100 3573 1105 3579 ⁸
1233 3567 1237 3571 ,

291 3575 329 3606 Et
348 3587 418 3615 pour
437 3589 471 3608 ce
489 3578 555 3608 faire
571 3577 709 3609 convenit
724 3578 758 3608 &
775 3573 912 3606 accordei·
928 3581 992 3604 tout
1007 3583 1042 3604 ce
1060 3583 1106 3611 qui
1132 3572 1188 3603 sera
1206 3573 1303 3603 neces-

252 3613 319 3644 saise
336 3626 406 3652 pour
422 3617 446 3647 le
465 3617 532 3647 Bien
552 3624 693 3647 commun
708 3614 744 3646 de
759 3624 810 3644 nos
828 3612 1001 3643 Couronnes
1027 3613 1097 3642 Paiis
1114 3612 1148 3643 ὅ(
1166 3612 1269 3649 Sujets,
1282 3612 1306 3641 i-

253 3654 335 3683 ceulx
351 3654 461 3684 Traites
480 3655 601 3692 changes
619 3653 748 3684 estendre
765 3654 799 3683 δε
816 3659 1004 3689 augmenter,
1022 3651 1055 3682 &
1076 3650 1112 3680 de
1131 3658 1193 3680 tout
1218 3650 1306 3687 paffer

252 3701 289 3719 en
305 3692 402 3721 nostre
418 3693 502 3722 Noni
521 3695 600 3723 telles
618 3691 776 3723 Promesses
794 3690 979 3727 obligations
992 3691 1026 3721 &
1036 3688 1238 3718 Conventions
1250 3698 1306 3727 que

255 3729 351 3760 besoin
366 3731 438 3768 sera,
457 3741 514 3760 non
530 3732 644 3761 obstant
661 3741 716 3770 que
732 3730 852 3761 d’icelles
870 3730 888 3758 il
907 3738 943 3758 ne
960 3728 1016 3758 soit
1031 3727 1082 3757 fait
1101 3728 1233 3757 mention
1255 3737 1305 3765 par

250 3767 278 3797 le
297 3778 384 3798 menti
399 3780 434 3798 en
451 3779 496 3798 ces
515 3770 585 3799 diets
606 3770 745 3807 Presems,
762 3771 796 3800 &
808 3769 898 3806 jacoit
916 3776 971 3804 que
989 3766 1015 3797 le
1032 3776 1079 3797 cas
1095 3764 1200 3804 requist
1217 3765 1307 3796 Man-

252 3806 371 3837 dement
386 3808 444 3845 pius
461 3808 559 3845 special
577 3808 643 3845 qu‘il
658 3808 727 3838 n'est
747 3815 827 3845 porte
844 3815 891 3844 par
907 3805 1018 3844 icelles3

291 3845 488 3882 Promettaiis,
506 3856 541 3874 eii
558 3846 619 3885 Foy
635 3846 667 3876 &
684 3845 793 3876 Parolle
806 3845 840 3875 de
858 3845 908 3874 Ro
941 3852 1004 3874 tout
1021 3852 1074 3878 ce,
1092 3852 1148 3880 que
1168 3850 1217 3880 par
1236 3852 1307 3873 vous

251 3886 308 3916 sera
328 3884 405 3913 Gere
423 3884 539 3914 Traic‘te
555 3884 687 3922 Negocie
705 3883 822 3914 Conclu
840 3885 874 3915 &
924 3892 1040 3912 onvenu
1059 3891 1095 3911 en
1113 3880 1171 3911 cest
1183 3880 1309 3920 endroit,

251 3924 332 3955 avoir
351 3923 479 3959 agi-eable
496 3923 566 3952 tenir
585 3923 674 3952 ferme
694 3924 727 3953 &
746 3922 833 3953 stabie
847 3931 862 3952 a
880 3922 1038 3959 tousjours,
1063 3920 1123 3950 sans
1147 3920 1242 3957 jamais
1267 3921 1306 3950 al-

252 3964 294 3993 ler
314 3971 350 3998 ny
368 3962 547 3990 conti-evenir
565 3971 580 3990 a
600 3961 756 3990 l'encontre
768 3984 777 3998 ,
793 3961 826 3992 &
851 3959 888 3989 de
913 3969 947 3989 ce
972 3969 1008 3989 en
1036 3959 1131 3989 baillet
1146 3957 1215 3988 Nos
1233 3957 1303 3989 Let-

253 4011 307 4032 tres
324 4001 357 4030 de
377 3998 558 4028 Ratification
575 4008 663 4028 tontes
683 4000 736 4029 fois
754 4000 786 4029 δε
807 4007 923 4036 quantes
951 4007 1007 4035 que
1032 3997 1124 4035 requis
1150 4005 1186 4025 en
1209 3995 1304 4027 serons

254 4042 290 4070 de
307 4049 342 4070 ce
358 4039 439 4075 faire,
456 4046 525 4069 vous
540 4046 626 4068 avons
644 4037 739 4068 donne
765 4038 798 4069 &
819 4037 953 4067 donnons
977 4035 1052 4074 plain
1076 4034 1206 4068 Pouvoir
1226 4033 1305 4066 Puis-

1352 1249 1433 1280 suum
1447 1248 1591 1279 immensa
1599 1248 1727 1278 bonitate
1740 1248 1857 1287 benigni
1882 1249 1940 1277 ime
1949 1255 2042 1278 tuetur
2051 1248 2085 1279 &
2095 1247 2242 1279 conservat
2250 1259 2261 1286 3
2269 1257 2307 1278 ita
2317 1247 2424 1281 Homo

1355 1288 1414 1319 Dei
1423 1287 1579 1326 Exemplo,
1585 1286 1619 1316 ad
1629 1287 1674 1325 cuj
1680 1297 1710 1316 us
1717 1285 1878 1325 Imaginem
1887 1285 2053 1316 efformatus
2061 1285 2113 1324 est,
2118 1285 2260 1317 Soboletn
2267 1287 2354 1327 suam,
2359 1296 2425 1327 per-

1354 1326 1541 1358 feetiffimum
1551 1325 1704 1363 Exemplar
1711 1325 1744 1356 &
1751 1323 1980 1363 expreffiffimam
1993 1323 2034 1355 sui
2043 1323 2194 1364 Effigiem,
2201 1325 2343 1358 immensi
2352 1336 2424 1365 qua-

1355 1365 1424 1396 dam
1433 1364 1581 1396 Charitate
1590 1363 1827 1404 indulgentissime
1840 1362 2056 1401 prosequitur&
2063 1363 2254 1403 amplexatur3
2268 1364 2326 1396 five
2340 1365 2422 1397 enim

1355 1404 1416 1435 hoc
1431 1411 1579 1443 promanat
1594 1403 1609 1433 ὲ
1618 1403 1743 1434 Naturae
1756 1401 1894 1433 instinctu
1905 1403 2038 1433 omnium
2051 1401 2256 1433 Animantium
2270 1403 2426 1441 communi

1355 1453 1416 1481 quo
1432 1443 1459 1474 se
1466 1442 1568 1480 suaque
1578 1441 1713 1480 diligunt,
1729 1441 1786 1472 five
1799 1442 1815 1471 a
1824 1441 1854 1471 vi
1868 1440 2000 1471 Rationis
2012 1440 2093 1480 quod
2099 1440 2254 1472 Parentum
2260 1440 2362 1482 Imago
2369 1442 2423 1474 Li-

1359 1482 1496 1513 berorum
1512 1481 1613 1512 animis
1625 1480 1736 1519 penitus
1750 1480 1782 1511 sit
1795 1479 1941 1518 insculpta,
1955 1479 2012 1510 five
2034 1480 2050 1510 ὲ
2064 1478 2236 1520 Corporum
2249 1480 2424 1520 sympatheia

1355 1521 1480 1559 quadarn
1491 1520 1524 1551 &
1539 1528 1643 1551 mutuo
1659 1519 1811 1558 consensu,
1827 1519 1899 1550 cum
1920 1517 2021 1550 Proles
2041 1519 2166 1550 animata
2187 1517 2338 1551 Genitoris
2378 1530 2421 1551 ars

1355 1561 1389 1591 sit
1403 1560 1439 1590 ab
1451 1570 1488 1591 eo
1503 1559 1644 1597 derivata,
1663 1558 1719 1590 sive
1734 1559 1771 1589 ab
1785 1559 1886 1588 innato
1903 1559 1915 1574 ⁶
1932 1558 2071 1588 omnibus
2090 1557 2275 1589 Perennitatis
2297 1558 2352 1590 Stu
2372 1559 2418 1598 10,
2435 1572 2546 1605 *xvn

2433 1612 2502 1648 689.

1356 1609 1441 1638 quae,
1458 1598 1571 1638 singulis
1583 1606 1697 1636 negata,
1723 1597 1752 1626 in
1776 1596 1963 1627 posterorum
1986 1595 2201 1627 succedentium
2225 1596 2304 1629 Serie
2323 1606 2422 1630 conti-

1355 1639 1436 1669 nuari
1450 1637 1576 1668 videtur·
1597 1636 1655 1667 lioc
1668 1635 1785 1675 quidem
1800 1636 1879 1666 certe
1900 1633 1942 1666 est
1965 1634 2243 1676 manifestiffimum,
2269 1645 2304 1667 ex
2322 1638 2421 1668 omni-

1355 1678 1410 1708 bus
1425 1676 1539 1707 Amoris
1553 1660 1685 1706 &Jinculzs
1699 1674 1855 1706 Charitaiis
1867 1681 1953 1712 arque
1967 1673 2100 1705 Affecffls
2114 1674 2228 1706 Paterni
2241 1675 2298 1706 esse
2321 1675 2416 1715 longe

1354 1714 1508 1746 arctissima
1524 1715 1558 1746 &
1585 1713 1768 1752 validissima,
1793 1713 1895 1744 verum
1922 1713 2073 1744 enimvero
2095 1711 2250 1744 Charitntis
2269 1714 2367 1753 hujus,
2386 1723 2419 1747 ut

1354 1755 1372 1784 a
1386 1753 1510 1784 Naturae
1523 1752 1674 1790 Fontibus,
1682 1752 1710 1781 in
1724 1752 1855 1782 omnium
1871 1750 1971 1781 Corda
1981 1750 2101 1782 Venulae
2113 1751 2246 1789 quaedam
2258 1762 2419 1793 permeant,

1355 1794 1392 1822 ita
1410 1793 1458 1830 qui
1474 1793 1489 1822 a
1511 1792 1627 1829 privatis
1651 1791 1831 1820 Hominibus
1853 1789 2067 1820 Benevolentice
2087 1789 2190 1821 Rivuli
2215 1791 2245 1820 in
2272 1791 2419 1825 Sobolem

1356 1838 1490 1869 manant,
1516 1829 1681 1870 longiffimo
1701 1829 1802 1858 absunt
1823 1828 1977 1859 intervallo
2003 1828 2038 1858 ab
2064 1828 2204 1858 immenso
2225 1827 2277 1859 illo
2298 1830 2420 1862 Amoris

1354 1868 1495 1906 Oceano,
1515 1869 1565 1907 qui
1579 1877 1615 1898 ex
1627 1866 1823 1906 augustissimis
1836 1866 1958 1906 Regum
1972 1865 2087 1897 Animis
2100 1867 2134 1897 ad
2152 1865 2215 1898 suos
2227 1889 2238 1907 ,
2256 1867 2336 1900 velut
2349 1869 2418 1901 Oli-

1353 1917 1453 1939 varum
1473 1906 1617 1938 Novellas
1639 1905 1810 1946 irrigandas,
1836 1904 2071 1944 profluentiffime
2092 1906 2231 1937 exundat:
2250 1905 2366 1939 Etenim
2380 1908 2418 1940 ad

1353 1957 1529 1978 communes
1543 1946 1602 1976 illas
1616 1943 1775 1975 affatuum
1790 1943 1891 1981 Faces,
1911 1954 1978 1982 quas
1991 1945 2019 1973 in
2033 1944 2168 1975 omnibus
2183 1943 2300 1976 Natura
2312 1956 2418 1978 accen-

1352 1986 1411 2024 dit,
1431 1986 1464 2017 &
1480 1994 1577 2017 tamen
1593 1995 1653 2023 quo
1667 1984 1804 2014 excelsior
1818 1983 1935 2021 quisque
1950 1982 1992 2012 est
2008 1983 2067 2014 hoc
2081 1983 2108 2013 se
2121 1983 2248 2022 produnt
2267 1983 2418 2024 illustrius,

1351 2024 1422 2056 illud
1435 2025 1522 2056 etiarn
1539 2024 1649 2054 accedit
1664 2022 1745 2061 quod
1761 2031 1796 2052 ex
1810 2022 1983 2060 indubitata,
2007 2022 2128 2059 optimae
2152 2021 2226 2060 spei,
2247 2020 2418 2061 Principum

1350 2062 1553 2100 Succeffione,
1572 2072 1633 2093 turn
1649 2060 1777 2092 Ecclefia
1805 2069 1868 2092 tum
1889 2059 2062 2097 Respublica
2083 2060 2302 2100 constabilitur,
2324 2061 2420 2093 Com-

1350 2104 1495 2140 petitionis
1515 2100 1816 2140 Conjurationumquc
1846 2099 1987 2130 Flammae
2016 2098 2242 2138 restringuntur,
2261 2099 2420 2141 omnesque

1349 2143 1424 2172 anxii
1439 2140 1668 2179 subsequentium
1685 2137 1821 2169 AEtatum
1834 2137 1936 2169 Metus
1948 2138 2075 2168 omnino
2100 2137 2302 2169 discutiuntur:

1385 2180 1500 2220 Quibus
1523 2179 1638 2210 addai-sti
1661 2177 1818 2208 rationibus
1832 2199 1843 2215 ,
1863 2176 2100 2216 quandoquidem
2127 2176 2197 2207 Nos
2223 2179 2285 2207 Rex
2311 2180 2416 2216 Regum

1347 2219 1505 2257 plurimum
1523 2218 1732 2249 Diadematum
1745 2215 1870 2247 Honore
1883 2215 2078 2254 decoraverit,
2103 2213 2262 2253 Imperium
2283 2216 2418 2248 nostrum

1348 2256 1565 2296 auspicatiffitnfi
1583 2255 1848 2287 florentisszniorum
1868 2253 2043 2293 Regnorum
2066 2253 2182 2293 Angliae
2201 2254 2236 2284 &
2256 2254 2367 2285 Sconae
2385 2256 2419 2286 in

1348 2299 1442 2327 nostra
1458 2296 1582 2328 Pei-sona
1599 2295 1719 2325 Unione
1736 2294 1769 2323 dx:
1784 2293 2004 2323 Commuiiione
2018 2293 2218 2330 amplicaverit
2230 2301 2264 2323 ac
2286 2293 2414 2325 consoli-

1346 2335 1624 2374 daveri13quodque
1649 2333 1748 2370 majori
1770 2331 1869 2361 Nobis
1893 2330 2010 2361 Gloria:
2031 2331 2065 2362 δε
2089 2330 2200 2362 Solatia
2216 2331 2311 2369 cedit,
2337 2332 2418 2364 Prae-

1346 2374 1545 2405 charissimum
1565 2373 1670 2403 Filium
1690 2370 1820 2401 nostrum
1840 2369 2068 2409 Primogenitum
2087 2371 2258 2408 Henricum,
2277 2371 2417 2403 Primum

1346 2414 1483 2444 universe
1501 2412 1622 2451 Magnae
1635 2410 1786 2441 Britanniae
1801 2407 1970 2445 Haeredeni,
1987 2408 2188 2447 designaverit,
2208 2408 2346 2440 habemus
2357 2411 2416 2448 jam

1346 2451 1584 2489 persuasissimum
1600 2450 1670 2480 nihil
1686 2450 1701 2479 Ξι
1717 2448 1814 2479 Nobis
1830 2447 1889 2478 fieri
1906 2447 2003 2487 posie,
2024 2448 2068 2478 vel
2084 2447 2119 2478 ad
2136 2447 2267 2478 Gloriam
2282 2448 2414 2481 nostram

1346 2490 1494 2527 illustrius,
1513 2491 1603 2526 quam
1624 2489 1643 2517 si
1656 2497 1722 2518 eum
1738 2486 1910 2516 Honoribus
1927 2486 2126 2520 cumulemus,
2149 2487 2217 2524 qui,
2239 2485 2318 2523 Juris
2339 2486 2416 2518 aesti-

1349 2529 1490 2564 irratione,
1513 2527 1612 2556 eadem
1626 2536 1692 2556 cuni
1707 2525 1790 2555 Patre
1806 2524 1921 2565 persona
1943 2524 2087 2563 censetur,
2113 2525 2147 2555 &
2170 2524 2308 2555 excelsum
2330 2526 2415 2556 illurn

1347 2565 1478 2596 Honoris
1495 2565 1622 2594 Cui-rum
1644 2574 1721 2593 nunc
1744 2565 1946 2593 conscensurus
1964 2561 2006 2592 est
2028 2564 2137 2602 iniquo
2153 2561 2281 2592 florentis
2301 2561 2410 2594 AEtatis

1349 2604 1481 2634 Stadium
1498 2604 1536 2633 illi
1550 2602 1778 2640 discurrendum,
1796 2601 1842 2631 vel
1856 2601 1983 2631 Subditis
1999 2599 2102 2638 nostris
2121 2601 2265 2638 acceptius
2281 2602 2370 2639 quam
2385 2602 2409 2634 fi

1348 2642 1408 2673 hoc
1421 2642 1468 2672 fiat
1484 2643 1511 2671 in
1528 2643 1713 2672 celeberrimo
1729 2641 1814 2670 trium
1831 2639 1981 2669 Ordinum
1999 2637 2155 2668 Conventu
2166 2661 2176 2676 ,
2193 2640 2222 2668 in
2242 2648 2301 2676 quo
2319 2641 2408 2670 nobi-

1347 2681 1446 2712 liffimi
1459 2682 1491 2711 ὃ(
1506 2679 1652 2710 lectissimi
1671 2688 1774 2717 quique
1787 2687 1821 2708 ex
1838 2677 1897 2707 hcc
1916 2676 2024 2716 Regno
2042 2675 2103 2708 Res
2120 2677 2192 2707 illius
2211 2677 2324 2709 videant
2338 2688 2412 2709 con-

1348 2719 1474 2757 stabiliri,
1492 2729 1541 2755 per
1553 2728 1639 2757 quem
1658 2718 1831 2756 singulorum
1843 2715 1982 2757 vFortunis
2001 2724 2078 2746 certa
2094 2716 2225 2747 securitas
2240 2715 2361 2755 additur,
2375 2719 2411 2750 &

1346 2760 1375 2789 in
1389 2768 1450 2797 quo
1465 2757 1606 2788 universus
1627 2755 1716 2786 Orbis
1728 2755 1907 2791 Terrarum,
1925 2762 1971 2784 tot
1990 2764 2062 2784 raras
2085 2755 2119 2786 ὃς
2141 2754 2314 2786 excellentes
2340 2755 2407 2787 Na-

1347 2806 1419 2829 turae
1434 2795 1528 2827 Dotes
1543 2818 1552 2832 ,
1578 2804 1621 2825 tot
1650 2793 1793 2832 splendida
1822 2791 1973 2822 Virtutum
1992 2791 2135 2831 Lumina,
2154 2802 2188 2823 ac
2205 2793 2411 2831 pientiffimam

1345 2834 1584 2874 obsequentissimi
1606 2833 1668 2864 Filii
1694 2834 1724 2862 in
1750 2831 1819 2862 Nos
1843 2830 1960 2861 Patrem
1982 2827 2209 2869 observantiam,
2230 2832 2354 2871 agnoscit
2374 2833 2412 2864 &

1344 2875 1513 2914 admiratur,
1530 2872 1604 2910 quasi
1622 2881 1723 2902 omnes
1741 2869 1880 2901 naturales
1897 2870 2067 2908 politicique
2092 2869 2208 2901 Amoris
2232 2869 2323 2902 nostri
2347 2870 2411 2903 Ra-

1345 2915 1395 2951 dii,
1413 2912 1500 2944 veluti
1515 2913 1545 2942 in
1562 2911 1931 2949 Centro,congregarentur
1949 2909 1980 2939 in
1998 2908 2047 2938 illo
2066 2910 2145 2947 cujus
2159 2909 2265 2940 intuitu
2275 2910 2410 2942 omnium

1345 2952 1512 2983 nostrorum
1528 2949 1621 2987 Vota,
1641 2957 1777 2987 tanquam
1794 2947 1884 2978 Orbis
1897 2947 1978 2977 diviti
1992 2946 2122 2987 Delitiis,
2139 2947 2303 2980 saturantur.

1381 2991 1482 3022 Sciatis
1495 2990 1582 3028 igitur
1597 2987 1677 3027 quod
1692 2987 1762 3018 Nos
1772 3009 1782 3024 ,
1795 2996 1829 3017 ex
1849 2986 1963 3029 intimo¹
1980 2985 2088 3016 nostrae
2107 2995 2232 3025 paternae
2253 2986 2409 3020 charitatis

1344 3029 1438 3068 sensu,
1456 3028 1634 3067 ejusdemque
1660 3026 1708 3056 filii
1731 3024 1821 3056 nostri
1839 3024 1977 3064 singularis
2000 3026 2030 3054 in
2054 3024 2124 3056 Nos
2141 3024 2257 3056 Patrem
2276 3026 2409 3065 obsequii

1345 3070 1468 3105 merim,
1485 3068 1559 3105 juitta
1584 3064 1709 3103 antiquas
1735 3064 1816 3103 hujus
1840 3062 1937 3101 Regni
1962 3063 2053 3093 nostri
2075 3062 2319 3104 Consuetudines,
2335 3075 2410 3096 eun-

1343 3108 1412 3138 dem
1427 3105 1691 3138 Praecharislimum
1717 3102 1824 3133 Filium
1851 3101 1980 3132 nostrum
2003 3100 2242 3140 primogenitum
2258 3105 2410 3134 Henricunt

1344 3149 1449 3176 Ducem
1464 3144 1619 3180 Cornubiae,
1640 3144 1672 3172 &
1686 3145 1790 3171 Ducem
1802 3140 1938 3179 Rothsbye
1953 3141 1981 3170 in
1997 3139 2104 3180 Regno
2119 3141 2219 3172 nostro
2235 3141 2354 3180 Secti-x,
2367 3142 2406 3174 de

1344 3184 1476 3214 Consilio
1495 3183 1529 3214 &
1546 3180 1664 3213 Assensu
1683 3179 1890 3216 Praelatorurn,
1916 3179 2038 3209 Ducum
2052 3202 2062 3217 ,
2088 3178 2300 3211 Marchionum
2315 3205 2324 3218 ,
2341 3180 2408 3211 Co-

1346 3224 1468 3258 mitum,
1487 3221 1706 3252 Vicecomitum
1721 3220 1753 3250 &
1769 3218 1913 3248 Baronum
1929 3217 2026 3256 Regni
2042 3218 2132 3249 nostri
2152 3218 2287 3259 Angliae,
2303 3219 2334 3250 in
2366 3219 2408 3250 le·-

1343 3270 1386 3292 no
1397 3260 1589 3293 Parliarnento
1602 3257 1718 3295 nostrO,
1735 3257 1811 3296 apud
1825 3256 2082 3295 lststmonaslerium
2095 3267 2279 3297 convocato,
2324 3259 2329 3264 “
2356 3267 2407 3287 en·

1343 3301 1436 3336 tium,
1455 3298 1654 3328 PmNcipmt
1672 3296 1836 3327 WALLIAE
1853 3296 1887 3326 &
1908 3294 2082 3326 Corin-EM
2105 3295 2272 3327 CESTRIAE
2285 3295 2406 3327 fecimus

1345 3338 1378 3368 &
1395 3337 1551 3368 creavimus
1565 3336 1684 3366 facimus
1700 3336 1733 3375 ὃς
1749 3343 1876 3364 creamus
1887 3357 1898 3373 ‚
1915 3343 1949 3364 ac
1964 3333 2058 3364 eidem
2072 3335 2190 3365 Henrico
2208 3333 2333 3366 Nomen
2348 3333 2404 3364 Sti-

1344 3377 1404 3406 lum
1421 3375 1557 3406 Tituluni
1577 3374 1689 3404 Statum
1706 3373 1886 3411 Dignitatem
1902 3373 1935 3404 &e
1951 3372 2104 3404 Honorem
2119 3371 2294 3413 Primipatzif
2307 3373 2402 3404 &Co-

1346 3414 1463 3444 mitatbs
1477 3413 1635 3444 eorundem
1653 3412 1787 3442 dedimus
1801 3416 1834 3442 ez
1854 3409 2042 3441 conceffimus
2055 3434 2066 3450 ‚
2093 3411 2193 3442 damus
2212 3413 2246 3442 &
2267 3410 2404 3441 concedi-

1346 3462 1428 3490 mus,
1446 3454 1479 3483 &
1492 3462 1541 3489 per
1559 3451 1722 3489 praesentem
1739 3449 1858 3480 Cariam
1875 3450 2003 3480 nostram
2022 3448 2242 3488 confirmamus,
2260 3456 2294 3478 ac
2309 3447 2403 3486 ipsum

1345 3492 1382 3522 de
1394 3490 1494 3521 eisdem
1510 3492 1668 3528 Principatu
1685 3492 1718 3520 tic
1739 3492 1899 3527 comitatu,
1926 3497 1957 3518 ut
1980 3488 2087 3518 ibidem
2108 3485 2289 3527 praeficiendo
2308 3486 2403 3524 praesi-

1345 3530 1426 3568 dest,
1443 3530 1476 3559 ὃς
1491 3528 1667 3566 praesidendo
1681 3527 1767 3558 orclas
1781 3537 1871 3564 partes
1891 3527 1992 3566 dirigat
2014 3528 2049 3558 &
2069 3526 2220 3563 defendat,
2231 3531 2281 3563 per
2298 3526 2401 3555 cintst'u-

1345 3579 1407 3599 ·ram
1423 3566 1535 3602 Gladii,
1553 3567 1736 3598 Trachx‘onerx
1753 3566 1791 3601 (ἐν
1809 3565 1968 3606 Ρο]ῑῑίοκεηι
1983 3567 2057 3594 Serti
2069 3567 2099 3594 in
2115 3567 2207 3602 Capite
2223 3561 2261 3598 &
2283 3563 2403 3594 Annali*
2454 3574 2457 3577 ·

1346 3610 1438 3638 Aurei
1449 3609 1478 3635 in
1495 3608 1590 3642 Digito
1607 3616 1707 3635 nsi-neu
1725 3607 1816 3642 Virga:
1834 3615 1923 3634 aureae
1934 3607 1966 3634 in
1985 3605 2098 3641 Manu,
2122 3602 2291 3639 insignimus
2306 3602 2340 3633 &
2359 3603 2405 3634 in-

1346 3645 1482 3678 vestimus
1496 3654 1525 3674 ut
1537 3645 1578 3674 est
1593 3645 1679 3674 moris
1692 3654 1696 3671 1

1384 3682 1560 3714 Habendum
1588 3683 1638 3712 sibi
1659 3683 1692 3713 &
1711 3681 1884 3712 Haeredibus
1905 3679 1958 3710 suis
1979 3678 2109 3718 Regibus
2127 3677 2240 3717 Angliae
2262 3678 2405 3719 imperpe-

1346 3723 1442 3755 tuum.
1955 3748 1958 3749 γ

1386 3761 1486 3800 Quare
1497 3760 1630 3790 volumus
1643 3761 1676 3791 &
1692 3759 1810 3789 firmiter
1820 3757 2017 3797 praecipimus,
2033 3764 2087 3792 pro
2100 3754 2200 3786 Nobis
2215 3757 2249 3786 &
2269 3754 2402 3787 Haeretli-

1348 3800 1401 3831 bus
1415 3799 1537 3836 nostri-5,
1552 3799 1633 3835 quod
1649 3798 1806 3837 praedictus
1833 3797 1969 3824 chricus
1992 3793 2075 3822 filius
2100 3793 2187 3833 noster
2212 3795 2313 3826 habeat
2333 3795 2404 3827 No-

1347 3849 1415 3870 men
1429 3837 1533 3868 Stilum
1549 3838 1685 3868 Titulum
1701 3837 1809 3867 Statum
1828 3835 2008 3871 Dignitatem
2031 3833 2063 3864 &
2089 3832 2243 3864 Honorem
2263 3833 2403 3865 Pamcr-

1347 3885 1456 3908 PATus
1475 3875 1635 3906 WALL1AE
1654 3877 1688 3907 &
1706 3875 1914 3906 Coruinius
1940 3870 2107 3901 CESTRtAE
2132 3872 2353 3912 praedatorum,
2369 3871 2405 3908 fif

1347 3918 1379 3948 bi
1393 3916 1428 3948 &
1446 3913 1617 3947 Haeredibus
1634 3916 1686 3945 suis
1704 3913 1833 3953 Regibus
1848 3911 1971 3949 Angliae,
1986 3917 2018 3941 ut
2038 3908 2210 3949 praedictum
2222 3911 2273 3943 est.
