2557 4279
11 284 56 331 nn.
67 298 106 329 D.

8 338 91 378 1603.

5 377 64 415 Jac.
75 385 98 405 ι.

0 1877 56 1902 lnn.
70 1868 113 1901 D.

0 1909 85 1950 1603.

0 1956 37 1992 ‚⁴⁸⁴
62 1957 86 1976 1.

0 1995 41 2014 uc.
62 1996 85 2017 1.

0 2467 58 2497 lnn.
70 2465 113 2497 D.

2 2506 87 2546 1603.

752 198 863 242 ET
944 200 1211 243 ACTA
1291 200 1742 256 *PUBLICA

137 293 224 326 miffis
236 292 339 330 factae,
356 299 455 322 vacuae
471 289 523 320 {int
538 288 573 321 &
590 287 690 319 nullius
704 289 810 328 vigoris
824 298 913 326 neque
928 287 1060 318 effectus.

171 333 285 371 Pon-c),
304 339 337 360 ex
351 329 503 359 abundanti
516 327 616 357 Gratia
631 326 744 365 nostra,
763 328 923 358 concedere
945 326 1111 364 dignamur,
1128 334 1194 355 om-

131 372 216 403 nibus
230 367 488 410 praefatis’Subditis
505 365 620 403 nostris,
639 366 815 405 quicumque
840 365 1021 395 universalem
1044 365 1186 395 Par-dona-

128 411 239 441 tionem
263 406 390 437 nostram
408 405 627 442 prosequentur,
672 405 730 434 uod
751 405 868 434 eandem
887 404 1031 434 habebunt
1052 403 1188 433 solventes

128 445 332 480 tantummodo
347 446 454 481 Viginti
461 442 516 483 se'x
529 441 629 472 Solidos
696 442 753 472 οέὲσ
767 445 903 472 Denarios
912 451 964 481 pro
977 443 1112 472 omnibus
1123 441 1185 479 qui-

131 481 306 522 buscumque
321 482 423 512 Feodis
436 482 584 512 consuetis.

169 524 206 554 Et
222 523 336 553 ulterius
350 520 386 551 de
400 521 521 550 uberiori
533 519 633 550 Gratia
648 517 742 549 nostra
760 519 887 558 speciali,
904 528 937 548 ac
952 527 985 548 ex
1002 525 1079 548 certa
1088 518 1187 548 Scien-

130 563 167 593 tia
188 561 222 593 &
239 569 321 590 mero
342 558 431 589 Motu
459 558 576 595 nostris,
595 568 647 597 pro
673 559 780 595 majore
801 556 971 586 Commodo
993 557 1189 592 quorumlibet

129 599 318 631 Subditorum
341 597 524 635 nostrorum,
550 599 583 628 &
606 594 812 626 Exoneratione
834 603 955 633 eorum,
983 593 1188 633 Custagiorum

133 637 264 667 Onerum
279 638 312 667 &
330 636 520 673 Expensarum
541 636 568 665 in
583 644 614 665 ea
632 644 724 672 parte,
744 633 884 663 Volumus
908 634 941 663 &
962 642 1010 670 per
1038 632 1190 663 praesentes

132 675 247 706 firmiter
263 676 443 714 praecipimus
458 675 490 704 ὅ(
506 673 683 709 mandamus,
703 671 863 708 praedilet‘to
881 671 912 700 δεῖ
927 670 1001 700 fideli
1019 670 1188 701 Consiliario

132 713 248 751 nostro,
267 713 375 744 Thomae
392 716 511 750 Egerton
526 711 615 741 Militi
637 713 744 739 Baroni
761 709 792 738 de
808 708 954 747 Ellefinere
974 707 1076 745 Magni
1099 710 1188 749 Sigilli

132 751 221 782 nostri
240 751 352 791 Angliae
366 751 504 788 Custodi,
523 749 602 789 quod
618 748 685 778 {inat
696 749 728 778 &
746 749 885 784 permittat
904 757 1005 777 omnes
1020 749 1051 778 ὃς
1065 747 1188 784 fingulos

132 789 269 821 Subditos
280 790 393 822 nostros
403 789 598 828 quoscumque
614 787 748 824 (exceptis
756 786 875 824 superius
889 786 1025 823 exceptis)
1045 785 1076 815 ad
1086 795 1189 816 eorum

133 828 245 859 libitum
255 851 265 866 ,
282 838 380 867 capere
394 830 427 859 &
445 827 548 857 habere
563 833 606 855 tot
620 823 684 854 tales
700 826 734 856 &
750 823 907 862 hujusmodi
923 824 1099 861 particulares
1115 825 1190 855 Arti-

133 867 215 898 culos
228 868 261 899 &
276 866 417 898 Clausulas
437 865 518 902 hujus
532 863 680 894 Generalis
703 862 917 893 Pardonationis
939 862 1043 892 nostrae
1066 872 1136 900 quot
1157 864 1190 894 &

132 905 227 942 quales
240 907 279 936 eis
296 908 330 938 δε
341 913 439 935 eorum
454 901 586 939 cuilibet,
604 900 640 930 de
654 910 782 939 ternpore
797 902 824 931 in
846 909 973 938 tempus,
990 900 1106 932 durante
1126 910 1191 931 toto

134 943 280 974 Termino
293 945 374 974 unius
387 941 464 972 Anni
478 941 613 977 proxime>
628 939 764 979 sequentis
786 939 933 976 expediens
956 938 1136 970 neceffirium
1157 940 1190 969 &

131 983 292 1021 requisitum
306 981 461 1016 videbitur,
478 980 510 1009 &
525 978 603 1016 quod
621 978 654 1008 ad
670 988 768 1008 eorum
783 978 898 1008 libitum
913 978 947 1008 δε
963 978 1138 1008 voluntatem
1149 987 1191 1007 re-

134 1020 245 1059 !iquum
260 1021 294 1051 &
310 1018 449 1048 refiduum
464 1017 547 1055 hujus
562 1016 709 1047 Generalis
729 1016 943 1047 Pardonationis
967 1015 1087 1053 nostrae,
1106 1016 1190 1045 relin-

135 1067 222 1097 quant
233 1058 268 1095 &v
277 1058 409 1087 omittant
420 1079 428 1093 ‚
445 1056 477 1086 ὃς
492 1065 594 1085 eorum
610 1055 725 1092 quilibet
739 1054 917 1093 relinquat&
931 1056 1061 1092 omittat,
1078 1063 1191 1085 necnon

133 1096 213 1140 quod
230 1094 297 1126 sinat
311 1095 343 1126 &
361 1095 502 1131 permittat
517 1093 626 1133 sigillari
642 1095 674 1124 δε
691 1093 834 1124 deliberari
850 1094 882 1123 &
899 1093 1001 1131 rigillari
1016 1094 1047 1124 ὅ(
1057 1093 1193 1123 delibera-

135 1135 158 1166 ri
177 1133 306 1172 mandet,
325 1133 408 1163 alicui
424 1133 543 1163 Subdito
560 1132 659 1162 nostro
680 1132 816 1170 (exceptis
840 1132 1032 1169 praeexceptis)
1053 1132 1117 1163 tales
1143 1131 1192 1161 Li-

129 1171 200 1203 teras
212 1171 319 1202 nostras
337 1170 467 1202 Patentes
481 1171 721 1202 Pardonationem
744 1172 898 1208 petentibus
914 1170 962 1200 sub
976 1170 1089 1206 Magno
1105 1169 1190 1207 Sigil-

130 1210 160 1241 lo
177 1209 279 1240 nostro
296 1210 427 1248 Angliae,
445 1211 624 1241 continentes
641 1218 683 1241 tot
697 1209 801 1240 &tales
817 1209 990 1248 particulares
1008 1208 1192 1239 Articulosli-

131 1258 167 1279 ve
183 1247 326 1279 Clausulas
342 1249 419 1286 hujus
435 1248 581 1280 Generalis
597 1248 810 1279 Pardonationis
824 1248 944 1285 nostrae,
964 1257 1034 1285 quot
1050 1249 1082 1278 &
1098 1247 1191 1285 quales

133 1286 191 1324 illi,
207 1287 253 1318 vel
269 1297 371 1317 eorum
386 1287 501 1326 aliquis,
520 1287 658 1326 requirent
673 1287 716 1317 vel
731 1287 869 1325 requiret,
887 1287 981 1324 aliquo
997 1287 1024 1315 in
1048 1285 1194 1316 Praesenti-

132 1326 186 1356 bus
200 1325 319 1365 superius
345 1335 483 1357 contento
506 1326 534 1356 in
558 1328 730 1356 contrarium
750 1335 810 1355 non
829 1324 973 1362 obstante,
991 1324 1029 1355 Et
1047 1325 1093 1355 hae
1116 1324 1194 1354 Prae-

133 1363 224 1395 sentes
237 1373 319 1395 erunt
334 1363 415 1396 diuo
431 1367 547 1395 Domino
564 1364 672 1404 Custodi
689 1364 791 1402 Magni
806 1363 894 1402 Sigilli
907 1363 996 1394 nostri
1010 1364 1121 1403 Angliae
1136 1362 1191 1393 suf-

134 1402 233 1433 ficiens
251 1401 434 1433 Warrantum
451 1405 484 1435 &
500 1401 669 1434 Exoneratio
683 1404 712 1433 in
730 1403 782 1434 hac
794 1411 885 1442 parte:

142 1446 146 1449 ’
170 1439 216 1471 Eo
231 1441 311 1484 quod
330 1442 450 1480 expressa
465 1443 591 1480 mentio,
611 1442 672 1474 &c.

167 1478 204 1511 In
221 1488 302 1518 cujus
315 1481 370 1518 rei,
388 1480 449 1512 &c.

169 1554 260 1587 Teste
273 1555 357 1596 Rege
370 1555 445 1594 apud
460 1555 737 1597 Wstmonasterium,
755 1556 891 1588 vicefimo
907 1563 1007 1596 quarto
1024 1555 1070 1587 die
1080 1554 1157 1593 Julii.

761 1634 815 1663 Per
830 1632 916 1673 ipficm
934 1635 1041 1670 Regem.

314 1772 373 1803 Pro
398 1772 542 1804 Martino
568 1767 714 1803 Schovero
739 1767 865 1802 Medico
890 1771 1013 1815 Regin-e.

135 1854 262 1911 REX
280 1855 416 1886 omnibus
429 1855 464 1886 ad
480 1864 567 1893 quos,
586 1855 647 1886 &c.
667 1852 802 1886 Salutem.

251 1894 350 1924 Sciatis
369 1894 448 1932 quod
470 1894 556 1932 Nos,
575 1893 612 1923 de
629 1892 727 1923 Gratia
747 1893 842 1923 nostra
863 1890 991 1930 speciali,
1007 1900 1040 1924 ac
1062 1902 1099 1925 ex
1118 1901 1195 1925 certa

132 1929 256 1963 Scientia
269 1934 303 1964 &
319 1942 401 1962 mero
418 1931 506 1963 Motu
528 1931 645 1968 nostris,
662 1931 791 1963 dedimus
813 1932 847 1962 &
867 1931 1077 1970 conceffimus,
1096 1942 1129 1963 ac
1148 1943 1196 1972 per

131 1968 286 2001 Praesentes
297 1993 305 2007 ,
323 1980 377 2010 pro
393 1970 492 2000 Nobis
506 1969 674 2000 Haeredibus
689 1971 721 2000 &
735 1968 948 2000 Successoribus
963 1970 1078 2008 nostris,
1096 1971 1197 2002 damus

131 2008 165 2039 ὃ(
185 2009 389 2046 concedimus,
404 2009 511 2039 dilecto
527 2010 609 2038 nobis
626 2011 751 2038 Martino
766 2010 901 2039 Schovero
914 2008 943 2037 in
961 2007 1116 2039 Medicinis
1127 2009 1194 2040 Do-

130 2046 205 2077 &ori
215 2070 225 2085 ,
243 2046 387 2078 Officium
403 2048 436 2077 &
451 2047 564 2077 Locum
578 2046 720 2077 Ordinarii
735 2048 768 2077 ὃς
786 2047 912 2076 l’rimarii
927 2045 1036 2077 Medici
1056 2047 1193 2079 Dominae

130 2088 231 2116 Annae
246 2088 353 2123 Regina
369 2085 477 2116 Uxoris
488 2084 608 2123 nostrae,
627 2086 681 2115 una
695 2095 763 2115 cum
779 2085 887 2122 Dietis,
909 2085 1197 2117 AllocationibusVi-

130 2124 161 2153 ni
176 2123 262 2154 Cerae
280 2127 313 2156 &
332 2124 426 2162 Bouge
444 2124 468 2154 le
487 2123 581 2153 Court
594 2146 603 2162 ‚
622 2133 654 2153 ac
671 2125 804 2154 omnibus
829 2122 971 2154 Proficuis
990 2123 1200 2156 Emolumentis

127 2160 394 2194 commoditatibus
406 2162 652 2193 Praeheminentiis
664 2162 821 2200 Privllegiis
840 2162 1067 2194 Authoritatibus
1083 2165 1115 2198 &
1136 2164 1198 2195 Ad-

147 2251 199 2258 .-

245 2305 294 2339 De
317 2302 514 2348 Commtfflone
529 2304 654 2351 speciali
671 2314 726 2352 pro
747 2304 913 2339 Williolmo
937 2304 1083 2340 Caemden.

135 2444 185 2512 JA
196 2446 257 2470 ΜΕ
268 2446 298 2476 s,
317 2437 356 2485 by
369 2436 417 2468 the
432 2435 528 2468 Grace
545 2437 583 2484 of
591 2436 682 2477 God,
701 2439 762 2474 &c.
781 2448 830 2476 to,
847 2448 918 2484 oure
935 2437 1034 2469 trustie
1051 2439 1104 2470 and
1121 2440 1201 2471 well-

149 2512 158 2526 ,ι
183 2477 308 2525 bieloved
327 2479 481 2514 bervaunt,
499 2476 626 2506 erltam
646 2479 765 2508 Camden
785 2478 900 2516 Esquire
918 2477 1062 2508 surnamed
1088 2477 1202 2509 Claren-

136 2513 530 2592 RinEfgfflfnfi
543 2516 597 2583 {232
611 2515 1200 2595 &323332‘1221512503335355552353:¹5

85 2602 92 2610 ·
134 2600 165 2623 to
181 2593 219 2624 all
235 2593 317 2623 other
334 2601 404 2622 oure
422 2591 548 2631 lovynge
566 2592 713 2631 Subjedts,
732 2593 907 2633 Greerynge.

150 2639 157 2644 ·’
174 2630 368 2663 Forasmuche
391 2640 419 2660 as
445 2629 515 2660 God
559 2630 596 2660 of
616 2630 658 2661 his
674 2640 750 2670 great
776 2630 935 2671 Clemency
959 2630 1014 2661 and
1034 2630 1203 2670 Goodness,

132 2669 199 2702 hath
225 2668 368 2709 subjected
392 2677 423 2699 to
447 2678 501 2698 our
523 2653 651 2713 Empyre
675 2671 728 2700 and
757 2669 951 2700 Governance
973 2669 1021 2700 the
1045 2669 1201 2701 Nobillitie

134 2708 195 2739 Peo
216 2709 247 2739 ·le
265 2708 320 2740 and
339 2706 504 2738 Commons
523 2707 559 2738 of
570 2708 627 2739 this
645 2708 765 2739 Realme
781 2709 818 2738 of
833 2708 999 2748 Englande,

148 2781 153 2795 ”
171 2757 339 2828 Μζῗῐῖἇίυὲε
357 2783 394 2814 of
408 2792 462 2814 our
483 2782 586 2823 Royall
604 2783 658 2814 and
678 2783 802 2815 absolute
818 2784 923 2816 Povver
943 2793 974 2814 to
992 2784 1040 2815 Us
1058 2786 1198 2818 commit-

133 2823 198 2861 ted,
220 2833 251 2855 to
269 2825 341 2855 vifitt
358 2822 455 2861 survey
476 2821 530 2852 and
549 2823 624 2852 view
642 2822 839 2862 throughoute
856 2823 889 2853 all
897 2832 950 2854 our
968 2823 1067 2854 Realm
1080 2825 1117 2855 of
1120 2824 1196 2864 Eng-

131 2861 218 2906 landei
240 2862 294 2898 and
318 2860 400 2891 other
434 2862 610 2891 Dominions
624 2883 634 2898 ,
660 2871 686 2890 as
716 2862 801 2892 welle
820 2862 865 2891 for
885 2873 898 2891 a
917 2863 972 2892 due
991 2862 1087 2893 Order
1107 2872 1137 2893 to
1158 2865 1195 2895 be

131 2900 200 2945 kept
215 2900 275 2930 and
287 2898 423 2944 observed
436 2901 462 2929 in
479 2899 513 2930 all
528 2899 639 2936 things,
660 2901 815 2943 touchinge
830 2901 876 2931 the
891 2900 989 2945 Office
1004 2902 1058 2931 and
1076 2901 1197 2934 Dueties

131 2937 652 3020 ῗὲξὲἱῖἓΥἙὲἰῑὲἓαηΑᾶωὸἶίοξέεἲὲῖο
664 2938 1130 3021 {3}iyssessffiiffrssg‘ssssdfgrgi'vlfiss
1140 2942 1196 3010 ³225}

130 3022 206 3046 want
223 3015 262 3045 of
276 3015 407 3057 ordinary
428 3013 609 3054 Vysytations
627 3014 748 3054 Surveys
766 3016 819 3045 and
839 3015 951 3046 Viewes
970 3027 998 3046 in
1018 3025 1110 3057 tymes
1123 3029 1194 3049 con-

131 3054 250 3091 venienit
267 3051 420 3090 according
429 3061 459 3081 to
474 3054 522 3082 the
534 3053 682 3082 aunciente
696 3054 790 3083 forme
804 3054 858 3083 and
874 3054 1001 3084 laudable
1014 3056 1199 3087 Customeof

133 3091 184 3121 the
201 3091 303 3122 Luwes
317 3090 353 3120 of
366 3091 483 3128 Armes,
499 3090 553 3120 and
570 3090 627 3120 that
645 3090 693 3120 the
709 3091 855 3132 Nobillity
872 3093 908 3121 of
919 3093 974 3123 this
983 3093 1100 3124 Realme
1110 3105 1192 3135 maye

134 3130 170 3159 be
190 3129 338 3167 preserved
357 3129 388 3157 in
406 3129 500 3158 everie
518 3127 617 3165 degree
635 3137 663 3158 as
680 3130 882 3169 apperteyneth
895 3153 903 3167 ‚
920 3141 946 3160 as
962 3132 1026 3163 well
1042 3134 1070 3161 in
1087 3133 1192 3163 Honor

133 3177 162 3198 as
188 3170 217 3197 in
241 3166 437 3204 Worssiippe3
461 3166 527 3196 And
546 3167 604 3197 that
623 3175 708 3206 every
734 3167 840 3198 Perlon
859 3169 912 3197 and
935 3168 1071 3209 Persons,
1092 3171 1192 3202 Bodies

132 3205 278 3244 Politique
293 3205 450 3244 Corporate
462 3204 517 3235 and
531 3205 626 3235 others
663 3215 727 3245 may
745 3206 781 3236 be
800 3207 848 3236 the
867 3208 955 3236 better
973 3208 1082 3239 known
1107 3220 1132 3239 in
1149 3211 1194 3241 his

129 3244 184 3314 3ηέ
199 3244 291 3275 theire
305 3243 517 3283 EstateDegree
530 3243 584 3274 and
600 3228 730 3285 M⁷ystery
745 3243 884 3276 withoute
899 3246 1059 3278 Confution
1073 3258 1105 3278 or
1122 3249 1192 3279 Dis-

127 3292 160 3314 or
180 3293 210 3313 er
496 3297 500 3301 ⁴

169 3306 257 3352 Ha've
281 3320 406 3352 therfore
423 3318 596 3351 constituted
619 3320 739 3359 deputed
760 3322 906 3364 ordayned
932 3323 986 3354 and
1009 3325 1191 3366 appoynted,

131 3359 175 3390 for
191 3360 241 3391 Us
256 3361 310 3390 and
325 3360 353 3389 in
371 3369 424 3390 our
440 3358 557 3397 Name,
575 3368 646 3389 oure
659 3359 712 3390 said
728 3362 916 3393 wellbeloved
938 3363 1090 3400 Servante,
1110 3364 1187 3393 Wil-

128 3398 197 3428 liam
210 3397 333 3428 camden
347 3397 459 3437 Esquire
472 3397 533 3427 alias
553 3396 740 3429 Clarencieulx
762 3403 837 3438 King
853 3400 887 3441 of
898 3404 1001 3430 Armes
1017 3403 1047 3432 in
1067 3403 1114 3432 the
1131 3402 1187 3433 said

132 3435 201 3467 East
218 3436 304 3467 West
324 3436 377 3466 and
397 3435 505 3466 Southe
524 3435 615 3466 Partes
629 3436 664 3466 of
676 3448 729 3468 our
748 3438 868 3470 Realme
893 3440 929 3468 of
944 3439 1091 3479 Englande
1107 3440 1185 3471 from

84 3502 86 3506 ,
126 3476 177 3507 the
188 3475 246 3506 said
265 3476 351 3505 River
365 3475 400 3505 of
409 3474 518 3504 Trente
532 3474 717 3507 Southwards
727 3500 736 3514 ,
755 3485 785 3507 to
799 3478 859 3509 visit
872 3478 905 3508 all
920 3479 968 3508 the
982 3480 1035 3509 said
1044 3479 1186 3509 Province

127 3513 183 3544 and
201 3514 254 3544 the
270 3512 364 3544 Partes
378 3513 432 3543 and
448 3511 595 3556 Members
607 3514 734 3552 thereof,
752 3517 968 3556 appertayninge
985 3525 1018 3547 to
1031 3518 1077 3548 the
1086 3517 1186 3548 Office

128 3551 183 3594 apd
200 3552 317 3590 Charge
331 3550 366 3582 of
376 3551 424 3583 the
440 3551 494 3581 said
509 3549 694 3582 Clarencieulx
706 3555 778 3590 King
794 3553 830 3594 of
837 3559 954 3592 Armes,
973 3555 1050 3586 from
1066 3566 1146 3597 ryme
1155 3566 1185 3586 to

128 3597 211 3631 tymae
225 3601 254 3622 as
266 3591 343 3621 often
357 3592 411 3620 and
428 3590 511 3620 when
529 3599 555 3619 as
569 3589 605 3619 he
616 3590 681 3621 shall
696 3591 793 3622 th=nl<e
807 3594 881 3623 most
892 3594 1034 3635 neceffary
1049 3595 1103 3624 and
1112 3605 1185 3625 con-

129 3630 248 3661 venient
264 3630 309 3660 for
326 3629 373 3659 the
392 3628 482 3666 same,
502 3628 563 3658 And
585 3638 634 3659 not
649 3631 733 3669 onely
754 3639 787 3659 to
802 3640 878 3661 enter
898 3633 956 3662 into
974 3633 1008 3662 all
1032 3632 1184 3664 Churches

130 3665 240 3707 Castles
254 3667 377 3698 Howses
389 3667 443 3697 and
457 3666 537 3697 other
555 3665 651 3697 Places
665 3676 692 3698 at
708 3668 751 3697 his
767 3668 946 3707 Discretion,
965 3679 996 3701 to
1015 3673 1110 3711 pei-use
1129 3673 1182 3702 and

133 3705 197 3734 take
212 3706 410 3745 Knowledge,
429 3705 537 3744 Survey
551 3707 605 3736 and
625 3705 723 3737 Viewe
738 3705 773 3735 of
784 3708 815 3736 all
828 3718 943 3738 manner
951 3709 988 3739 of
996 3709 1181 3749 ArmesCog-

133 3743 277 3783 xlii‘ances³
297 3743 408 3784 Crests,
423 3744 476 3775 and
492 3745 573 3774 other
587 3745 704 3775 Devises
716 3744 751 3774 of
760 3744 878 3784 Armes,
897 3746 933 3775 of
948 3747 982 3776 all
994 3748 1048 3778 and
1069 3749 1185 3788 singular

133 3790 200 3810 oure
214 3782 361 3822 Sarmens,
377 3794 403 3813 as
420 3782 484 3814 well
506 3783 605 3814 Bodies
620 3784 766 3821 polluique
782 3794 809 3813 as
821 3785 917 3814 others
933 3787 1032 3816 within
1051 3787 1101 3818 the
1114 3787 1185 3818 saide

134 3816 295 3860 Province,
308 3821 344 3851 of
357 3822 433 3852 what
451 3822 577 3859 Dignitie
590 3831 624 3851 or
640 3821 750 3860 Degree
769 3821 863 3853 El’tate
880 3833 912 3852 or
932 3824 1068 3864 Mysterie
1088 3826 1186 3857 soever

134 3855 204 3896 they
219 3858 275 3896 be,
292 3860 430 3903 lawfullye
443 3861 597 3891 authorised
612 3869 644 3891 to
663 3861 736 3891 have
751 3859 796 3890 use
816 3870 848 3890 or
865 3862 946 3903 beare
964 3873 1017 3904 any
1031 3865 1116 3895 suche
1131 3867 1182 3895 Ar-

135 3894 920 3976 ῗέῗιιὲἳὲἳὸἲῗὲἒέξὲἓῗῗξγὲἓέ3ξὲὴῇἓὲῗᾶζέζῗῗζῗὲ
935 3903 1071 3971 Ῡιξὲἳεὶἓὲ
1083 3903 1122 3971 1³3¹
1125 3913 1184 3970 ⁰0fo

134 3978 177 4000 ter
187 3970 225 4000 of
234 3969 368 4017 Recorde
384 3976 411 4005 in
425 3987 440 4005 a
456 3976 596 4016 Regyster
612 3976 707 4018 Booke
723 3977 759 4006 of
771 3977 885 4014 Armes,
903 3979 1072 4020 accordinge
1088 3989 1120 4010 to
1138 3979 1182 4009 su-

132 4008 188 4038 che
201 4007 297 4040 Order
310 4020 337 4040 as
351 4021 372 4041 is
385 4013 553 4054 prescrybed
569 4015 622 4044 and
649 4020 697 4045 lert
720 4014 815 4045 forthe
836 4017 862 4044 in
879 4016 926 4045 the
947 4016 1044 4049 Office
1068 4018 1181 4056 Charge

131 4046 188 4090 and
200 4045 297 4078 Oathe
311 4049 395 4079 taken
407 4051 445 4090 by
460 4063 512 4082 our
525 4052 596 4083 saide
610 4053 745 4083 Servante
757 4063 782 4082 at
801 4054 844 4083 his
858 4053 993 4086 Creation
1013 4058 1066 4087 and
1083 4056 1177 4086 Coro·

131 4093 246 4132 nation3
265 4085 320 4119 But
333 4087 389 4119 also
401 4095 432 4119 to
445 4091 572 4122 εοτκεᾶε
589 4092 731 4123 controlle
745 4092 801 4123 and
818 4092 943 4124 reforme
962 4094 998 4126 all
1016 4104 1134 4127 manner
1148 4095 1186 4124 of

1081 4134 1184 4164 Armes

2237 215 2290 260 87

1227 286 1361 324 vantagiis
1373 284 1454 315 dieto
1470 284 1583 315 Officio
1601 289 1829 329 qualitercunque
1844 294 2029 331 [pestantibus
2044 295 2102 326 five
2121 297 2283 335 pertinenti·
2306 300 2370 330 Arm
2396 300 2437 334 θ,

1232 325 1283 353 bus
1297 324 1503 361 quovismod03
1523 334 1555 354 ac
1571 326 1679 355 dietum
1697 332 1853 359 Martinam
1874 332 2038 362 Schoverum
2053 334 2235 365 Ordinarium
2251 337 2283 366 ὃ(

1231 361 1401 392 Primarium
1420 362 1572 391 Medicum
1592 363 1676 394 dictae
1692 369 1816 396 Domina
1836 372 1940 405 Reginae
1959 371 2065 402 Uxoris
2085 373 2189 402 nostrae
2215 374 2284 403 faci-
2308 387 2316 403 ι

1229 410 1291 429 mus
1307 400 1470 430 ordinamus
1486 401 1517 429 &
1534 401 1730 433 constituimus
1745 415 1791 441 per
1806 406 1974 445 Preientes3

1244 477 1249 482 ·
1268 438 1305 468 Et
1321 438 1447 475 insuper,
1466 438 1501 467 de
1516 440 1638 482 uberiori
1653 440 1750 471 Gmria
1766 443 1858 474 nostra
1872 445 1977 481 speciali
1988 469 1998 483 ,
2015 457 2046 477 ac
2056 458 2088 478 ex
2104 458 2177 479 certa
2186 441 2285 480 Scien-

1231 485 1266 507 tia
1280 477 1312 507 &
1328 487 1407 506 mero
1424 476 1510 505 Motu
1528 476 1642 514 nostris,
1662 488 1714 515 pro
1731 480 1829 510 Nobis
1844 482 2010 519 Haercdibus
2026 487 2057 515 &
2072 487 2285 518 Succefforibus

2330 339 2417 377 1603.

2327 377 2435 414 ῗιιιΛ.Δ

1230 514 1350 552 nostris,
1369 524 1416 553 per
1430 514 1595 551 Praesentes,
1613 515 1711 545 damus
1726 520 1758 548 ὃ(
1774 522 1956 551 concedimus
1972 523 2050 551 disto
2068 527 2192 554 Martino
2207 527 2284 555 Scho-
2321 518 2326 523 ’

1233 564 1300 582 vero
1318 554 1456 591 quandam
1478 553 1663 582 Annuitarem
1679 555 1733 584 live
1751 557 1896 586 annualem
1921 560 2073 590 Redditum
2096 568 2209 593 Centum
2231 567 2287 595 Li-

1230 591 1341 621 brarum
1356 593 1441 621 bonae
1456 591 1487 620 &
1505 591 1595 629 legalis
1611 591 1739 623 Moneta:
1758 594 1865 631 Angliae
1880 606 1927 631 per
1945 598 2058 627 Annum
2071 623 2075 630 ,

1269 630 1446 660 Habendum
1463 630 1643 665 gaudendum
1656 632 1844 661 exercendum
1868 636 1899 662 ὅ(
1920 637 2119 672 occupandum
2142 639 2286 672 Officium

1232 668 1265 698 &
1286 669 1399 699 Locum
1417 668 1584 704 praedictum
1601 668 1743 698 Ordinarii
1760 671 1791 700 &
1807 669 1934 700 Primarii
1953 673 2059 703 Medici
2079 676 2162 705 ditilae
2179 678 2286 708 Domi-

1232 717 1277 737 nae
1285 710 1382 737 Annae
1396 709 1503 743 Reginae
1520 706 1626 736 Uxoris
1642 708 1765 745 nostrae,
1775 708 1889 745 praefato
1903 712 2033 740 Martino
2045 712 2174 743 Schovero
2182 716 2284 745 duran-

1230 753 1259 774 te
1277 745 1342 775 Vita
1359 746 1402 775 sua
1420 745 1554 782 naturali,
1570 748 1624 774 una
1637 756 1705 775 cum
1722 745 1813 775 Dictis
1824 748 1855 776 ὃς
1877 747 2098 779 Alloccitionibus
2113 750 2182 781 Vini
2200 753 2285 784 Cerae

1230 783 1263 814 &
1278 783 1372 824 Bouge
1392 784 1416 812 le
1431 782 1541 820 Court,
1561 792 1594 813 ac
1606 785 1744 814 omnibus
1760 783 1897 815 Proficuis
1911 784 2120 817 Emolutnentizs
2137 790 2284 821 Commo.

1230 822 1363 853 ditatibus
1381 821 1623 852 Praeheminentiis
1640 822 1792 861 privilegiis
1813 824 2035 854 Aluthoritatibis
2050 828 2081 854 δεῖ
2108 827 2282 868 Avivantagiis
2299 827 2302 830 ’

1231 860 1311 890 dicto
1334 860 1446 890 Officio
1465 861 1695 899 qualitercunque
1718 863 1922 899 pertinentibus
1945 863 2000 893 sive
2020 866 2287 904 quomodocunque

1235 899 1425 936 spectantibus
1434 911 1444 936 3

1271 937 1314 966 Ad
1334 937 1494 967 habendum
1513 937 1724 976 percipiendum
1743 938 1892 969 levandum
1919 938 1951 968 &
1972 938 2152 976 gaudendum
2184 941 2290 973 dilstam

1233 974 1418 1005 Annuitarem
1435 975 1489 1006 five
1501 977 1650 1005 annualem
1661 976 1818 1008 Redditutn
1831 981 1943 1007 Centum
1952 978 2101 1006 Librarum
2115 978 2195 1008 dicio
2204 982 2288 1009 Mar-

1233 1016 1290 1042 tino
1308 1013 1463 1050 Schovero,
1483 1014 1518 1043 de
1534 1012 1630 1043 Nobis
1644 1014 1816 1046 Haeredibus
1832 1017 1864 1045 δε
1886 1016 2099 1046 δυεςείΐυτὼυε
2114 1017 2232 1055 nostris,
2250 1018 2287 1049 de

1233 1051 1380 1082 Thesauro
1405 1051 1503 1095 nostro
1520 1051 1678 1082 Haeredum
1696 1054 1728 1083 &
1753 1054 1952 1084 Succefforum
1972 1056 2154 1093 nostrorum,
2177 1056 2210 1085 ad
2232 1056 2292 1086 Re-

1233 1099 1345 1127 ceptam
1361 1090 1499 1120 scaccarii
1514 1090 1602 1119 nostri
1615 1090 1739 1122 Westm.
1752 1092 1910 1122 Haeredum
1922 1092 2163 1123 &Succellbrum
2178 1094 2292 1123 nostro-

1233 1138 1314 1166 rum,
1332 1138 1378 1165 per
1394 1126 1501 1171 Manus
1516 1127 1691 1159 Thesaurarn
1710 1132 1743 1162 &
1761 1131 1990 1161 Camerariorum
2008 1131 2172 1161 nostrorum
2190 1132 2292 1162 ldaeress

1234 1166 1303 1196 dum
1318 1167 1352 1197 &
1365 1166 1565 1197 Successorum
1581 1168 1741 1199 nostrorum
1761 1180 1813 1208 pro
1832 1179 1960 1206 tempore
1973 1170 2151 1200 existentium
2168 1171 2272 1201 ibzdem
2283 1192 2292 1208 ,

1233 1206 1249 1235 ὲ
1269 1204 1352 1235 Festo
1368 1207 1608 1235 Annunciationis
1626 1209 1722 1236 Beatae
1742 1210 1843 1237 Mariae
1863 1210 1978 1245 Virginis
1994 1216 1998 1220 ¹
2023 1208 2128 1238 ultimo
2145 1219 2209 1238 ante
2230 1209 2291 1239 Da-
2313 1204 2425 1235 *XVL*

1232 1251 1291 1273 tarn
1308 1243 1490 1274 Praesentium
1508 1246 1661 1281 praeterito,
1682 1246 1798 1276 durante
1813 1245 1878 1275 Vita
1894 1247 2290 1277 naturalidic‘hMcrtiniSho-
2309 1252 2327 1280 5
2330 1244 2375 1281 38·

1235 1284 1314 1319 veri,
1329 1283 1363 1312 ad
1376 1291 1494 1320 quatuor
1514 1281 1591 1312 Anni
1607 1282 1779 1321 Termin033
1798 1283 1927 1314 videlicet
1938 1309 1945 1320 ,
1964 1284 1997 1314 ad
2013 1285 2108 1322 Festa,
2125 1288 2292 1316 Annuncia-

1234 1323 1315 1350 tionis
1331 1323 1429 1350 Beatae
1450 1322 1551 1349 Mariae
1567 1324 1704 1359 Virginis,
1724 1323 1904 1352 Nativitatis
1923 1324 2016 1351 Sarzcli
2031 1322 2173 1360 Johannis
2189 1326 2289 1362 Bapti-

1235 1358 1300 1397 stae,
1319 1360 1414 1389 Sanffl
1435 1358 1581 1388 Michaelis
1595 1359 1764 1397 Archangeli
1781 1361 1813 1391 ὃς
1829 1360 1947 1391 Natalis
1963 1364 2088 1399 Domini,
2106 1371 2152 1401 per
2174 1364 2293 1401 aequales

1236 1396 1388 1428 Portiones
1402 1397 1584 1435 solvendam,

1273 1435 1408 1467 Volentes
1426 1438 1458 1467 ὃ(
1479 1436 1667 1467 concedentes
1686 1436 1793 1474 insuper
1811 1438 1889 1475 quod
1909 1437 2037 1476 praefatus
2058 1440 2200 1468 Martinus
2214 1438 2295 1470 Scho-

1235 1484 1318 1504 verus
1335 1474 1503 1512 praedictum
1528 1474 1670 1505 Officium
1689 1484 1756 1504 cum
1776 1477 1910 1505 omnibus
1925 1477 1957 1506 ὃς
1973 1476 2081 1513 lingulis
2106 1477 2293 1516 pertinentiis,

1239 1523 1274 1543 ac
1300 1514 1470 1550 praedietum
1494 1514 1643 1543 annualem
1668 1512 1828 1544 Redditum
1854 1517 1966 1543 Centum
1986 1515 2130 1543 Librarum
2146 1518 2292 1547 annuatim

1234 1552 1296 1582 five
1313 1562 1362 1591 per
1379 1551 1498 1582 Annum
1517 1552 1609 1582 modis
1626 1553 1761 1582 omnibus
1780 1562 1810 1583 ut
1831 1553 1989 1588 praedicitur
2009 1553 2192 1592 lolvendum,
2210 1565 2243 1585 ac
2258 1565 2294 1585 o-

1240 1590 1318 1619 mnia
1337 1591 1370 1620 &
1396 1590 1499 1627 singula
1527 1589 1657 1620 Proficua
1676 1590 1774 1621 Dietas
1794 1591 1985 1621 Allocationes
2004 1591 2146 1629 praedictas
2167 1596 2198 1622 ἐκ
2219 1593 2294 1623 Bou-

1241 1637 1276 1666 ge
1294 1628 1317 1658 le
1337 1627 1462 1666 Courte,
1489 1638 1557 1658 cum
1575 1629 1709 1658 omnibus
1726 1628 1951 1665 Emolumentis,
1972 1629 2216 1659 Piaeheminentiis
2235 1632 2296 1660 Au·

1240 1667 1418 1697 thoritatibus
1436 1667 1468 1697 &
1488 1665 1755 1697 commoditatibus
1773 1668 1986 1704 quibuscunque
2010 1668 2041 1697 ὃς
2059 1668 2298 1706 quahbulcunque

1241 1705 1334 1735 eidem
1363 1705 1475 1735 Officio
1493 1706 1697 1742 spetlantibus,
1722 1705 1820 1735 habeat
1842 1708 1976 1742 percipis
1996 1706 2028 1736 &
2047 1707 2164 1744 gaudeat
2183 1708 2298 1738 durante

1240 1741 1308 1773 Vita
1326 1743 1373 1773 sua
1392 1743 1522 1779 naturali,
1540 1744 1568 1772 in
1589 1752 1645 1772 tam
1663 1745 1762 1781 amplis
1781 1745 1871 1773 modo
1889 1745 1921 1774 &
1942 1745 2032 1776 forma
2049 1754 2129 1781 prout
2143 1746 2232 1782 aliqua
2247 1747 2298 1777 alia

1239 1780 1363 1812 Persona
1379 1781 1434 1812 sive
1451 1782 1539 1819 aliqua
1554 1782 1612 1811 aliae
1628 1782 1778 1819 Personae,
1796 1783 1904 1812 didium
1921 1782 2062 1812 Officium
2073 1786 2104 1813 &
2118 1784 2233 1814 Locum
2242 1784 2300 1814 Or-

1237 1819 1336 1850 dinarii
1350 1821 1382 1851 ὃς
1398 1820 1525 1850 Primarii
1542 1819 1655 1850 Medici
1670 1821 1748 1850 ullius
1764 1821 1882 1859 Reginae
1899 1822 1930 1851 ὅ(
1943 1821 2049 1851 Uxoris
2063 1822 2174 1859 alicujus
2192 1823 2301 1859 Proge-

1237 1859 1336 1889 nitoris
1350 1857 1435 1888 nostri
1452 1858 1544 1895 Regis
1559 1858 1670 1897 Angliae
1686 1867 1750 1889 ante
1770 1859 1831 1889 haec
1847 1868 1974 1897 tempora
1987 1869 2130 1898 occupans
2146 1861 2190 1890 vel
2205 1871 2298 1890 occu-

1239 1905 1354 1934 pantes,
1373 1898 1472 1927 habuit
1487 1899 1663 1934 autrecepit,
1681 1898 1840 1927 habuerunt
1856 1907 1901 1927 aut
1911 1906 2112 1936 perceperunt,
2131 1907 2180 1928 aut
2192 1899 2296 1930 habere.

1236 1936 1280 1967 vel
1300 1937 1444 1973 percipere
1459 1935 1555 1965 debuit
1573 1943 1620 1965 aut
1641 1937 1748 1972 potuit,
1767 1935 1924 1967 debuerunt
1944 1946 1989 1966 au:
2005 1937 2176 1976 potuerunt:

1274 1974 1319 2004 Eo
1339 1975 1415 2011 quod
1432 1973 1557 2012 expressa
1577 1974 1702 2013 tuentio,
1721 1975 1782 2006 ἃς.
2021 1990 2024 1993 <

1274 2011 1308 2043 In
1324 2014 1403 2050 cujus
1420 2014 1476 2050 rei,
1496 2010 1557 2046 &a

1273 2088 1363 2120 Teste
1383 2088 1468 2127 Rege
1483 2089 1557 2127 apud
1577 2087 1849 2130 W’stmonasterium,
1870 2089 2007 2120 vicesimo
2023 2089 2098 2121 sexto
2118 2089 2176 2121 Die
2190 2090 2269 2129 Julii⁶

1670 2168 1724 2196 Per
1739 2158 1831 2196 Breve
1849 2166 1881 2196 de
1900 2169 2018 2197 Privato
2037 2166 2136 2204 Sigillo.

1287 2305 1506 2341 Commission'
1526 2305 1652 2354 speciale
1676 2316 1760 2388 1³le
1786 2304 1971 2340 Guillaume
1998 2305 2150 2341 eamdem
2180 2306 2249 2342 Roi

1713 2357 1718 2366 '
1759 2365 1850 2387 rmes.

1239 2443 1393 2505 JAques,
1406 2449 1460 2478 par
1474 2439 1504 2469 la
1520 2442 1612 2469 Gracc
1624 2438 1657 2468 de
1671 2441 1760 2477 Dieu,
1780 2439 1840 2469 ὅτε.
1867 2440 1902 2467 A
1911 2446 1989 2469 notre
2000 2438 2086 2480 fidele
2101 2438 2139 2475 ὠ
2153 2438 2307 2470 bien-aime

1295 2483 1438 2509 Serviteur
1464 2479 1628 2509 Guillaume
1653 2475 1785 2507 Caniden
1799 2500 1808 2514 ,
1844 2479 1965 2517 Eczgycr,
1989 2478 2151 2517 sicrnommd
2180 2478 2300 2509 Claren-

1241 2517 1349 2555 cieulx,
1371 2519 1427 2547 Roi
1438 2516 1570 2547 d’Armes
1591 2517 1635 2544 des
1644 2519 1748 2553 parties
1762 2516 1938 2554 Orientales,
1956 2517 2155 2554 occidentales,
2173 2516 2210 2551 όν
2237 2519 2300 2546 Me‘-

1242 2556 1386 2585 ridionales
1408 2558 1439 2585 de
1466 2563 1543 2585 notre
1565 2558 1697 2592 Royaume
1722 2553 1917 2592 A'Angleterre
1932 2578 1941 2592 ‚
1967 2556 2056 2591 clepus
2076 2555 2106 2584 la
2132 2558 2242 2584 Riviere
2268 2556 2300 2585 de

1241 2597 1341 2623 Trente
1357 2605 1421 2623 vers
1436 2593 1459 2623 le
1474 2593 1565 2630 Maii,
1583 2599 1621 2627 Θ·
1637 2591 1655 2620 ἁ
1671 2600 1729 2622 tous
1743 2603 1789 2621 νιος
1806 2601 1898 2622 autres
1911 2592 1976 2622 bons
1991 2597 2027 2622 Su
2024 2594 2097 2631 jets,
2115 2593 2204 2623 salut.

1278 2632 1421 2662 D'autant
1436 2643 1485 2673 que
1500 2634 1588 2669 Dion,
1601 2631 1699 2669 parsu
1717 2630 1821 2667 grande
1836 2630 1960 2659 cle‘mence
1981 2630 2019 2666 ὠ
2040 2632 2140 2670 bontas,
2156 2643 2173 2660 a
2191 2630 2296 2670 sbumis'

1238 2669 1300 2709 [bus
1313 2679 1392 2701 notre
1409 2673 1517 2710 Empire
1533 2668 1571 2704 c&
1585 2676 1663 2698 notre
1678 2672 1915 2707 Gouvernement,
1934 2669 1962 2699 la
1976 2668 2100 2709 Nobleffi
2113 2693 2122 2708 ,
2136 2670 2160 2699 le
2182 2669 2296 2710 Peuple,

1240 2708 1278 2744 &⁶
1292 2709 1330 2739 les
1344 2713 1498 2740 Communes
1513 2709 1545 2738 de
1560 2719 1587 2738 ce
1599 2710 1730 2747 Royaume
1743 2708 1763 2737 d
1767 2707 1960 2747 'Angleterre3

1281 2750 1359 2777 Nous

1276 2790 1311 2816 A
1304 2772 1378 2825 jan}
1394 2784 1489 2824 deffiin
1497 2792 1552 2823 par
1565 2783 1590 2813 le
1604 2786 1724 2814 Pouvoir
1743 2782 1836 2822 abfi’lu
1852 2782 1890 2818 ὠ
1906 2783 1994 2822 Royal
2005 2788 2052 2823 qui
2065 2795 2129 2815 nous
2146 2796 2164 2814 a
2179 2786 2300 2816 e'tescom-

1238 2828 1303 2863 mis,
1325 2826 1359 2855 de
1384 2828 1497 2864 viJzter,
1526 2826 1590 2852 voir
1598 2846 1608 2861 ‚
1636 2822 1674 2857 ῤ’
1696 2826 1835 2851 examiner
1857 2830 1918 2851 tout
1939 2830 2015 2851 notre
2047 2826 2180 2860 Royaume
2201 2824 2299 2854 d'An-

1233 2863 1351 2901 gleterre
1366 2863 1403 2898 &
1427 2872 1474 2892 nos
1494 2869 1586 2890 autres
1602 2864 1766 2899 Domaines,
1781 2868 1846 2890 tant
1861 2869 1931 2898 pour
1945 2863 2045 2898 garder
2067 2861 2104 2896 &
2127 2861 2253 2900 obser-ver
2271 2861 2297 2891 le

1237 2902 1288 2932 bon
1302 2904 1380 2932 ordre
1395 2913 1427 2931 en
1441 2908 1527 2930 tontes
1540 2899 1637 2939 choses,
1646 2908 1698 2938 par
1714 2907 1824 2937 rapport
1838 2897 1855 2927 ἃ
1869 2898 1974 2937 l'Office
1989 2896 2026 2933 (β’
2040 2898 2078 2928 les
2085 2899 2226 2940 f‘onclions
2248 2903 2299 2941 qui

1234 2946 1443 2980 appartiennent
1459 2950 1516 2968 aux
1526 2943 1635 2975 Armes,
1660 2949 1691 2967 ue
1700 2946 1764 2975 pour
1778 2936 1906 2977 reformer
1919 2936 1986 2976 auffl
1997 2937 2090 2966 divers
2103 2939 2168 2967 abus
2183 2937 2291 2973 &aes-

1235 2980 1331 3009 ordres,
1345 2983 1390 3021 qui
1405 2978 1521 3017 naffi’nt
1535 2975 1574 3011 &³
1593 2978 1634 3006 s'e
1642 2984 1725 3006 event
1738 2984 1796 3005 tous
1810 2976 1845 3004 les
1853 2976 1929 3013 jours
1939 2999 1947 3013 ‚
1954 2975 2042 3015 faute
2057 2978 2088 3005 de
2101 2976 2214 3014 ‘ti-fita,
2231 2979 2294 3007 vair

1235 3017 1274 3053 ὠ
1287 3022 1427 3048 examiner
1439 3028 1472 3046 en
1483 3016 1527 3045 des
1541 3024 1608 3045 tems
1614 3014 1792 3045 convenables
1802 3036 1810 3051 ,
1821 3013 1943 3052 ficivant
1955 3014 2109 3044 l'ancienne
2115 3014 2253 3053 firme&
2261 3014 2293 3044 la

1234 3056 1340 3086 louahle
1354 3064 1471 3086 coutume
1484 3055 1528 3082 des
1541 3057 1617 3083 Loix
1632 3054 1676 3083 des
1690 3056 1806 3089 Armes,
1825 3051 1862 3087 &
1882 3051 1939 3094 afiu
1961 3064 2010 3093 que
2029 3053 2057 3081 la
2074 3052 2196 3120 Nobltiffe
2215 3053 2247 3082 de
2265 3063 2292 3083 ce

2159 3102 2177 3120 a

1233 3097 1364 3128 Romame
1373 3093 1453 3133 puiſje
1466 3093 1497 3131 β’
1510 3092 1654 3131 conserver
1668 3094 1738 3121 dans
1752 3091 1853 3129 chaque
1866 3093 1957 3128 Aegre,
1976 3090 2044 3131 ainfi
2058 3102 2108 3132 que
2122 3103 2147 3120 ce
2204 3092 2293 3131 edon,

1233 3140 1298 3162 tant
1311 3145 1343 3162 en
1357 3133 1501 3162 l'hinneur
1516 3134 1592 3171 qu'en
1608 3130 1637 3160 la
1651 3130 1767 3167 digmte‘3
1784 3134 1821 3164 (γ
1836 3140 1885 3168 que
1898 3130 2018 3159 chacune
2032 3129 2069 3164 όν
2078 3137 2165 3160 toutes
2179 3134 2216 3159 les
2226 3133 2292 3158 Per-
2336 3158 2339 3160 .

1904 3167 1941 3203 ὠ·
1968 3176 2061 3198 autres
2093 3167 2206 3206 putffi’nt
2231 3167 2288 3198 erre

1926 3205 1963 3241 φ
1973 3191 2131 3247 prffeffion,
2140 3205 2213 3245 stans
2226 3217 2287 3245 cona

1226 3171 1341 3212 ftnnes,
1367 3175 1446 3211 Corps
1472 3173 1631 3211 Politiques,
1658 3173 1883 3205 Communautez,

1232 3222 1322 3240 mieux
1335 3221 1443 3239 connues
1456 3209 1521 3238 dan>
1538 3208 1609 3238 leurs
1622 3208 1712 3246 biens,
1730 3207 1800 3237 leurs
1812 3216 1908 3246 range,

1225 3248 1320 3290 fufion
1340 3260 1372 3279 ou
1388 3247 1511 3288 desordre
1517 3270 1527 3286 ‚

1269 3328 1346 3356 Nous
1360 3336 1449 3356 avons
1458 3333 1526 3363 pour
1539 3322 1593 3354 cela
1608 3321 1706 3361 ambli,
1725 3324 1830 3353 nomme‘
1839 3318 1877 3357 ὠ
1892 3322 2029 3360 ordonne‘,
2046 3329 2112 3359 pour
2127 3330 2192 3350 nous
2205 3320 2285 3356 &en‘

1228 3372 1306 3395 notre
1318 3376 1390 3403 nom,
1403 3372 1480 3394 notre
1487 3363 1579 3403 ficfdrt
1596 3363 1891 3402 bien-aime‘serviteur
1899 3361 2064 3392 Guillaume
2081 3359 2222 3397 Csinden,
2241 3362 2284 3389 E-

1226 3402 1485 3444 cuyer,ficrnomme
1496 3399 1695 3438 Clarencieux,
1717 3402 1775 3431 Roi
1797 3400 1923 3431 d'Armes
1946 3400 2014 3429 dans
2029 3397 2167 3435 l'Orient‚
2184 3396 2283 3427 l'Occi-

1226 3443 1304 3480 dent,
1321 3442 1359 3477 &⁶
1374 3441 1397 3470 le
1413 3442 1486 3471 Mia'i
1500 3439 1715 3477 d'Angleterre,
1732 3439 1819 3477 depuis
1844 3438 1871 3468 la
1887 3441 1994 3468 Riviere
2011 3437 2042 3465 dc
2056 3440 2153 3479 Treute
2174 3446 2238 3464 vers
2255 3435 2281 3465 le

1226 3482 1324 3519 Midi,
1338 3489 1405 3518 pour
1418 3479 1513 3520 visiter
1527 3487 1599 3508 toute
1613 3486 1681 3507 cette
1696 3480 1844 3513 Province,
1862 3474 1900 3511 ὠ»
1921 3476 1957 3505 les
1974 3478 2077 3512 parties
2091 3484 2129 3517 «ἓν
2146 3472 2182 3502 les
2200 3484 2282 3503 mem·-

1222 3519 1283 3548 bres
1305 3523 1351 3560 qui
1364 3518 1511 3557 drpendent
1524 3516 1598 3546 dela
1616 3517 1710 3553 charge
1729 3516 1807 3545 dud.t
1826 3514 2037 3550 Clarencieulx,
2060 3512 2116 3541 Roi
2133 3512 2281 3556 d’Armes,

1225 3558 1258 3587 de
1273 3566 1339 3587 tems
1354 3568 1385 3587 en
1399 3566 1475 3593 tems,
1496 3554 1689 3614 aufflsbuverzt
1705 3552 1742 3587 ὠ
1764 3553 1885 3593 lorsqu’rl
1895 3562 1988 3589 jugera
2011 3549 2149 3589 necffzire
2163 3549 2201 3585 &³
2217 3562 2281 3580 con-

1224 3596 1342 3626 venahle
1357 3596 1389 3625 a'e
1402 3593 1530 3634 lefaire‘,
1549 3605 1586 3627 k9⁶
1601 3592 1813 3630 non-finlement
1826 3591 1847 3619 d
1853 3599 1943 3619 entrer
1959 3590 2029 3618 dam·
2043 3597 2130 3618 toutes
2145 3588 2180 3618 ls
2199 3589 2278 3626 Egli-

1216 3634 1279 3674 ses,
1296 3635 1332 3665 les
1347 3634 1508 3669 Chffleamc,
1528 3631 1564 3661 les
1580 3629 1720 3669 Massam,
1741 3628 1778 3663 ό·
1793 3636 1879 3658 toutes
1891 3636 1982 3656 autres
1993 3627 2081 3664 places
2096 3626 2114 3656 ἃ
2125 3628 2162 3666 Ja
2178 3628 2279 3667 distre-

1222 3677 1282 3703 tion
1312 3683 1381 3711 pour
1389 3673 1545 3710 parcourir,
1559 3671 1675 3708 prendre
1689 3667 1867 3706 connoifftnce
1878 3689 1887 3703 ,
1904 3670 1981 3702 voir,
1998 3664 2035 3699 (ζ’-γ
2046 3669 2186 3695 examinet
2198 3674 2277 3696 toute

1215 3697 1299 3751 sbrte’
1307 3712 1453 3747 d’Arwes,
1473 3707 1632 3746 Enstignes,
1652 3710 1778 3743 Cimiers,
1797 3703 1833 3739 ἔγ
1849 3712 1939 3733 autres
1959 3702 2065 3743 deviles
2077 3704 2098 3733 d
2110 3709 2223 3742 Armes,
2243 3705 2277 3734 de

1223 3758 1283 3780 tous
1298 3747 1336 3785 ὠ
1352 3750 1383 3778 de
1397 3748 1497 3778 chacun
1511 3747 1542 3774 de
1555 3757 1602 3775 nos
1615 3750 1718 3782 Sulca,
1738 3752 1803 3772 taut
1819 3743 1862 3771 dsss
1878 3746 1955 3779 Corps
1970 3741 2113 3782 politiques
2127 3754 2176 3783 que
2195 3743 2276 3772 d'au-

1223 3797 1280 3819 tres
1294 3790 1361 3818 dans
1377 3794 1451 3817 toute
1465 3784 1550 3813 ladite
1565 3787 1714 3819 Provinre,
1730 3783 1761 3810 de
1779 3781 1846 3823 quelr
1859 3792 1889 3809 ue
1903 3782 2018 3818 dignite‘,
2039 3791 2125 3819 rung,
2145 3783 2220 3819 (tat,
2240 3791 2273 3811 ou

1218 3827 1359 3867 profession
1375 3824 1451 3867 qu⁷ils
1459 3822 1562 3861 fluent,
1586 3821 1775 3859 lcsgitimemeut
1790 3829 1836 3849 aut
1847 3818 1937 3858 arrise‘s
1961 3819 2085 3857 d'avoir,
2097 3821 2128 3848 de
2138 3819 2170 3859 Jb
2178 3819 2275 3859 ftrvir

1224 3877 1257 3895 ou
1278 3868 1309 3895 de
1325 3873 1418 3902 parter
1430 3861 1504 3892 telles
1517 3865 1637 3897 Armes,
1658 3857 1815 3898 Eustignes,
1841 3861 1965 3894 Cimiers,
1989 3856 2027 3892 ὠ
2055 3865 2148 3887 autres
2168 3857 2274 3897 devises

1216 3903 1392 3943 semblables,
1411 3912 1479 3931 avec
1491 3899 1525 3928 les
1543 3909 1665 3938 marques
1679 3899 1711 3926 de
1725 3897 1794 3926 leurs
1817 3900 1945 3935 origines,
1962 3896 2143 3935 gtsne‘aloges,
2159 3895 2196 3930 ὠ)
2212 3908 2270 3926 mas

1223 3946 1328 3980 stages,
1339 3938 1378 3975 &
1395 3938 1516 3979 lesfaeire
1534 3936 1691 3974 enregislrer
1707 3935 1774 3964 daris
1794 3946 1830 3964 un
1845 3934 1949 3972 registro
1962 3934 2140 3974 d'armoiries,
2150 3935 2271 3973 ficivant

1221 3980 1319 4010 l'ordre
1332 3982 1376 4019 qui
1388 3977 1423 4017 est
1434 3975 1544 4016 prestrit
1556 3976 1625 4005 daus
1640 3974 1691 4013 son
1706 3972 1797 4011 emploi
1821 3972 1858 4007 ὠ,
1876 3981 1928 4010 par
1947 3972 1970 4001 le
1983 3970 2107 4010 fi’rtnrnt
2127 3985 2175 4012 que
2197 3981 2272 4003 notre

1214 4019 1306 4059 Jusdit
1313 4021 1457 4057 serviteur'
1467 4027 1484 4044 a
1493 4014 1575 4053 prete<
1587 4013 1604 4042 ἃ
1614 4013 1650 4052 fit
1664 4013 1782 4041 cre‘ation
1798 4008 1835 4044 ό
1856 4011 1873 4039 d
1890 4010 1937 4049 son
1954 4019 2183 4047 couromzemerzt,
2204 4020 2270 4040 mats

1220 4068 1312 4086 encore
1333 4056 1365 4084 de
1386 4058 1496 4090 corrigcr
1511 4076 1520 4089 ,
1550 4052 1700 4081 contredire
1715 4073 1723 4088 ‚
1752 4047 1789 4083 (βψ
1823 4048 1952 4088 rzfformer
1971 4057 2059 4079 tontes
2084 4050 2167 4087 sortes
2190 4049 2273 4078 d’ar-

1221 4106 1275 4126 mes
1283 4118 1293 4135 ,
1308 4097 1406 4126 cimiers
1412 4110 1427 4131 ,-
1438 4091 1589 4130 enfiignes,
1606 4088 1643 4125 (ἐγ
1658 4088 1762 4126 cle-vifis
1782 4087 1944 4126 illegitimos,
1957 4098 2006 4130 que
2021 4088 2130 4131 quelque
2142 4087 2273 4127 personne

2247 4133 2280 4153 ou
