2557 4279
731 212 841 253 ET
925 206 1775 263 ACTAPUBLICA.
2238 232 2317 273 207

21 305 89 335 Ann.
100 300 142 331 D.
159 301 261 332 Princo
273 308 307 329 or
321 297 411 335 State,
419 297 455 336 by
467 296 564 327 whose
580 295 710 340 Subjee’ts
722 298 788 336 they
803 298 872 328 shall
887 298 1013 337 sustayne
1028 307 1081 337 any
1089 297 1220 334 Wrongs
1259 297 1355 325 Prince
1377 306 1411 325 ou
1433 298 1510 326 Erat
1521 320 1530 334 ,
1544 305 1597 335 par
1618 297 1656 327 les
1674 301 1763 334 Suiets
1778 302 1895 341 defiyuels
1908 304 1941 334 ils
1955 313 2056 335 aurant
2063 303 2179 344 fimijert
2192 306 2305 348 quelque
2332 303 2462 335 Anni).>

37 341 118 378 1615.
157 350 191 370 or
210 338 314 375 Losse,
331 337 360 367 in
378 345 495 366 manner
508 346 537 366 as
551 335 693 373 aforelaid‚
712 336 779 373 they
797 336 866 367 111311
881 346 934 367 11οῑ
949 339 1063 378 forany
1077 337 1146 367 such
1156 336 1214 366 Act
1255 341 1313 363 tort
1332 344 1365 363 ou
1390 334 1524 371 dommage
1544 336 1575 364 de
1590 337 1618 365 la
1632 341 1750 367 mamere
1759 339 1881 379 Jiaestiite,
1897 342 1929 372 ils
1941 355 1973 373 ne
1982 343 2081 382 strant
2094 335 2172 382 paint
2184 357 2217 375 en
2233 346 2304 374 a'an-
2355 344 2441 381 1615.

20 373 143 418 inac.1.
158 388 192 408 or
215 373 300 414 Ads,
316 370 464 414 grounded
489 384 566 413 upon
589 375 638 404 the
662 375 819 405 Occalions
833 375 1112 412 abovementioned‚
1133 377 1169 406 be
1185 375 1215 404 in
1250 382 1299 409 ger
1314 376 1346 401 ni
1357 371 1465 411 expose's
1474 379 1541 410 pour
1555 380 1654 403 aucune
1669 376 1731 405 telle
1745 380 1833 408 aelian
1843 404 1852 417 ,
1866 379 2026 421 fonde‘efitr
2039 394 2078 413 ces
2090 383 2228 423 occafioiis,
2248 395 2304 413 aux
2332 381 2430 420 intic⁸
2443 391 2471 410 1,.

159 417 262 456 danger
275 417 331 446 and
343 413 450 452 subjeci
465 420 498 444 to
514 414 561 444 the
576 412 671 444 Perills
682 413 736 444 and
752 413 890 445 Penalties
905 415 941 444 of
951 424 1004 445 our
1019 415 1127 446 Lawes.
1250 411 1334 449 perils
1348 413 1379 441 ni
1395 418 1452 440 aux
1460 414 1552 449 peines
1566 413 1598 442 de
1614 423 1660 441 nos
1675 416 1760 445 Loix.

195 492 228 529 ln
244 486 354 523 witness
367 487 502 522 whereof
510 490 570 521 We
586 490 658 521 have
674 490 771 520 caused
786 490 860 521 these
874 500 928 521 our
944 490 1053 521 Letters
1067 499 1098 522 to
1112 492 1149 521 be
1157 497 1217 521 ma-

158 531 192 569 de
206 531 339 568 Patents,
353 530 408 560 and
428 529 514 561 sealed
533 529 606 560 with
621 538 674 559 our
689 528 780 559 Great
794 528 882 559 Seale.

193 596 292 636 Given
316 594 403 636 under
429 616 484 638 our
505 605 609 643 Hand,
628 613 656 636 at
678 615 732 635 our
752 603 861 635 Pallace
885 605 923 635 of
945 605 1142 645 Wstminster,
1169 607 1218 638 the

157 644 181 675 ci
202 647 233 675 ht
256 640 320 683 Day
344 645 381 675 of
394 645 536 686 January,
552 647 582 675 in
605 644 654 674 the
675 643 813 674 twelveth
835 643 911 673 Yere
932 645 970 674 of
979 652 1032 674 out
1049 645 1162 685 Reigne
1177 646 1215 676 of

155 653 247 752 ἐσμ
268 682 416 722 Bryttayne
439 684 567 715 Fraunce
589 682 643 713 and
656 680 794 720 Ireland,
811 682 865 712 and
888 683 919 712 in
942 683 991 714 the
1008 683 1100 715 Yeare
1115 684 1152 714 of
1160 690 1215 716 out

202 722 234 753 rd
252 716 325 753 God
337 732 395 754 one
410 722 547 754 thousand
561 722 598 752 six
616 719 747 751 hundred
762 719 819 750 and
836 720 976 752 fourteen.
1000 741 1002 743 ·

395 786 397 788 ¹
707 780 709 782 .
735 820 737 823 .
783 791 936 836 Per'ipffim
951 800 1057 835 Regem.-

921 873 1127 907 CAREW.

202 1001 419 1048 Acqm'emntiae
435 999 588 1033 Generalis
603 998 755 1033 Frederica*
772 1000 896 1033 Comitis
911 1000 1046 1034 Palatini
1063 999 1170 1034 Rheni.

14 1087 87 1118 Ann.
102 1083 144 1114 D.
206 1082 230 1085 ⁷*
246 1084 303 1116 OS
319 1083 488 1124 Frideri'cur,
509 1084 565 1116 Dei
591 1084 707 1124 Grati-a,
726 1089 815 1116 Comes
838 1086 988 1117 Palatinus
1010 1087 1117 1126 Rheni,
1135 1086 1215 1118 Sacri

41 1124 127 1160 1615.
254 1123 381 1154 Romani
401 1124 518 1161 ‘Imperii
540 1123 738 1162 Archidapifer
760 1125 792 1155 &
815 1124 932 1156 Elector
945 1148 954 1164 ,
979 1125 1048 1156 Dux
1069 1125 1214 1163 Bwariae,

17 1168 50 1191 Ex
68 1167 124 1190 Au-
161 1165 223 1194 &c.
240 1163 422 1193 Praeseiitium
435 1164 551 1194 Tenore
568 1164 725 1194 Literarum
741 1163 855 1200 publice
867 1163 1135 1203 recognoscimus&
1153 1175 1218 1202 pro—

12 1210 74 1238 τοῖν.
159 1202 273 1233 fitemur
296 1201 507 1232 Sereniffimum
529 1203 561 1232 ὃς
585 1201 816 1232 Potentiffimum
839 1202 1022 1242 Principem,
1049 1203 1216 1234 Dominum
1294 1202 1553 1241 Quemadmodum
1583 1205 1798 1244 uniuscujusque
1830 1206 1922 1244 Regis
1943 1217 1976 1238 ac
2001 1208 2140 1249 Principis
2161 1211 2319 1252 singulatim
2337 1219 2369 1237 m*
2392 1220 2436 1237 ²¹-

157 1240 294 1278 Jacobum
305 1263 314 1279 ,
331 1240 434 1271 eadem
453 1239 572 1277 Gratia,
592 1240 705 1278 Magnae
728 1243 890 1272 Britanniae
912 1244 1035 1271 Franciae
1057 1241 1095 1277 ὠ·
1116 1242 1219 1272 Hiber·
1258 1240 1402 1272 Officium
1417 1241 1572 1276 adtMunus
1585 1243 1625 1273 est
1640 1245 1815 1280 praecipuum
1827 1245 1942 1277 suorum
1951 1247 2137 1279 Subditorum
2154 1240 2252 1282 curam
2268 1254 2318 1284 lia-⁷

153 1282 206 1308 211⁴ae
227 1279 324 1315 Regem
345 1278 509 1309 Dominum
531 1279 564 1309 ὃς
588 1278 701 1309 Patrem
724 1279 854 1310 nostrum
882 1279 1099 1319 chaiiffimum,
1113 1280 1214 1311 Nobis
1258 1279 1341 1317 bere,
1358 1290 1497 1317 eramque
1518 1280 1607 1311 Saluti
1625 1281 1799 1312 Commodis
1813 1284 1846 1314 ὃς
1863 1284 2000 1323 Dignitati
2018 1289 2142 1318 maxime
2156 1291 2301 1322 consulere

153 1317 355 1386 guadraginta
382 1317 477 1346 Millia
501 1316 651 1346 Librarum
678 1317 877 1355 Sim-lingarum
903 1318 999 1349 Cunei
1022 1315 1134 1355 Angliae
1150 1342 1159 1356 ,
1185 1321 1215 1349 in
1258 1318 1307 1356 sic,
1325 1317 1392 1348 illud
1409 1328 1568 1349 commune
1583 1319 1623 1349 est
1638 1322 1772 1350 omnium
1788 1322 1817 1350 in
1831 1325 1965 1353 omnibus
1979 1324 2169 1365 HomiiiibuS,
2185 1329 2240 1359 sive
2254 1315 2322 1361 Do³

190 1365 270 1386 otem
286 1355 473 1386 Sereniffimae
491 1356 629 1393 Principis
646 1355 787 1386 Dominae
804 1356 980 1387 Elizabethae
998 1357 1074 1387 Filiae
1084 1357 1138 1387 suae
1154 1359 1217 1388 uni·
1258 1356 1383 1388 mesticis
1409 1357 1464 1387 five
1491 1357 1633 1388 Extraneis
1655 1359 1839 1391 excellentem
1866 1361 2006 1392 Virtutem
2021 1365 2208 1399 magnificem
2244 1379 2321 1399 eam-

156 1405 218 1431 cae,
237 1392 378 1433 Conjugis
399 1393 504 1425 nostrae
519 1393 722 1437 dileetiffimae,
741 1395 838 1424 Nobis
853 1396 1067 1433 promiffiirum,
1085 1396 1168 1434 plene
1182 1397 1215 1427 ὃς
1260 1406 1316 1433 que
1332 1395 1455 1426 Honore
1476 1395 1609 1436 afficere,
1628 1399 1642 1414 *
1659 1407 1752 1434 neque
1777 1399 1837 1436 iplis
1860 1400 1887 1429 in
1908 1401 2053 1432 celsiffima
2069 1391 2233 1442 ‘Dignitati’s
2247 1407 2320 1439 Sede
2338 1418 2356 1438 ιι
2370 1420 2396 1445 x
2417 1419 2455 1446 Τ

157 1435 266 1471 integre
283 1433 457 1470 perlolviffe‚
475 1442 588 1463 necnon
607 1433 643 1462 de
658 1433 761 1464 eisdem
779 1433 879 1464 Nobis
892 1433 1069 1472 satisfecisse3
1259 1434 1423 1472 collocatis,
1442 1435 1597 1472 quicquam
1620 1434 1654 1466 ad
1674 1436 1801 1466 Laudem
1816 1437 1849 1466 &
1867 1438 2000 1469 Gloriam
2016 1441 2057 1470 est
2073 1442 2201 1474 illustrius
2234 1447 2318 1483 quam
2375 1422 2418 1483 §3M
2446 1439 2454 1447 ⁰

197 1471 295 1509 Quare
318 1470 387 1500 Nos
400 1496 410 1509 ,
437 1471 587 1501 Fridericus
606 1475 696 1501 Comes
717 1471 869 1501 Palatinus
895 1472 1007 1502 Eleazar
1029 1472 1218 1510 supradffiffls,
1260 1473 1339 1510 quod
1364 1483 1428 1503 eam
1451 1473 1625 1504 potestatem
1646 1473 1768 1504 habeant
1790 1483 1839 1513 ut,
1855 1475 1928 1506 Solis
1948 1478 2033 1508 instar
2055 1483 2163 1511 caeteris
2177 1468 2321 1515 Sideribus
2339 1467 2370 1494 Π
2395 1478 2404 1486 ’

159 1510 309 1547 praefatum
334 1509 550 1540 Serenisfimum
575 1508 740 1539 Dominum
765 1511 798 1540 δε
820 1510 933 1542 Patrem
955 1510 1104 1548 nostrum,
1123 1515 1219 1549 Regem
1261 1511 1376 1541 Lumen
1399 1512 1598 1550 impartientis,
1615 1512 1681 1542 alios
1703 1513 1803 1550 insigni
1817 1514 1909 1553 aliqui
1922 1517 2022 1547 virtute
2038 1519 2171 1555 praeditos
2187 1520 2320 1553 Honori-

18 1554 125 1583 *XVL
159 1548 272 1586 Angliae
294 1550 419 1578 Franciae
439 1548 478 1583 &
494 1548 654 1586 Hibernae,
669 1557 785 1578 necnon
803 1548 1040 1588 Succefforesque
1066 1552 1077 1566 ‘
1092 1550 1169 1588 ejus,
1187 1551 1221 1580 &
1260 1549 1312 1579 bus
1328 1556 1447 1589 augeant
1463 1558 1547 1589 atque
1561 1555 1710 1582 exornent.

15 1601 80 1628 777.
159 1596 259 1618 ornnes
278 1586 346 1616 alios
367 1586 467 1624 quibus
483 1586 536 1616 hac
551 1587 579 1615 in
596 1595 672 1624 parte
689 1586 813 1623 Apocha
828 1588 862 1618 δε
879 1587 1046 1625 Quietantia
1062 1597 1133 1625 opus
1150 1589 1222 1626 erit,
1301 1588 1375 1626 Qio
1398 1589 1426 1618 in
1450 1597 1571 1620 numero
1591 1589 1660 1620 cum
1682 1588 1861 1628 praestantem
1879 1600 1963 1630 atque
1984 1595 2131 1631 egregium
2148 1595 2249 1628 Virum
2264 1602 2325 1629 Gu-

158 1625 194 1655 de
211 1625 293 1655 dietis
307 1624 509 1664 Quadraginta
523 1623 651 1655 Millibux
664 1623 815 1654 Librarum
829 1625 1030 1663 Sterlingarum
1047 1625 1139 1656 Cunei
1159 1627 1221 1656 An-
1261 1625 1379 1656 lielmum
1399 1627 1431 1656 de
1452 1626 1590 1664 Hertoghe
1612 1630 1787 1664 Armigerum
1810 1628 1975 1661 Dominum
1990 1632 2027 1662 de
2043 1633 2170 1665 Ornaele
2186 1635 2272 1668 Steen
2287 1640 2321 1670 δε

158 1664 241 1702 glici,
262 1663 384 1693 Liberos
406 1664 440 1706 Sc
463 1662 620 1700 absolutos,
645 1662 829 1693 Praesentium
850 1664 967 1703 vigore,
983 1664 1123 1702 fatemur,
1142 1665 1222 1695 deci·
1263 1664 1472 1695 Steenorkerset
1484 1665 1651 1695 habendum
1664 1667 1721 1696 effe
1735 1667 1905 1703 apertissime
1917 1669 2047 1709 constet,

159 1711 222 1732 mus
236 1702 269 1733 &
283 1710 515 1737 pronunciamus
797 1736 800 1739 x
1304 1702 1441 1741 Cumque
1466 1713 1528 1734 non
1552 1703 1645 1734 solum
1670 1706 1742 1734 inter
1762 1706 1921 1736 Foea'eratas
1936 1707 2022 1746 Belgii
2036 1712 2204 1742 Provincias
2219 1715 2252 1745 ὅ(
2266 1713 2327 1745 Po-

195 1739 228 1769 In
248 1739 330 1777 cujus
348 1738 405 1769 Rei
426 1736 644 1769 Testimonium
668 1737 749 1770 hasce
765 1737 872 1769 Literas
890 1736 983 1770 Manu
1000 1736 1094 1769 nostrai
1108 1741 1221 1779 propria
1264 1741 1370 1778 putares
1395 1742 1477 1779 suos,
1492 1743 1620 1772 maximis
1642 1743 1671 1773 in
1691 1741 1791 1773 Rebus
1813 1744 1991 1785 Prudentiae,
2012 1750 2207 1789 praesentisque
2224 1753 2326 1785 Animi

156 1777 383 1816 subscripsimus,
399 1777 498 1816 easque
517 1777 617 1817 sigillo
637 1776 737 1808 nostro
752 1777 917 1809 confirmari
939 1779 1082 1810 voluimus
1097 1788 1130 1810 ac
1142 1779 1221 1817 juffi-
1266 1781 1300 1811 &
1317 1779 1455 1819 Consilii,
1473 1780 1647 1819 aliarumque
1665 1780 1812 1813 Virtutum
1836 1786 2043 1821 quamplurima
2059 1789 2268 1829 certiffimaque
2283 1793 2327 1823 in-

158 1823 233 1847 mus-
1266 1818 1341 1850 dicia
1356 1818 1526 1857 ostenderit,
1545 1818 1591 1849 sed
1608 1820 1694 1850 etiam
1715 1819 1816 1850 Studio
1830 1821 1864 1852 ὃ(
1881 1822 2052 1863 Voluntate,
2072 1827 2219 1866 multisque
2232 1830 2329 1861 obser-

1266 1859 1371 1893 vantiae
1385 1859 1420 1890 ὃ(
1432 1857 1640 1889 benevolentiae
1657 1857 1787 1897 Officiis,
1803 1858 1839 1890 de
1856 1860 1956 1892 Nobis
1969 1863 2042 1894 bene
2057 1864 2088 1894 fit
2103 1867 2235 1898 meritus·

195 1889 306 1937 Datum
330 1893 359 1924 in
381 1890 459 1924 Arce
481 1891 577 1938 nostra
590 1892 744 1937 Eledtorali
763 1892 971 1936 Hgydelbergae,
989 1893 1107 1937 decimo
1124 1902 1224 1939 quarto
1306 1896 1402 1935 Ipsum
1426 1897 1666 1934 praenominatum
1698 1895 1860 1927 Gulielmum
1887 1900 2014 1941 Equestri
2032 1905 2181 1940 Dignitate
2201 1891 2331 1939 au’ximus

160 1931 222 1976 Die
256 1931 364 1964 Mensis
395 1932 540 1964 Februarii
555 1954 565 1969 ,
589 1931 678 1962 Anno
705 1931 856 1963 millesimo
881 1933 1086 1964 sexcentenum
1105 1933 1223 1965 decimo
1266 1942 1348 1975 atque
1361 1937 1542 1975 ornavimus,
1562 1936 1648 1974 idque
1664 1943 1694 1966 ut
1710 1937 1848 1967 omnibus
1861 1947 2045 1977 compertum
2063 1943 2270 1983 cognitumque
2285 1946 2319 1977 sit

158 1978 270 2010 quinto,
1266 1982 1351 2013 atque
1375 1971 1432 2012 ipse
1451 1973 1501 2012 (ut
1520 1984 1638 2013 aequum
1661 1974 1721 2011 est)
1741 1984 1778 2005 eo
1798 1985 1920 2007 numero
1941 1979 1974 2010 ὃς
1989 1979 2057 2010 10εο
2073 1981 2179 2020 ubique
2193 1969 2330 2015 locoruni

183 2017 186 2019 ·
1266 2013 1402 2045 habeatur
1422 2012 1456 2045 δι
1478 2012 1638 2052 censeatur,
1655 2012 1730 2044 hisce
1738 2014 1797 2052 jam
1817 2014 1918 2046 Literis
1933 2018 2023 2054 palam
2037 2018 2170 2051 testamur
2189 2031 2222 2052 ac
2240 2022 2328 2060 profi-

476 2047 501 2079 F
520 2056 546 2079 R.
565 2055 578 2079 Ι
600 2056 622 2078 D
643 2055 662 2079 E
683 2056 708 2078 R
727 2056 740 2079 1
760 2056 778 2078 c
793 2056 816 2079 υ
837 2056 851 2079 s
886 2047 923 2079 E.
958 2048 993 2080 P.
1267 2060 1382 2091 temur3
1401 2050 1530 2091 ad'eoque
1548 2054 1636 2084 eciam
1655 2052 1684 2082 id
1703 2053 1794 2091 ipsum
1808 2052 1868 2085 hoc
1883 2054 2050 2095 Diplornate
2066 2058 2163 2089 nostro
2177 2060 2330 2092 confirma-

1006 2126 1011 2132 ·
1039 2127 1044 2133 ι
1067 2126 1073 2133 .
1265 2099 1330 2122 tum
1352 2091 1410 2122 csie
1429 2091 1579 2129 volumus,
1603 2092 1844 2129 praenominatum
1863 2093 2025 2125 Gulielmum
2046 2097 2061 2126 a
2086 2097 2184 2129 Nobis
2202 2099 2330 2139 Equestri

864 2124 965 2157 Locus
982 2125 1083 2164 Sigilli.
1265 2132 1416 2168 Dignitate
1433 2129 1535 2161 Gradu
1556 2129 1681 2161 Honore
1694 2130 1728 2160 ὃ(
1746 2130 1851 2161 Titulo
1865 2133 1964 2171 sponte
1977 2134 2070 2165 nostra
2086 2135 2238 2168 Donatum
2252 2139 2329 2170 effe:

1216 2201 1219 2203 ,
1265 2169 1391 2208 Ideoque
1406 2166 1477 2200 illud
1490 2169 1526 2199 ab
1540 2169 1687 2207 omnibus,
1707 2177 1770 2199 turn
1784 2169 1887 2209 Regiae
1903 2171 2006 2203 nostrae
2023 2174 2162 2212 Dignitati
2176 2184 2259 2214 atque
2269 2177 2330 2208 Aua

1265 2207 1409 2245 thoritati,
1431 2215 1491 2238 tum
1507 2207 1587 2247 ipsius
1602 2209 1717 2246 meritis,
1734 2208 1829 2238 deberi
1846 2218 1876 2239 ut
1893 2220 1928 2241 eo
1943 2213 1973 2240 i'n
1988 2222 2109 2244 numero
2122 2215 2154 2245 &
2170 2214 2238 2246 loco
2251 2216 2327 2254 apud

64 2261 108 2301 ξς
263 2252 314 2284 De
330 2252 489 2297 Dignitate
504 2247 646 2297 ,equestri
661 2249 792 2296 conomsa
808 2251 958 2284 σιώ-ΛΜ
974 2249 1120 2294 Βηηίψρ,
1265 2245 1418 2291 Populares
1439 2246 1520 2286 suos,
1539 2248 1571 2291 ὃς
1598 2247 1717 2291 usquam
1729 2247 1794 2276 alibi
1807 2248 1923 2285 perinde
1934 2249 2068 2295 habeatur
2085 2261 2118 2296 ac
2133 2252 2202 2282 Nos
2217 2255 2332 2291 quosvis

1266 2285 1336 2317 alios
1351 2284 1513 2324 praestantes
1532 2281 1718 2329 Viros-simili
1732 2283 1872 2325 Honore,
1893 2289 1929 2318 ab
1947 2289 2006 2320 aliis
2023 2290 2154 2329 Regibus
2167 2301 2282 2323 ornatos
2294 2294 2330 2325 ὃς

14 2346 89 2379 'Arm'
104 2346 145 2378 D⁸
196 2335 376 2374 ΑεοΒυς,
394 2335 454 2366 Dei
476 2331 598 2373 Gratia,
622 2334 737 2373 Angliae
758 2339 854 2373 Sfotiae
878 2339 1004 2367 Francia
1023 2334 1062 2371 ὦ·
1082 2337 1226 2368 Hibernia
1268 2323 1630 2369 condecqmtos’babstqn
1646 2323 1754 2368 sumus·
1882 2364 1887 2370 .
2328 2373 2331 2376 ,

52 2386 87 2416 61
111 2409 118 2416 ⁶
207 2378 268 2405 Rex
290 2375 371 2406 Fidei
394 2373 538 2405 Defensor
552 2396 561 2412 ,
584 2375 646 2406 δίε.
666 2375 799 2406 univerfis
821 2376 854 2407 &
876 2375 988 2415 singulis
1009 2375 1091 2408 hasce
1118 2376 1227 2408 Literas
1302 2361 1337 2393 In
1357 2373 1392 2393 cu
1405 2372 1435 2393 us
1451 2361 1509 2393 Rel
1522 2362 1738 2406 Tespmomum
1753 2363 1835 2408 hasce
1851 2363 1960 2396 [ἥρως
1974 2367 2085 2412 nostras.
2104 2367 2331 2413 pqtente⁵.M²‘

0 2420 1 2436 χ
34 2394 108 2453 Ilm<
159 2413 266 2446 nostras
283 2413 467 2452 inspdstmis'
484 2411 619 2443 Salutem.
1264 2412 1318 2432 nus
1338 2411 1378 2432 no
1405 2410 1442 2431 rae
1463 2401 1652 2446 Appositione
1674 2401 1858 2442 signavimuS,
1873 2403 1908 2435 δε
1932 2403 2036 2444 Magni
2056 2405 2146 2445 sigilli
2162 2407 2251 2439 nostri
2266 2408 2330 2449 Ap-

0 2439 145 2517 ivm-⁸13-
196 2452 456 2497 Qemadmodum
485 2450 697 2491 uniuscuiusque
728 2451 818 2491 Regis
846 2461 880 2483 ac
898 2452 1038 2491 Principis
1061 2452 1223 2493 fingulatim
1262 2439 1398 2480 Feflfione
1411 2449 1516 2471 ‘mmm
1530 2439 1660 2472 femmus·

17 2500 80 2540 γῆς,
104 2511 127 2530 1,
159 2492 305 2523 Officium
329 2501 363 2522 ae
384 2490 498 2521 Munus
515 2489 556 2521 est
577 2492 755 2535 praecipuum
781 2491 896 2536 suorum
918 2491 1103 2537 Subditorum
1122 2501 1222 2536 curam

17 2550 54 2570 m,
71 2550 117 2570 22,
166 2531 271 2562 habere
286 2552 297 2568 ‚
339 2538 500 2567 eorumque
528 2528 622 2559 Saluti.
650 2529 824 2560 Commodis
859 2530 893 2561 &
924 2530 1066 2570 Dignitati
1098 2533 1223 2562 maxime

158 2609 224 2646 bus,
239 2608 296 2638 five
312 2606 491 2637 Domesticis
505 2606 563 2637 sive
579 2606 736 2645 Examen,
750 2607 936 2637 excellentem
953 2606 1095 2637 Virtutem
1112 2608 1222 2646 magni-

155 2647 249 2678 facere
266 2652 390 2683 eamque
411 2644 537 2675 Honore
552 2644 683 2684 afficere,
702 2654 794 2684 neque
809 2645 871 2683 ipsis
881 2667 891 2684 ,
907 2646 936 2675 in
952 2645 1099 2676 celsissima
1115 2644 1223 2685 Digni-

158 2687 224 2716 tatis
243 2684 318 2716 Sede
342 2683 509 2720 collocatis,
523 2685 678 2722 quicquam
696 2684 730 2714 ad
758 2683 888 2714 Laudem
904 2685 937 2715 δε
954 2681 1087 2714 Gloriam
1103 2684 1143 2714 est
1157 2685 1220 2715 illu-

161 2724 259 2761 strius,
277 2723 364 2761 quam
380 2722 460 2760 quod
476 2730 540 2752 eam
554 2721 729 2753 Potestatetn
741 2722 863 2753 habeant
879 2730 925 2760 ut,
945 2722 1019 2753 Solis
1035 2722 1119 2753 instar
1129 2731 1224 2754 ‚caete-

161 2763 198 2792 ris
213 2762 356 2793 Sideribus
381 2761 496 2791 Lumen
508 2761 712 2799 impartientis,
729 2762 796 2791 aiios
813 2762 916 2799 infigni
931 2761 1022 2800 aliqua
1037 2762 1141 2793 virtute
1155 2771 1227 2802 prae-

161 2800 235 2831 diuos
248 2799 421 2830 Honoribus
432 2808 553 2838 augeant
565 2807 649 2838 atque
664 2808 810 2831 exornent.

200 2838 276 2876 Qio
298 2839 329 2868 in
352 2845 476 2868 numero
498 2847 568 2868 cum
585 2838 764 2874 praestantem
778 2846 860 2877 atque
875 2839 1019 2878 egregium
1035 2837 1140 2869 Virum
1158 2838 1225 2869 Do-

163 2878 277 2906 minum
296 2875 469 2906 Guffiehnam
489 2876 647 2915 Bardefium
670 2876 838 2907 Dominum
855 2878 883 2907 in
906 2876 1155 2917 Warmenhuysen
1175 2878 1228 2908 ha-

162 2915 292 2945 bendum
303 2914 361 2946 esse
376 2913 547 2953 apertiffi-me
564 2914 691 2953 constet,

203 2952 342 2991 Cumque
360 2963 423 2983 non
434 2953 526 2983 solum
542 2954 614 2984 inter
631 2953 790 2983 Foederatas
804 2952 889 2991 Belgii
904 2955 1069 2984 Pro-vincias·>
1083 2955 1116 2985 &
1126 2954 1225 2993 popu·

165 2991 232 3022 lares
249 2990 329 3029 suos,
348 2992 481 3022 maximis
502 2992 531 3021 in
549 2990 649 3022 Rebus
665 2991 844 3031 Prudentiae,
862 2992 1060 3031 praesenti-sque
1075 2994 1108 3023 &
1125 2993 1229 3024 Animi

166 3032 199 3062 ὃς
220 3028 359 3067 Consilii,
376 3030 548 3067 aliarumque
575 3028 722 3059 Virtutum<
743 3031 950 3068 quamplurima
965 3031 1172 3069 certissimaque
1186 3033 1229 3061 in-

167 3069 242 3099 dicia
258 3068 411 3098 ostenderit
421 3090 430 3105 ,
448 3066 493 3097 sed
508 3068 593 3097 etiam
611 3067 714 3097 Studio
729 3068 762 3098 &
779 3068 931 3099 Voluntate
941 3091 953 3106 ,
970 3069 1120 3107 multisque
1136 3070 1232 3101 obser·

18 3137 21 3149 ,
169 3107 271 3139 varitiae
287 3106 321 3137 ὃς
333 3105 540 3139 benevolentiae
555 3104 688 3143 Officiis,
705 3105 741 3135 de
754 3105 853 3136 Nobis
867 3107 941 3137 bene
960 3107 992 3137 sit
1012 3110 1140 3138 meritus:

18 3154 21 3169 ¹
207 3144 303 3184 Ipsum
325 3145 568 3185 praenominatum
597 3143 758 3174 Gulielmum
785 3144 912 3183 Equefhri
937 3147 1090 3181 nignitate>
1102 3146 1231 3176 auximus

19 3187 22 3200 ¹
59 3191 63 3195 ’
169 3192 256 3222 atque
268 3184 453 3221 ornavimus3
469 3181 555 3220 idque
566 3189 600 3212 ut
616 3184 753 3213 omnibus
769 3192 952 3221 compertum
967 3185 1175 3223 cognitumque
1190 3185 1233 3222 sit,

171 3231 258 3261 atque
275 3222 332 3258 ipse
352 3222 406 3259 (ut
424 3229 542 3259 aequum
562 3221 622 3258 est)
642 3230 678 3251 eo
704 3231 827 3252 numero
846 3223 878 3252 &
893 3222 961 3252 loco
977 3222 1084 3260 ubique
1099 3223 1231 3253 locorum

172 3261 310 3291 habeatur
330 3261 364 3292 &
380 3260 539 3297 censeatur,
558 3259 633 3290 hisce
649 3261 705 3297 jar-n
726 3260 828 3291 Literis
843 3261 933 3299 palam
949 3260 1084 3291 testamur
1098 3270 1132 3292 ac
1165 3261 1233 3291 rofi-

172 3308 284 3338 temur;
301 3298 429 3336 adeoque
451 3299 536 3329 etiam
553 3297 581 3328 id
594 3299 683 3335 ipsum
698 3297 758 3329 hoc
773 3298 945 3336 Diplomate
961 3298 1062 3329 nostro
1076 3308 1135 3330 con
1157 3309 1234 3330 rma-

170 3345 234 3369 tum
249 3337 413 3368 Gulielmum
431 3337 446 3366 a
460 3336 561 3367 Nobis
576 3336 702 3378 Equestri
716 3340 862 3374 Dignitate
875 3336 977 3368 Gradu
991 3337 1116 3368 Honore
1131 3338 1164 3369 δε
1179 3338 1229 3369 Ti·

169 3376 231 3407 tulo
247 3377 348 3416 spon-te
364 3374 463 3406 nostra
480 3374 631 3405 Donatum
644 3384 728 3413 atque
745 3375 912 3415 Infignitum
926 3376 1000 3407 esse:
1021 3375 1146 3415 Ideoque
1165 3377 1234 3408 illud

169 3415 206 3445 ab
220 3415 373 3452 omnibus,
390 3422 453 3445 tum
469 3413 571 3452 Regias
586 3413 692 3449 nostrae
709 3413 849 3453 Dignitati
862 3423 944 3454 atque
960 3415 1152 3454 Authoritati,
1169 3423 1233 3447 tum

170 3453 257 3490 ipsius
278 3452 394 3484 Meritis
417 3452 532 3491 deberi,
551 3459 583 3482 ut
606 3460 644 3482 eo
664 3453 694 3482 in
715 3460 835 3483 numero
855 3455 888 3486 &
911 3454 983 3485 loco
995 3454 1069 3491 apud
1083 3454 1239 3494 Populares

171 3492 250 3532 suos,
269 3493 303 3525 &
322 3493 438 3531 usquam
454 3491 520 3521 alibi
540 3490 654 3529 perinde
668 3490 805 3522 habeatur
820 3500 853 3522 ac
869 3491 937 3523 Nos
952 3492 1067 3530 quosvis
1078 3493 1146 3523 alios
1162 3503 1236 3531 prae-

173 3529 275 3562 stantes
289 3530 376 3561 Viros
391 3530 473 3561 simili
487 3529 625 3567 Honore,
638 3529 675 3560 ab
691 3529 755 3560 aliis‘
765 3527 894 3569 Regibus
909 3538 1025 3562 ornatos
1040 3532 1074 3563 &
1087 3532 1236 3564 condeco-

174 3577 264 3609 rat05‚
282 3570 407 3601 habituri
419 3568 521 3599 sumuS.

0 2528 8 2669 ἶ
160 2569 322 2607 confialeie3
341 2568 382 2598 sic
401 2568 469 2598 illud
492 2576 655 2598 commune
668 2567 711 2599 est
728 2570 864 2599 omnium
885 2570 914 2598 in
929 2570 1068 2600 omnibus
1083 2568 1224 2600 Homini-

5 2694 13 2858 l

12 2948 16 2969 1

19 3211 23 3230 1

206 3645 246 3676 vIri
261 3648 347 3686 eujus
356 3646 637 3678 ReiTestimonium
653 3644 734 3675 hasce
748 3643 856 3675 Literas
869 3644 977 3676 nostras
992 3645 1142 3685 Patent-es,
1165 3646 1233 3678 Ma-

179 3682 236 3714 nus
255 3685 364 3716 nostrae.
380 3685 567 3724 Appositione
583 3683 753 3723 signavimus
763 3706 772 3722 ‚
792 3683 826 3714 &
841 3682 944 3722 Magni
960 3684 1050 3722 Sigilli
1065 3685 1157 3717 nostri
1175 3686 1238 3725 Ap-

179 3724 316 3760 petitione
329 3726 434 3756 muniri
449 3724 578 3755 Fecimus.

217 3796 287 3830 Dat.
305 3801 324 3830 ὲ
338 3799 385 3831 Re
407 3802 436 3831 io
455 3800 564 3832 Palatio
582 3799 682 3830 nostro
701 3799 773 3837 apud
793 3798 900 3838 PVestm.
921 3799 1017 3836 primo
1033 3799 1092 3832 Die
1110 3800 1240 3832 Decem-

179 3834 253 3874 bris,
271 3837 358 3868 Anno
410 3841 476 3877 egni
493 3839 582 3870 nostri
595 3839 706 3878 Angliae
722 3838 849 3869 Franciae
864 3839 897 3869 &
913 3836 1062 3869 Hiberniae
1074 3840 1238 3871 tertiodeci-

184 3881 254 3913 mo,
272 3876 304 3907 &
318 3875 425 3911 Scotiae
439 3878 649 3919 quadi-agesimo
663 3886 754 3908 nono.

805 3953 859 3982 Per
873 3948 957 3989 ipfiem
969 3954 1073 3991 Regem.

1292 490 1340 517 En
1346 486 1393 525 fiii
1413 488 1446 517 de
1466 491 1526 529 quoi
1540 498 1606 517 nous
1626 499 1715 519 avons
1728 490 1790 528 fait
1810 499 1948 525 convertir
1970 507 2008 525 ces
2025 500 2136 528 Lettres
2150 510 2184 529 cn
2200 499 2303 527 Paten-

1255 532 1314 565 ηις,
1329 527 1367 561 &a
1375 537 1396 566 y
1410 526 1518 566 appoſs’r
1529 533 1608 556 notre
1623 528 1723 556 Grand
1737 532 1828 559 Sccau.

1291 604 1397 633 Donne'
1405 603 1470 643 sbus
1485 610 1562 633 notre
1570 602 1649 642 sb‘ing
1662 604 1731 633 dam
1747 613 1825 635 notre
1840 607 1933 637 Palais
1948 610 1979 638 de
1991 609 2191 644 VVestminster
2201 636 2209 646 .
2226 624 2259 642 en
2276 611 2305 641 la

1253 641 1390 671 douzieme
1406 644 1492 671 anne'e
1508 643 1541 671 de
1561 650 1640 671 notre
1661 646 1752 680 Regna·
1768 645 1800 672 de
1820 644 1848 673 la
1865 648 1974 676 Grande
1991 651 2138 688 Bretagne,
2158 653 2189 680 de
2203 655 2306 680 France

1255 679 1293 747 ἰόν
1314 680 1482 719 d'Irlande,
1500 686 1533 711 en
1557 680 1570 710 Ι
1576 675 1623 710 ’an
1644 676 1676 711 de
1697 689 1778 712 notre
1799 685 1926 721 Seigneur
1946 685 2017 715 mille
2030 687 2078 726 fix
2101 698 2172 719 ceint
2187 689 2224 724 ό*
2239 700 2306 730 qua-⁴

1272 729 1346 750 orze.

1859 797 1913 829 Per
1927 799 2019 838 ipsum
2034 799 2158 841 Regem.

1952 876 2160 910 CARaw.

1332 999 1383 1030 De
1410 996 1512 1031 eadem
1540 999 1696 1045 Dignitate
1714 1000 1843 1045 concessit
1860 1001 2007 1036 Gulielmo
2025 1001 2061 1036 de
2076 1004 2241 1052 Hertoghe.

1292 1085 1430 1118 ΑοοΒυ
1442 1095 1473 1126 S,
1499 1087 1558 1119 Dei
1580 1088 1698 1127 Gratia,
1726 1090 1840 1127 Angliae
1857 1094 1950 1121 Scotiae
1970 1092 2092 1123 Franeiae
2114 1093 2152 1129 ρξ’
2175 1096 2316 1128 Hiberniae
2338 1094 2413 1124 Arm·
2427 1093 2471 1125 D;

1302 1129 1364 1156 Rex
1377 1125 1457 1156 Fidei
1471 1125 1630 1165 Defensor,
1646 1130 1707 1158 &c-
1721 1130 1856 1160 universis
1870 1132 1902 1161 ὃς
1918 1131 2029 1170 singulis
2040 1133 2121 1163 hasce
2137 1132 2244 1167 Literas
2259 1147 2316 1167 no·
2359 1134 2430 1169 1615
2438 1157 2445 1163 -

1257 1159 1322 1199 stras
1339 1164 1499 1202 inspeeturis
1509 1188 1518 1203 ,
1533 1165 1668 1196 Salutem.

1301 2517 1370 2549 Dat.
1390 2518 1408 2548 ὲ
1419 2517 1518 2562 Regio
1536 2516 1646 2548 Palatio
1661 2518 1855 2564 nostro-apud
1871 2520 2132 2565 Wstmonasteri'um
2166 2524 2262 2561 primo
2273 2523 2333 2555 Die

1265 2556 1449 2593 Decembris,
1467 2556 1555 2586 Anno
1572 2555 1669 2596 Regni
1685 2558 1775 2588 nostri
1791 2560 1903 2598 Angliae
1920 2561 2048 2591 Franciae
2064 2562 2097 2592 ὃς
2145 2563 2261 2593 iberniae
2276 2571 2331 2593 ter--

1265 2594 1442 2632 tiodecimo,
1462 2595 1496 2626 &
1509 2593 1618 2626 Scotiae
1635 2598 1706 2627 vero
1723 2597 1933 2637 quadragesimo
1949 2608 2042 2629 nono.

1902 2676 1957 2706 Per
1970 2673 2055 2715 ipsmn
2069 2678 2175 2715 Regem.

1268 2797 1319 2830 De
1341 2794 1446 2829 eadem
1472 2797 1630 2842 Dignitate
1651 2806 1707 2843 pro
1726 2795 1848 2844 Jacobo
1868 2799 1986 2845 Magno
2007 2800 2137 2832 Domino
2168 2798 2204 2833 de
2222 2802 2334 2834 Amcr.

2366 1173 2433 1199 [biit.

1304 2881 1465 2913 AcoBUS
1481 2906 1491 2919 ,
1517 2880 1576 2912 Dei
1601 2879 1718 2920 Gratia,
1734 2881 1847 2920 Angliae
1866 2886 1962 2914 Scotiae
1984 2885 2111 2914 Franciae
2131 2882 2170 2920 ἐν
2194 2885 2337 2929 Ηίῦενῃὶιε
2353 2897 2430 2928 ΑΜ,ι
2444 2897 2488 2929 D·

1314 2923 1376 2951 Rex
1394 2920 1474 2951 Fidei
1493 2919 1646 2958 Defensor,
1662 2920 1723 2952 &c.
1740 2921 1874 2952 universis
1888 2923 1921 2953 &
1936 2922 2047 2960 lingulis
2060 2923 2144 2954 hasce
2160 2923 2269 2954 Literas
2285 2934 2326 2954 in-

1270 2958 1420 2998 spenuris‚
1438 2958 1575 2989 Salutem.

1307 2996 1566 3035 Quemadmodum
1590 2996 1806 3035 uniuscujusque
1830 2996 1920 3037 Regis
1943 3008 1977 3029 ac
2006 2997 2149 3037 Principis
2174 3000 2335 3040 fingulatim

1271 3036 1417 3066 Officium
1437 3045 1471 3065 ac
1496 3034 1606 3065 Munus
1631 3034 1673 3065 est
1697 3037 1872 3074 praecipuum
1897 3039 2010 3067 suorum
2034 3038 2223 3070 Subditorum
2237 3049 2338 3070 curam

1272 3075 1391 3112 habere,
1409 3083 1568 3111 eorumque
1589 3073 1677 3104 Saluti
1697 3073 1876 3105 Commodis
1892 3075 1925 3105 ὅ(
1938 3074 2078 3114 Dignitati
2096 3079 2220 3108 maxime
2234 3078 2339 3109 consu·

1272 3113 1345 3150 lere,
1359 3112 1397 3142 sic
1412 3112 1478 3142 illud
1494 3121 1655 3143 commune
1668 3111 1709 3142 est
1723 3114 1859 3142 omnium
1876 3114 1903 3143 in
1919 3115 2057 3144 omnibus
2071 3114 2262 3153 Hominibus,
2281 3116 2338 3147 sive

1273 3150 1455 3182 Domesticis
1478 3150 1535 3181 sive
1562 3150 1731 3189 Extraneis,
1753 3151 1939 3182 excellentem
1967 3151 2108 3184 Virtutem
2135 3154 2340 3192 magnifacere,

1274 3199 1394 3227 eamque
1412 3189 1534 3220 Honore
1552 3188 1680 3228 afficere3
1698 3198 1792 3227 neque
1809 3190 1873 3228 ipsis
1892 3191 1920 3220 in
1939 3190 2084 3222 celliffirna
2100 3191 2140 3222 Di
2161 3195 2252 3223 nitatis
2264 3192 2338 3222 Sede

1275 3227 1439 3266 collocatis,
1456 3229 1612 3266 quicquam
1633 3228 1668 3259 ad
1693 3228 1819 3258 Laudem
1835 3230 1868 3259 &
1886 3228 2017 3259 Gloriam
2032 3229 2073 3260 est
2088 3201 2233 3268 illuffirius,
2252 3232 2339 3268 quam

1276 3266 1357 3305 quod
1378 3276 1442 3296 eam
1469 3265 1645 3297 Potestatem
1669 3265 1793 3297 habeant
1813 3276 1863 3303 ut,
1882 3266 1955 3297 Solis
1973 3267 2057 3298 instar
2071 3270 2178 3300 caeteris
2196 3269 2340 3299 Sideribus

1278 3306 1395 3336 Lumen
1414 3306 1617 3344 impartientis,
1636 3304 1703 3335 alios
1723 3305 1824 3343 insigni
1846 3304 1938 3343 aliqua
1954 3304 2068 3338 Virtute
2084 3308 2217 3346 praeditos
2235 3306 2342 3337 Hono·

1278 3345 1355 3376 ribus
1367 3351 1485 3383 augeant
1500 3352 1586 3381 atque
1600 3350 1749 3374 exornent.

1317 3383 1390 3422 Quo
1407 3385 1436 3413 in
1453 3392 1576 3413 numero
1595 3382 1666 3413 cum
1679 3380 1856 3421 praestantem
1869 3389 1956 3419 atque
1970 3384 2116 3423 egregium
2136 3383 2253 3421 Virum,
2270 3393 2340 3415 nec-

1278 3431 1340 3452 non
1362 3420 1509 3452 Nobilem
1534 3420 1701 3452 Dominum
1718 3420 1856 3459 Jacobum
1877 3423 2012 3458 Magnum
2026 3425 2172 3451 Dominum
2187 3422 2222 3451 ab
2238 3424 2342 3453 Amen·

1277 3460 1453 3529 Arentsbfirg
1466 3459 1685 3490 Berchambacht
1701 3458 1860 3498 Meliffiant‚
1878 3460 1939 3492 &c.
1958 3460 2123 3492 habendum
2136 3461 2191 3492 effe
2205 3461 2339 3499 apertiffi-

1279 3509 1328 3530 me
1344 3509 1402 3530 con
1429 3508 1456 3530 et

1315 3537 1456 3576 Cumque
1464 3522 1527 3567 ’non
1545 3535 1635 3566 solum
1650 3536 1722 3566 inter
1738 3538 1896 3569 Foea'eratas
1913 3536 2001 3575 Belgii
2015 3539 2177 3567 Provincias
2191 3538 2224 3568 &
2241 3537 2339 3578 Popu-

1279 3576 1347 3608 lares
1369 3577 1431 3607 suos
1442 3600 1452 3616 ,
1470 3576 1598 3605 maximis
1618 3576 1646 3604 in
1667 3574 1767 3606 Rebus
1781 3577 1957 3613 Prudentiae,
1974 3575 2168 3613 praesentisque
2186 3577 2286 3607 Animi
2303 3578 2339 3608 &

1279 3615 1417 3654 Consilii,
1440 3615 1591 3645 aliarumve
1606 3613 1753 3644 VIrtutum
1777 3615 1984 3653 quamplurima
2007 3613 2214 3651 certissimaque
2237 3615 2343 3646 indicia

1280 3654 1450 3691 ostenderit,
1467 3652 1512 3683 sed
1529 3652 1612 3682 etiarn
1628 3651 1731 3682 Studio
1746 3655 1778 3685 &
1795 3654 1964 3689 Veluniate,
1983 3652 2130 3691 multisque
2144 3652 2340 3685 Observantiae

1282 3694 1316 3725 ὃς
1333 3692 1542 3723 Benevolentiae
1557 3689 1689 3728 Officiis,
1707 3689 1742 3719 de
1759 3690 1858 3722 Nobis
1874 3692 1948 3720 bene
1964 3690 1995 3720 sit
2012 3691 2141 3728 meritus,

1320 3731 1415 3771 Ipsum
1438 3729 1676 3768 praenominatum
1698 3728 1835 3766 Jacobum
1853 3728 1980 3769 Equestri
1994 3731 2143 3766 Dignitate
2158 3731 2287 3761 auximus
2299 3737 2342 3761 at-

1282 3779 1338 3810 que
1361 3770 1542 3803 ornavimus,
1561 3766 1648 3804 idque
1672 3775 1702 3796 ut
1724 3769 1860 3798 omnibus
1875 3776 2057 3807 compertum
2070 3769 2279 3806 cognitumque
2292 3769 2345 3807 fir,

1282 3816 1366 3847 atque
1381 3807 1436 3845 ipse
1455 3809 1505 3842 (ut
1519 3814 1631 3843 cequum
1647 3803 1699 3840 est)
1722 3814 1759 3835 eo
1772 3808 1801 3836 in
1820 3815 1942 3835 numero
1956 3807 1989 3836 δε
2003 3806 2071 3836 loco
2084 3808 2189 3845 ubique
2206 3807 2345 3838 locorum

1284 3846 1418 3877 habeatur
1433 3846 1467 3875 δε
1481 3844 1633 3880 censeatur,
1650 3843 1725 3873 hisce
1733 3844 1794 3881 jam
1812 3844 1911 3874 Literis
1926 3844 2017 3881 palam
2031 3843 2165 3876 testamur
2181 3846 2213 3876 ὃς
2230 3847 2347 3884 profite-

1286 3894 1367 3919 mur·‚
1387 3883 1515 3920 adeoque
1528 3883 1611 3912 etiam
1628 3881 1655 3910 id
1669 3881 1757 3918 ipsum
1772 3883 1829 3912 hoc
1847 3881 2014 3920 Diplomate
2028 3883 2126 3913 nostro
2140 3883 2344 3915 confirmatum

1286 3922 1343 3953 esse
1356 3922 1505 3958 volumus,
1524 3920 1762 3958 praenominatum
1776 3919 1914 3958 Jacobum
1928 3921 1945 3950 a
1959 3919 2059 3951 Nobis
2074 3922 2198 3962 Equestri
2212 3925 2347 3959 Dignita-

1289 3968 1317 3990 ἵε
1339 3960 1440 3990 Gradu
1453 3959 1555 3989 Titulo
1570 3959 1604 3989 &
1619 3957 1743 3988 Honore
1759 3959 1857 3997 sponte
1873 3958 1966 3989 nostra
1979 3959 2120 3990 donatum
2135 3969 2219 3999 atque
2232 3961 2348 3997 insigni-

1290 4007 1353 4029 tum
1370 3998 1441 4030 effe:
1466 3997 1590 4034 Ideoque
1603 3996 1670 4026 illud
1687 3997 1722 4026 ab
1736 3998 1874 4027 omnibus
1888 4006 1951 4027 tum
1969 3996 2070 4037 Regiae
2086 3998 2191 4029 nostrae
2208 3997 2351 4037 Dignitati

1293 4046 1377 4075 atquc
1396 4035 1586 4072 Authoritati,
1605 4043 1666 4064 tum
1682 4035 1764 4072 ipsius
1780 4035 1892 4066 Meritis
1907 4036 2022 4074 deberi,
2040 4046 2069 4067 ut
2085 4046 2120 4066 eo
2134 4039 2163 4067 in
2179 4047 2300 4067 numero
2314 4036 2349 4066 ὅτ

1294 4076 1362 4107 loco
1385 4074 1457 4112 apud
1478 4069 1631 4111 Populares
1655 4072 1736 4110 suos,
1752 4074 1786 4105 &
1808 4073 1926 4113 usquam
1947 4074 2013 4105 alibi
2034 4075 2155 4113 perinde
2172 4075 2305 4106 habeatur
2319 4081 2352 4102 ac

2285 4109 2357 4140 Nos

2378 2938 2465 2976 1615.

2390 2978 2457 3007 lbide
