<?xml version="1.0" encoding="UTF-8"?>
<!DOCTYPE html PUBLIC "-//W3C//DTD XHTML 1.0 Transitional//EN"
    "http://www.w3.org/TR/xhtml1/DTD/xhtml1-transitional.dtd">
<html xmlns="http://www.w3.org/1999/xhtml" xml:lang="en" lang="en">
 <head>
  <title>
</title>
<meta http-equiv="Content-Type" content="text/html;charset=utf-8" />
  <meta name='ocr-system' content='tesseract 3.04.00' />
  <meta name='ocr-capabilities' content='ocr_page ocr_carea ocr_par ocr_line ocrx_word'/>
</head>
<body>
  <div class='ocr_page' id='page_1' title='image "./fderaconventione07ryme/fderaconventione07ryme_0368.png"; bbox 0 0 2557 4279; ppageno 0'>
   <div class='ocr_carea' id='block_1_1' title="bbox 77 1783 194 1857">
    <p class='ocr_par' dir='ltr' id='par_1_1' title="bbox 77 1783 194 1857">
     <span class='ocr_line' id='line_1_1' title="bbox 77 1783 194 1813; baseline 0 -3"><span class='ocrx_word' id='word_1_1' title='bbox 77 1783 194 1813; x_wconf 62' lang='lat' dir='ltr'>‘xvh</span> 
     </span>
     <span class='ocr_line' id='line_1_2' title="bbox 81 1822 147 1857; baseline 0 -9"><span class='ocrx_word' id='word_1_2' title='bbox 81 1822 147 1857; x_wconf 70' lang='lat'>588.</span> 
     </span>
    </p>
   </div>
   <div class='ocr_carea' id='block_1_2' title="bbox 220 159 297 199">
    <p class='ocr_par' dir='ltr' id='par_1_2' title="bbox 220 159 297 199">
     <span class='ocr_line' id='line_1_3' title="bbox 220 159 297 199; baseline -0.013 0"><span class='ocrx_word' id='word_1_3' title='bbox 220 159 297 199; x_wconf 69' lang='lat'>113</span> 
     </span>
    </p>
   </div>
   <div class='ocr_carea' id='block_1_3' title="bbox 222 308 1294 966">
    <p class='ocr_par' dir='ltr' id='par_1_3' title="bbox 222 308 1294 966">
     <span class='ocr_line' id='line_1_4' title="bbox 263 308 1293 355; baseline -0.014 -4"><span class='ocrx_word' id='word_1_4' title='bbox 263 321 309 353; x_wconf 76' lang='grc' dir='ltr'>Ιτ</span> <span class='ocrx_word' id='word_1_5' title='bbox 319 331 335 351; x_wconf 73' lang='lat' dir='ltr'>a</span> <span class='ocrx_word' id='word_1_6' title='bbox 346 327 382 352; x_wconf 71' lang='lat' dir='ltr'>iu,</span> <span class='ocrx_word' id='word_1_7' title='bbox 397 316 490 355; x_wconf 65' lang='lat' dir='ltr'>Qud</span> <span class='ocrx_word' id='word_1_8' title='bbox 504 323 604 346; x_wconf 85' lang='lat' dir='ltr'>neutra</span> <span class='ocrx_word' id='word_1_9' title='bbox 611 313 739 344; x_wconf 81' lang='lat' dir='ltr'>Patrium</span> <span class='ocrx_word' id='word_1_10' title='bbox 754 312 970 351; x_wconf 64' lang='lat' dir='ltr'>praestabstmec</span> <span class='ocrx_word' id='word_1_11' title='bbox 985 310 1109 351; x_wconf 79' lang='lat' dir='ltr'>praestari</span> <span class='ocrx_word' id='word_1_12' title='bbox 1124 318 1171 349; x_wconf 88' lang='lat' dir='ltr'>per</span> <span class='ocrx_word' id='word_1_13' title='bbox 1185 308 1293 346; x_wconf 87' lang='lat' dir='ltr'>aliquos</span> 
     </span>
     <span class='ocr_line' id='line_1_5' title="bbox 225 347 1293 391; baseline -0.015 0"><span class='ocrx_word' id='word_1_14' title='bbox 225 361 288 391; x_wconf 88' lang='lat' dir='ltr'>suos</span> <span class='ocrx_word' id='word_1_15' title='bbox 311 356 445 388; x_wconf 77' lang='lat' dir='ltr'>Vaffiiios</span> <span class='ocrx_word' id='word_1_16' title='bbox 467 353 607 385; x_wconf 82' lang='lat' dir='ltr'>Subditus</span> <span class='ocrx_word' id='word_1_17' title='bbox 628 351 772 382; x_wconf 82' lang='lat' dir='ltr'>incolasve</span> <span class='ocrx_word' id='word_1_18' title='bbox 785 351 960 388; x_wconf 83' lang='lat' dir='ltr'>consentiet,</span> <span class='ocrx_word' id='word_1_19' title='bbox 980 350 1126 381; x_wconf 80' lang='lat' dir='ltr'>Auxilium</span> <span class='ocrx_word' id='word_1_20' title='bbox 1149 347 1293 378; x_wconf 87' lang='lat' dir='ltr'>Favorem</span> 
     </span>
     <span class='ocr_line' id='line_1_6' title="bbox 225 385 1290 429; baseline -0.014 0"><span class='ocrx_word' id='word_1_21' title='bbox 225 399 271 429; x_wconf 86' lang='lat' dir='ltr'>vel</span> <span class='ocrx_word' id='word_1_22' title='bbox 285 396 447 427; x_wconf 82' lang='lat' dir='ltr'>Consilium</span> <span class='ocrx_word' id='word_1_23' title='bbox 467 392 577 423; x_wconf 71' lang='lat' dir='ltr'>directe</span> <span class='ocrx_word' id='word_1_24' title='bbox 590 390 636 421; x_wconf 88' lang='lat' dir='ltr'>vel</span> <span class='ocrx_word' id='word_1_25' title='bbox 651 399 700 428; x_wconf 88' lang='lat' dir='ltr'>pet</span> <span class='ocrx_word' id='word_1_26' title='bbox 715 389 903 427; x_wconf 63' lang='lat' dir='ltr'>indirectum,</span> <span class='ocrx_word' id='word_1_27' title='bbox 924 398 984 419; x_wconf 89' lang='lat' dir='ltr'>tarn</span> <span class='ocrx_word' id='word_1_28' title='bbox 998 398 1047 427; x_wconf 86' lang='lat' dir='ltr'>per</span> <span class='ocrx_word' id='word_1_29' title='bbox 1064 388 1187 429; x_wconf 81' lang='lat' dir='ltr'>Terram</span> <span class='ocrx_word' id='word_1_30' title='bbox 1203 385 1290 429; x_wconf 68' lang='lat' dir='ltr'>quatri</span> 
     </span>
     <span class='ocr_line' id='line_1_7' title="bbox 222 422 1291 475; baseline -0.013 -9"><span class='ocrx_word' id='word_1_31' title='bbox 222 447 272 475; x_wconf 86' lang='lat' dir='ltr'>per</span> <span class='ocrx_word' id='word_1_32' title='bbox 291 434 372 465; x_wconf 75' lang='lat' dir='ltr'>Mare</span> <span class='ocrx_word' id='word_1_33' title='bbox 395 433 429 463; x_wconf 86' lang='lat'>&amp;</span> <span class='ocrx_word' id='word_1_34' title='bbox 447 431 542 471; x_wconf 79' lang='lat' dir='ltr'>Aquas</span> <span class='ocrx_word' id='word_1_35' title='bbox 561 429 677 466; x_wconf 79' lang='lat' dir='ltr'>dulces,</span> <span class='ocrx_word' id='word_1_36' title='bbox 695 438 751 460; x_wconf 87' lang='lat' dir='ltr'>nec</span> <span class='ocrx_word' id='word_1_37' title='bbox 772 427 992 460; x_wconf 85' lang='lat' dir='ltr'>subministrabit</span> <span class='ocrx_word' id='word_1_38' title='bbox 1014 434 1068 457; x_wconf 88' lang='lat' dir='ltr'>nec</span> <span class='ocrx_word' id='word_1_39' title='bbox 1089 422 1291 456; x_wconf 81' lang='lat' dir='ltr'>subministrari</span> 
     </span>
     <span class='ocr_line' id='line_1_8' title="bbox 222 461 1291 507; baseline -0.012 -3"><span class='ocrx_word' id='word_1_40' title='bbox 222 472 400 507; x_wconf 74' lang='lat' dir='ltr'><strong>consentiet,</strong></span> <span class='ocrx_word' id='word_1_41' title='bbox 420 479 470 506; x_wconf 87' lang='lat' dir='ltr'>per</span> <span class='ocrx_word' id='word_1_42' title='bbox 491 469 586 500; x_wconf 56' lang='lat' dir='ltr'>dictos</span> <span class='ocrx_word' id='word_1_43' title='bbox 608 466 743 498; x_wconf 83' lang='lat' dir='ltr'>Vassallos</span> <span class='ocrx_word' id='word_1_44' title='bbox 757 466 903 497; x_wconf 80' lang='lat' dir='ltr'>incolasve</span> <span class='ocrx_word' id='word_1_45' title='bbox 917 475 951 496; x_wconf 79' lang='lat' dir='ltr'>ac</span> <span class='ocrx_word' id='word_1_46' title='bbox 966 465 1103 496; x_wconf 90' lang='lat' dir='ltr'>Subditos</span> <span class='ocrx_word' id='word_1_47' title='bbox 1119 461 1291 502; x_wconf 83' lang='lat' dir='ltr'>Regnorum</span> 
     </span>
     <span class='ocr_line' id='line_1_9' title="bbox 222 498 1294 547; baseline -0.014 -4"><span class='ocrx_word' id='word_1_48' title='bbox 222 515 355 547; x_wconf 86' lang='lat' dir='ltr'>suorum,</span> <span class='ocrx_word' id='word_1_49' title='bbox 371 508 499 546; x_wconf 81' lang='lat' dir='ltr'>Milites,</span> <span class='ocrx_word' id='word_1_50' title='bbox 514 506 710 544; x_wconf 85' lang='lat' dir='ltr'>Comeatum,</span> <span class='ocrx_word' id='word_1_51' title='bbox 726 503 1081 543; x_wconf 87' lang='lat' dir='ltr'>Pecunias,Instrumenta</span> <span class='ocrx_word' id='word_1_52' title='bbox 1095 498 1294 536; x_wconf 87' lang='lat' dir='ltr'>bellica,Mu-</span> 
     </span>
     <span class='ocr_line' id='line_1_10' title="bbox 224 537 1292 586; baseline -0.012 -6"><span class='ocrx_word' id='word_1_53' title='bbox 224 551 365 586; x_wconf 76' lang='lat' dir='ltr'>nitiones,</span> <span class='ocrx_word' id='word_1_54' title='bbox 385 547 431 577; x_wconf 87' lang='lat' dir='ltr'>vel</span> <span class='ocrx_word' id='word_1_55' title='bbox 447 545 605 584; x_wconf 77' lang='lat' dir='ltr'>aliquodvis</span> <span class='ocrx_word' id='word_1_56' title='bbox 621 544 698 575; x_wconf 88' lang='lat' dir='ltr'>aliud</span> <span class='ocrx_word' id='word_1_57' title='bbox 713 543 859 575; x_wconf 81' lang='lat' dir='ltr'>Auxilium</span> <span class='ocrx_word' id='word_1_58' title='bbox 877 542 910 572; x_wconf 89' lang='lat' dir='ltr'>ad</span> <span class='ocrx_word' id='word_1_59' title='bbox 926 541 1037 572; x_wconf 89' lang='lat' dir='ltr'>Bellum</span> <span class='ocrx_word' id='word_1_60' title='bbox 1054 537 1292 574; x_wconf 87' lang='lat' dir='ltr'>confovendum,</span> 
     </span>
     <span class='ocr_line' id='line_1_11' title="bbox 222 578 1293 622; baseline -0.014 -3"><span class='ocrx_word' id='word_1_61' title='bbox 222 587 367 620; x_wconf 81' lang='lat' dir='ltr'>Hostibus</span> <span class='ocrx_word' id='word_1_62' title='bbox 380 585 508 616; x_wconf 90' lang='lat' dir='ltr'>Inimicis</span> <span class='ocrx_word' id='word_1_63' title='bbox 524 593 558 615; x_wconf 91' lang='lat' dir='ltr'>ac</span> <span class='ocrx_word' id='word_1_64' title='bbox 573 583 742 614; x_wconf 87' lang='lat' dir='ltr'>Rebellibus</span> <span class='ocrx_word' id='word_1_65' title='bbox 757 582 867 613; x_wconf 83' lang='lat' dir='ltr'>alterius</span> <span class='ocrx_word' id='word_1_66' title='bbox 881 579 979 617; x_wconf 86' lang='lat' dir='ltr'>Partis,</span> <span class='ocrx_word' id='word_1_67' title='bbox 996 578 1189 621; x_wconf 79' lang='lat' dir='ltr'>cujuscunque</span> <span class='ocrx_word' id='word_1_68' title='bbox 1206 584 1293 622; x_wconf 76' lang='lat' dir='ltr'>gene-</span> 
     </span>
     <span class='ocr_line' id='line_1_12' title="bbox 223 616 1290 663; baseline -0.013 -6"><span class='ocrx_word' id='word_1_69' title='bbox 223 628 261 658; x_wconf 80' lang='lat' dir='ltr'>ris</span> <span class='ocrx_word' id='word_1_70' title='bbox 277 626 410 663; x_wconf 87' lang='lat' dir='ltr'>sint,tam</span> <span class='ocrx_word' id='word_1_71' title='bbox 425 623 620 654; x_wconf 86' lang='lat' dir='ltr'>invadentibus</span> <span class='ocrx_word' id='word_1_72' title='bbox 636 620 736 661; x_wconf 80' lang='lat' dir='ltr'>Regna</span> <span class='ocrx_word' id='word_1_73' title='bbox 750 621 852 651; x_wconf 89' lang='lat' dir='ltr'>Patrias</span> <span class='ocrx_word' id='word_1_74' title='bbox 867 628 899 648; x_wconf 80' lang='lat' dir='ltr'>ac</span> <span class='ocrx_word' id='word_1_75' title='bbox 910 618 1048 662; x_wconf 81' lang='lat' dir='ltr'>Dominia</span> <span class='ocrx_word' id='word_1_76' title='bbox 1063 616 1192 660; x_wconf 83' lang='lat' dir='ltr'>alterius,</span> <span class='ocrx_word' id='word_1_77' title='bbox 1203 622 1290 657; x_wconf 74' lang='lat' dir='ltr'>quam</span> 
     </span>
     <span class='ocr_line' id='line_1_13' title="bbox 223 656 1292 697; baseline -0.015 0"><span class='ocrx_word' id='word_1_78' title='bbox 223 666 251 697; x_wconf 90' lang='lat' dir='ltr'>se</span> <span class='ocrx_word' id='word_1_79' title='bbox 273 662 502 697; x_wconf 81' lang='lat' dir='ltr'>subtrahentibus</span> <span class='ocrx_word' id='word_1_80' title='bbox 521 662 558 692; x_wconf 91' lang='lat' dir='ltr'>ab</span> <span class='ocrx_word' id='word_1_81' title='bbox 580 660 752 691; x_wconf 88' lang='lat' dir='ltr'>Obedientia</span> <span class='ocrx_word' id='word_1_82' title='bbox 773 659 806 689; x_wconf 88' lang='lat'>&amp;</span> <span class='ocrx_word' id='word_1_83' title='bbox 834 657 979 687; x_wconf 91' lang='lat' dir='ltr'>Dominio</span> <span class='ocrx_word' id='word_1_84' title='bbox 1001 656 1126 690; x_wconf 77' lang='lat' dir='ltr'>alteriuS,</span> <span class='ocrx_word' id='word_1_85' title='bbox 1145 662 1292 695; x_wconf 77' lang='lat' dir='ltr'>renuncia-</span> 
     </span>
     <span class='ocr_line' id='line_1_14' title="bbox 224 693 1292 742; baseline -0.014 -8"><span class='ocrx_word' id='word_1_86' title='bbox 224 705 354 742; x_wconf 90' lang='lat' dir='ltr'>buntque</span> <span class='ocrx_word' id='word_1_87' title='bbox 369 710 512 741; x_wconf 69' lang='lat' dir='ltr'>praeterea,</span> <span class='ocrx_word' id='word_1_88' title='bbox 533 708 618 738; x_wconf 89' lang='lat' dir='ltr'>prout</span> <span class='ocrx_word' id='word_1_89' title='bbox 629 707 727 730; x_wconf 92' lang='lat' dir='ltr'>tenore</span> <span class='ocrx_word' id='word_1_90' title='bbox 741 696 926 727; x_wconf 82' lang='lat' dir='ltr'>Praesentium</span> <span class='ocrx_word' id='word_1_91' title='bbox 935 694 1005 724; x_wconf 67' lang='lat' dir='ltr'>dieti</span> <span class='ocrx_word' id='word_1_92' title='bbox 1020 693 1167 729; x_wconf 82' lang='lat' dir='ltr'>Principes</span> <span class='ocrx_word' id='word_1_93' title='bbox 1180 701 1212 721; x_wconf 88' lang='lat' dir='ltr'>ac</span> <span class='ocrx_word' id='word_1_94' title='bbox 1228 700 1292 728; x_wconf 91' lang='lat' dir='ltr'>qui-</span> 
     </span>
     <span class='ocr_line' id='line_1_15' title="bbox 225 728 1291 775; baseline -0.014 -2"><span class='ocrx_word' id='word_1_95' title='bbox 225 743 297 774; x_wconf 90' lang='lat' dir='ltr'>libet</span> <span class='ocrx_word' id='word_1_96' title='bbox 319 751 421 772; x_wconf 90' lang='lat' dir='ltr'>eorum</span> <span class='ocrx_word' id='word_1_97' title='bbox 444 740 621 770; x_wconf 85' lang='lat' dir='ltr'>renunciavit</span> <span class='ocrx_word' id='word_1_98' title='bbox 636 737 669 768; x_wconf 85' lang='lat'>&amp;</span> <span class='ocrx_word' id='word_1_99' title='bbox 689 736 834 766; x_wconf 83' lang='lat' dir='ltr'>renunciat</span> <span class='ocrx_word' id='word_1_100' title='bbox 851 731 1110 775; x_wconf 33' lang='lat' dir='ltr'>cuicunque-Ligae</span> <span class='ocrx_word' id='word_1_101' title='bbox 1126 728 1291 774; x_wconf 73' lang='lat' dir='ltr'>Confoede-</span> 
     </span>
     <span class='ocr_line' id='line_1_16' title="bbox 228 768 1293 816; baseline -0.014 -4"><span class='ocrx_word' id='word_1_102' title='bbox 228 781 332 812; x_wconf 82' lang='lat' dir='ltr'>rationi</span> <span class='ocrx_word' id='word_1_103' title='bbox 349 778 553 816; x_wconf 83' lang='lat' dir='ltr'>Capitulationi</span> <span class='ocrx_word' id='word_1_104' title='bbox 569 777 602 807; x_wconf 72' lang='grc' dir='ltr'>ὃ(</span> <span class='ocrx_word' id='word_1_105' title='bbox 617 774 812 814; x_wconf 79' lang='lat' dir='ltr'>intelligentiae</span> <span class='ocrx_word' id='word_1_106' title='bbox 831 773 861 802; x_wconf 88' lang='lat' dir='ltr'>in</span> <span class='ocrx_word' id='word_1_107' title='bbox 876 771 1075 814; x_wconf 79' lang='lat' dir='ltr'>praejudicium</span> <span class='ocrx_word' id='word_1_108' title='bbox 1095 778 1177 800; x_wconf 89' lang='lat' dir='ltr'>unius</span> <span class='ocrx_word' id='word_1_109' title='bbox 1192 768 1293 811; x_wconf 34' lang='lat' dir='ltr'>vel-al«</span> 
     </span>
     <span class='ocr_line' id='line_1_17' title="bbox 228 805 1291 857; baseline -0.016 -6"><span class='ocrx_word' id='word_1_110' title='bbox 228 820 316 852; x_wconf 89' lang='lat' dir='ltr'>terius</span> <span class='ocrx_word' id='word_1_111' title='bbox 339 816 561 857; x_wconf 83' lang='lat' dir='ltr'>quomodolibet</span> <span class='ocrx_word' id='word_1_112' title='bbox 584 815 664 845; x_wconf 69' lang='lat' dir='ltr'>saetis</span> <span class='ocrx_word' id='word_1_113' title='bbox 679 837 688 850; x_wconf 84' lang='lat'>,</span> <span class='ocrx_word' id='word_1_114' title='bbox 713 822 778 851; x_wconf 82' lang='lat' dir='ltr'>quae</span> <span class='ocrx_word' id='word_1_115' title='bbox 799 809 926 850; x_wconf 84' lang='lat' dir='ltr'>praesenti</span> <span class='ocrx_word' id='word_1_116' title='bbox 949 809 1017 840; x_wconf 86' lang='lat' dir='ltr'>Paci</span> <span class='ocrx_word' id='word_1_117' title='bbox 1041 817 1074 838; x_wconf 91' lang='lat' dir='ltr'>ac</span> <span class='ocrx_word' id='word_1_118' title='bbox 1098 805 1291 842; x_wconf 69' lang='lat' dir='ltr'>Concordiae,</span> 
     </span>
     <span class='ocr_line' id='line_1_18' title="bbox 228 846 1289 895; baseline -0.015 -6"><span class='ocrx_word' id='word_1_119' title='bbox 228 857 416 895; x_wconf 86' lang='lat' dir='ltr'>omnibusque</span> <span class='ocrx_word' id='word_1_120' title='bbox 430 857 462 887; x_wconf 91' lang='lat'>&amp;</span> <span class='ocrx_word' id='word_1_121' title='bbox 479 854 588 893; x_wconf 83' lang='lat' dir='ltr'>singulis</span> <span class='ocrx_word' id='word_1_122' title='bbox 604 854 630 882; x_wconf 88' lang='lat' dir='ltr'>iri</span> <span class='ocrx_word' id='word_1_123' title='bbox 645 862 677 882; x_wconf 92' lang='lat' dir='ltr'>ea</span> <span class='ocrx_word' id='word_1_124' title='bbox 690 851 829 881; x_wconf 89' lang='lat' dir='ltr'>contentis</span> <span class='ocrx_word' id='word_1_125' title='bbox 846 856 981 890; x_wconf 79' lang='lat' dir='ltr'>repugnet</span> <span class='ocrx_word' id='word_1_126' title='bbox 996 846 1040 878; x_wconf 87' lang='lat' dir='ltr'>vel</span> <span class='ocrx_word' id='word_1_127' title='bbox 1054 854 1210 890; x_wconf 82' lang='lat' dir='ltr'>repugnare</span> <span class='ocrx_word' id='word_1_128' title='bbox 1225 853 1289 888; x_wconf 74' lang='lat' dir='ltr'>pos-</span> 
     </span>
     <span class='ocr_line' id='line_1_19' title="bbox 228 883 1292 936; baseline -0.013 -8"><span class='ocrx_word' id='word_1_129' title='bbox 228 897 281 936; x_wconf 69' lang='lat' dir='ltr'>fit,</span> <span class='ocrx_word' id='word_1_130' title='bbox 298 896 396 933; x_wconf 86' lang='lat' dir='ltr'>easque</span> <span class='ocrx_word' id='word_1_131' title='bbox 413 903 514 924; x_wconf 89' lang='lat' dir='ltr'>omnes</span> <span class='ocrx_word' id='word_1_132' title='bbox 538 892 570 922; x_wconf 89' lang='lat'>&amp;</span> <span class='ocrx_word' id='word_1_133' title='bbox 586 890 715 929; x_wconf 81' lang='lat' dir='ltr'>lingulas,</span> <span class='ocrx_word' id='word_1_134' title='bbox 735 887 826 926; x_wconf 87' lang='lat' dir='ltr'>quoad</span> <span class='ocrx_word' id='word_1_135' title='bbox 843 886 981 932; x_wconf 65' lang='lat' dir='ltr'>effeetum</span> <span class='ocrx_word' id='word_1_136' title='bbox 997 884 1185 928; x_wconf 58' lang='lat' dir='ltr'>praedffitutn,</span> <span class='ocrx_word' id='word_1_137' title='bbox 1203 883 1292 914; x_wconf 82' lang='lat' dir='ltr'>casia-</span> 
     </span>
     <span class='ocr_line' id='line_1_20' title="bbox 227 921 1291 966; baseline -0.015 1"><span class='ocrx_word' id='word_1_138' title='bbox 227 936 303 966; x_wconf 92' lang='lat' dir='ltr'>bunt</span> <span class='ocrx_word' id='word_1_139' title='bbox 328 935 361 966; x_wconf 88' lang='lat'>&amp;</span> <span class='ocrx_word' id='word_1_140' title='bbox 385 932 582 966; x_wconf 78' lang='lat' dir='ltr'>annullabunt,</span> <span class='ocrx_word' id='word_1_141' title='bbox 609 928 765 965; x_wconf 85' lang='lat' dir='ltr'>nulliusque</span> <span class='ocrx_word' id='word_1_142' title='bbox 792 924 915 956; x_wconf 62' lang='lat' dir='ltr'>effeetus</span> <span class='ocrx_word' id='word_1_143' title='bbox 941 925 975 957; x_wconf 88' lang='lat'>&amp;</span> <span class='ocrx_word' id='word_1_144' title='bbox 999 931 1143 955; x_wconf 79' lang='lat' dir='ltr'>momenti</span> <span class='ocrx_word' id='word_1_145' title='bbox 1170 921 1291 953; x_wconf 80' lang='lat' dir='ltr'>declara-</span> 
     </span>
    </p>
   </div>
   <div class='ocr_carea' id='block_1_4' title="bbox 226 974 1292 1048">
    <p class='ocr_par' dir='ltr' id='par_1_4' title="bbox 226 974 1292 1048">
     <span class='ocr_line' id='line_1_21' title="bbox 226 974 1292 1048; baseline -0.014 -5"><span class='ocrx_word' id='word_1_146' title='bbox 226 974 282 1043; x_wconf 69' lang='lat' dir='ltr'>estI</span> <span class='ocrx_word' id='word_1_147' title='bbox 291 974 405 1048; x_wconf 35' lang='lat' dir='ltr'>augin,</span> <span class='ocrx_word' id='word_1_148' title='bbox 423 1008 542 1039; x_wconf 64' lang='lat' dir='ltr'>Paetum</span> <span class='ocrx_word' id='word_1_149' title='bbox 563 1015 597 1036; x_wconf 89' lang='lat' dir='ltr'>ac</span> <span class='ocrx_word' id='word_1_150' title='bbox 621 1003 829 1040; x_wconf 87' lang='lat' dir='ltr'>Conventum,</span> <span class='ocrx_word' id='word_1_151' title='bbox 848 1009 880 1033; x_wconf 88' lang='lat' dir='ltr'>ut</span> <span class='ocrx_word' id='word_1_152' title='bbox 906 1002 993 1033; x_wconf 90' lang='lat' dir='ltr'>iidem</span> <span class='ocrx_word' id='word_1_153' title='bbox 1017 999 1188 1032; x_wconf 85' lang='lat' dir='ltr'>Sereniffimi</span> <span class='ocrx_word' id='word_1_154' title='bbox 1210 1001 1292 1037; x_wconf 80' lang='lat' dir='ltr'><em>Reges</em></span> 
     </span>
    </p>
   </div>
   <div class='ocr_carea' id='block_1_5' title="bbox 228 1039 1304 2545">
    <p class='ocr_par' dir='ltr' id='par_1_5' title="bbox 228 1039 1293 1433">
     <span class='ocr_line' id='line_1_22' title="bbox 229 1039 1292 1083; baseline -0.012 -3"><span class='ocrx_word' id='word_1_155' title='bbox 229 1051 265 1083; x_wconf 68' lang='grc' dir='ltr'>ὃ(</span> <span class='ocrx_word' id='word_1_156' title='bbox 285 1048 469 1083; x_wconf 79' lang='lat' dir='ltr'>Archidmes,</span> <span class='ocrx_word' id='word_1_157' title='bbox 492 1045 626 1076; x_wconf 87' lang='lat' dir='ltr'>Subditos</span> <span class='ocrx_word' id='word_1_158' title='bbox 645 1043 706 1073; x_wconf 91' lang='lat' dir='ltr'>suos</span> <span class='ocrx_word' id='word_1_159' title='bbox 728 1043 763 1072; x_wconf 90' lang='lat' dir='ltr'>ab</span> <span class='ocrx_word' id='word_1_160' title='bbox 779 1042 861 1072; x_wconf 90' lang='lat' dir='ltr'>omni</span> <span class='ocrx_word' id='word_1_161' title='bbox 877 1040 914 1070; x_wconf 92' lang='lat' dir='ltr'>Vi</span> <span class='ocrx_word' id='word_1_162' title='bbox 928 1042 960 1072; x_wconf 92' lang='lat'>&amp;</span> <span class='ocrx_word' id='word_1_163' title='bbox 976 1040 1075 1076; x_wconf 82' lang='lat' dir='ltr'>Iniuria</span> <span class='ocrx_word' id='word_1_164' title='bbox 1088 1039 1228 1070; x_wconf 85' lang='lat' dir='ltr'>abstinere</span> <span class='ocrx_word' id='word_1_165' title='bbox 1241 1047 1292 1067; x_wconf 90' lang='lat' dir='ltr'>cu-</span> 
     </span>
     <span class='ocr_line' id='line_1_23' title="bbox 228 1078 1291 1127; baseline -0.014 -7"><span class='ocrx_word' id='word_1_166' title='bbox 228 1098 291 1120; x_wconf 83' lang='lat' dir='ltr'>rent</span> <span class='ocrx_word' id='word_1_167' title='bbox 309 1112 318 1127; x_wconf 85' lang='lat'>,</span> <span class='ocrx_word' id='word_1_168' title='bbox 344 1094 535 1123; x_wconf 74' lang='lat' dir='ltr'>revocentque</span> <span class='ocrx_word' id='word_1_169' title='bbox 557 1082 735 1119; x_wconf 70' lang='lat' dir='ltr'>quascunque</span> <span class='ocrx_word' id='word_1_170' title='bbox 754 1078 981 1110; x_wconf 83' lang='lat' dir='ltr'>Commiffiones</span> <span class='ocrx_word' id='word_1_171' title='bbox 1010 1088 1043 1110; x_wconf 90' lang='lat' dir='ltr'>ac</span> <span class='ocrx_word' id='word_1_172' title='bbox 1073 1078 1181 1108; x_wconf 84' lang='lat' dir='ltr'>Literas</span> <span class='ocrx_word' id='word_1_173' title='bbox 1196 1099 1206 1115; x_wconf 87' lang='lat'>,</span> <span class='ocrx_word' id='word_1_174' title='bbox 1230 1084 1291 1106; x_wconf 85' lang='lat' dir='ltr'>tam</span> 
     </span>
     <span class='ocr_line' id='line_1_24' title="bbox 228 1115 1293 1167; baseline -0.013 -9"><span class='ocrx_word' id='word_1_175' title='bbox 228 1127 452 1167; x_wconf 72' lang='lat' dir='ltr'>Represaliarum</span> <span class='ocrx_word' id='word_1_176' title='bbox 468 1124 512 1153; x_wconf 87' lang='lat' dir='ltr'>seu</span> <span class='ocrx_word' id='word_1_177' title='bbox 530 1122 564 1152; x_wconf 90' lang='lat' dir='ltr'>de</span> <span class='ocrx_word' id='word_1_178' title='bbox 583 1121 697 1158; x_wconf 70' lang='lat' dir='ltr'>Marcu,</span> <span class='ocrx_word' id='word_1_179' title='bbox 718 1122 804 1157; x_wconf 60' lang='lat' dir='ltr'>quarn</span> <span class='ocrx_word' id='word_1_180' title='bbox 819 1118 970 1148; x_wconf 67' lang='lat' dir='ltr'>Facultates</span> <span class='ocrx_word' id='word_1_181' title='bbox 984 1116 1125 1157; x_wconf 74' lang='lat' dir='ltr'>praedandi</span> <span class='ocrx_word' id='word_1_182' title='bbox 1139 1115 1293 1146; x_wconf 86' lang='lat' dir='ltr'>continen-</span> 
     </span>
     <span class='ocr_line' id='line_1_25' title="bbox 229 1154 1291 1202; baseline -0.013 -5"><span class='ocrx_word' id='word_1_183' title='bbox 229 1174 272 1197; x_wconf 84' lang='lat' dir='ltr'>tes</span> <span class='ocrx_word' id='word_1_184' title='bbox 294 1165 484 1202; x_wconf 85' lang='lat' dir='ltr'>cujuscunque</span> <span class='ocrx_word' id='word_1_185' title='bbox 503 1169 610 1200; x_wconf 77' lang='lat' dir='ltr'>generis</span> <span class='ocrx_word' id='word_1_186' title='bbox 625 1167 671 1188; x_wconf 89' lang='lat' dir='ltr'>aut</span> <span class='ocrx_word' id='word_1_187' title='bbox 686 1158 857 1188; x_wconf 87' lang='lat' dir='ltr'>conditionis</span> <span class='ocrx_word' id='word_1_188' title='bbox 872 1157 923 1187; x_wconf 80' lang='lat' dir='ltr'>sint</span> <span class='ocrx_word' id='word_1_189' title='bbox 938 1157 966 1186; x_wconf 90' lang='lat' dir='ltr'>in</span> <span class='ocrx_word' id='word_1_190' title='bbox 983 1156 1177 1199; x_wconf 85' lang='lat' dir='ltr'>praejudicium</span> <span class='ocrx_word' id='word_1_191' title='bbox 1191 1154 1291 1197; x_wconf 72' lang='lat' dir='ltr'>alteru-</span> 
     </span>
     <span class='ocr_line' id='line_1_26' title="bbox 231 1191 1291 1237; baseline -0.013 -2"><span class='ocrx_word' id='word_1_192' title='bbox 231 1206 302 1235; x_wconf 84' lang='lat' dir='ltr'>trius</span> <span class='ocrx_word' id='word_1_193' title='bbox 324 1202 460 1237; x_wconf 73' lang='lat' dir='ltr'>Principis</span> <span class='ocrx_word' id='word_1_194' title='bbox 478 1203 523 1230; x_wconf 84' lang='lat' dir='ltr'>vel</span> <span class='ocrx_word' id='word_1_195' title='bbox 542 1197 748 1234; x_wconf 86' lang='lat' dir='ltr'>Subditorum,</span> <span class='ocrx_word' id='word_1_196' title='bbox 765 1195 890 1226; x_wconf 84' lang='lat' dir='ltr'>Subditis</span> <span class='ocrx_word' id='word_1_197' title='bbox 904 1195 957 1225; x_wconf 87' lang='lat' dir='ltr'>suis</span> <span class='ocrx_word' id='word_1_198' title='bbox 974 1198 1028 1226; x_wconf 81' lang='lat' dir='ltr'>live</span> <span class='ocrx_word' id='word_1_199' title='bbox 1045 1194 1151 1224; x_wconf 81' lang='lat' dir='ltr'>incolis</span> <span class='ocrx_word' id='word_1_200' title='bbox 1167 1193 1221 1223; x_wconf 91' lang='lat' dir='ltr'>sive</span> <span class='ocrx_word' id='word_1_201' title='bbox 1236 1191 1291 1222; x_wconf 73' lang='lat' dir='ltr'>hx-</span> 
     </span>
     <span class='ocr_line' id='line_1_27' title="bbox 231 1231 1291 1273; baseline -0.012 0"><span class='ocrx_word' id='word_1_202' title='bbox 231 1242 332 1273; x_wconf 85' lang='lat' dir='ltr'>trancis</span> <span class='ocrx_word' id='word_1_203' title='bbox 348 1242 421 1270; x_wconf 83' lang='lat' dir='ltr'>datas</span> <span class='ocrx_word' id='word_1_204' title='bbox 436 1240 468 1270; x_wconf 71' lang='grc' dir='ltr'>ὅ(</span> <span class='ocrx_word' id='word_1_205' title='bbox 482 1235 638 1273; x_wconf 69' lang='grc' dir='ltr'>ςοηεείῖἷιε,</span> <span class='ocrx_word' id='word_1_206' title='bbox 656 1236 753 1272; x_wconf 71' lang='lat' dir='ltr'>easque</span> <span class='ocrx_word' id='word_1_207' title='bbox 769 1234 856 1264; x_wconf 86' lang='lat' dir='ltr'>nullas</span> <span class='ocrx_word' id='word_1_208' title='bbox 870 1232 964 1264; x_wconf 64' lang='lat' dir='ltr'>Cassiis</span> <span class='ocrx_word' id='word_1_209' title='bbox 982 1235 1015 1265; x_wconf 68' lang='grc' dir='ltr'>ὃς</span> <span class='ocrx_word' id='word_1_210' title='bbox 1032 1233 1123 1263; x_wconf 85' lang='lat' dir='ltr'>irritas</span> <span class='ocrx_word' id='word_1_211' title='bbox 1138 1231 1291 1269; x_wconf 80' lang='lat' dir='ltr'>declarent,</span> 
     </span>
     <span class='ocr_line' id='line_1_28' title="bbox 232 1270 1293 1312; baseline -0.012 -1"><span class='ocrx_word' id='word_1_212' title='bbox 232 1281 268 1312; x_wconf 69' lang='grc' dir='ltr'>ὃς</span> <span class='ocrx_word' id='word_1_213' title='bbox 282 1281 340 1310; x_wconf 84' lang='lat' dir='ltr'>hcc</span> <span class='ocrx_word' id='word_1_214' title='bbox 360 1278 437 1308; x_wconf 85' lang='lat' dir='ltr'>Pacis</span> <span class='ocrx_word' id='word_1_215' title='bbox 453 1275 591 1306; x_wconf 63' lang='lat' dir='ltr'>Tradlmta</span> <span class='ocrx_word' id='word_1_216' title='bbox 605 1273 688 1304; x_wconf 75' lang='lat' dir='ltr'>nul&#39;oe</span> <span class='ocrx_word' id='word_1_217' title='bbox 705 1272 800 1303; x_wconf 70' lang='lat' dir='ltr'>Caiiae</span> <span class='ocrx_word' id='word_1_218' title='bbox 820 1275 852 1304; x_wconf 57' lang='grc' dir='ltr'>ἃ</span> <span class='ocrx_word' id='word_1_219' title='bbox 870 1271 959 1303; x_wconf 71' lang='lat' dir='ltr'>irritae</span> <span class='ocrx_word' id='word_1_220' title='bbox 971 1272 1161 1308; x_wconf 81' lang='lat' dir='ltr'>declarantur,</span> <span class='ocrx_word' id='word_1_221' title='bbox 1177 1270 1210 1300; x_wconf 74' lang='grc' dir='ltr'>ὅ(</span> <span class='ocrx_word' id='word_1_222' title='bbox 1230 1270 1293 1307; x_wconf 89' lang='lat' dir='ltr'>qui-</span> 
     </span>
     <span class='ocr_line' id='line_1_29' title="bbox 232 1308 1293 1355; baseline -0.011 -6"><span class='ocrx_word' id='word_1_223' title='bbox 232 1327 349 1355; x_wconf 77' lang='lat' dir='ltr'>cunque</span> <span class='ocrx_word' id='word_1_224' title='bbox 370 1315 599 1347; x_wconf 87' lang='lat' dir='ltr'>contravenerint</span> <span class='ocrx_word' id='word_1_225' title='bbox 622 1314 789 1350; x_wconf 72' lang='lat' dir='ltr'>puniantur,</span> <span class='ocrx_word' id='word_1_226' title='bbox 807 1314 858 1348; x_wconf 82' lang='lat'>&amp;,</span> <span class='ocrx_word' id='word_1_227' title='bbox 874 1319 975 1347; x_wconf 70' lang='lat' dir='ltr'>praeter</span> <span class='ocrx_word' id='word_1_228' title='bbox 999 1310 1138 1340; x_wconf 65' lang='lat' dir='ltr'>inflietain</span> <span class='ocrx_word' id='word_1_229' title='bbox 1160 1308 1293 1339; x_wconf 87' lang='lat' dir='ltr'>crimina·</span> 
     </span>
     <span class='ocr_line' id='line_1_30' title="bbox 233 1345 1293 1391; baseline -0.011 -3"><span class='ocrx_word' id='word_1_230' title='bbox 233 1357 292 1388; x_wconf 85' lang='lat' dir='ltr'>lem</span> <span class='ocrx_word' id='word_1_231' title='bbox 309 1357 442 1391; x_wconf 84' lang='lat' dir='ltr'>Poenam,</span> <span class='ocrx_word' id='word_1_232' title='bbox 461 1352 584 1384; x_wconf 84' lang='lat' dir='ltr'>Subditis</span> <span class='ocrx_word' id='word_1_233' title='bbox 601 1351 667 1381; x_wconf 50' lang='lat' dir='ltr'>laeli)</span> <span class='ocrx_word' id='word_1_234' title='bbox 684 1351 716 1381; x_wconf 91' lang='lat'>&amp;</span> <span class='ocrx_word' id='word_1_235' title='bbox 734 1351 762 1381; x_wconf 88' lang='lat' dir='ltr'>id</span> <span class='ocrx_word' id='word_1_236' title='bbox 777 1351 976 1389; x_wconf 75' lang='lat' dir='ltr'>requirentibus</span> <span class='ocrx_word' id='word_1_237' title='bbox 993 1349 1065 1379; x_wconf 68' lang='lat' dir='ltr'>ill-,ita</span> <span class='ocrx_word' id='word_1_238' title='bbox 1080 1349 1197 1379; x_wconf 76' lang='lat' dir='ltr'>Damna</span> <span class='ocrx_word' id='word_1_239' title='bbox 1212 1345 1293 1377; x_wconf 82' lang='lat' dir='ltr'>tesar-</span> 
     </span>
     <span class='ocr_line' id='line_1_31' title="bbox 235 1393 522 1433; baseline -0.021 -6"><span class='ocrx_word' id='word_1_240' title='bbox 235 1396 294 1427; x_wconf 70' lang='lat' dir='ltr'>circ</span> <span class='ocrx_word' id='word_1_241' title='bbox 307 1393 522 1433; x_wconf 80' lang='lat' dir='ltr'>compellantur.</span> 
     </span>
    </p>

    <p class='ocr_par' dir='ltr' id='par_1_6' title="bbox 233 1424 1298 2123">
     <span class='ocr_line' id='line_1_32' title="bbox 271 1424 1295 1470; baseline -0.011 -6"><span class='ocrx_word' id='word_1_242' title='bbox 271 1433 315 1464; x_wconf 81' lang='lat' dir='ltr'>I’r</span> <span class='ocrx_word' id='word_1_243' title='bbox 328 1443 344 1463; x_wconf 74' lang='lat' dir='ltr'>iz</span> <span class='ocrx_word' id='word_1_244' title='bbox 355 1441 380 1462; x_wconf 78' lang='lat' dir='ltr'>M</span> <span class='ocrx_word' id='word_1_245' title='bbox 391 1455 400 1470; x_wconf 87' lang='lat'>,</span> <span class='ocrx_word' id='word_1_246' title='bbox 421 1429 514 1470; x_wconf 59' lang='lat' dir='ltr'>and</span> <span class='ocrx_word' id='word_1_247' title='bbox 534 1431 630 1460; x_wconf 76' lang='lat' dir='ltr'>attinet</span> <span class='ocrx_word' id='word_1_248' title='bbox 644 1428 678 1458; x_wconf 71' lang='lat' dir='ltr'>od</span> <span class='ocrx_word' id='word_1_249' title='bbox 698 1428 783 1458; x_wconf 80' lang='lat' dir='ltr'>Villas</span> <span class='ocrx_word' id='word_1_250' title='bbox 797 1426 943 1466; x_wconf 71' lang='lat' dir='ltr'>Uliffirrgiae</span> <span class='ocrx_word' id='word_1_251' title='bbox 962 1424 1057 1455; x_wconf 71' lang='lat' dir='ltr'>Brillae</span> <span class='ocrx_word' id='word_1_252' title='bbox 1073 1427 1216 1462; x_wconf 59' lang='lat' dir='ltr'>Ramegen.</span> <span class='ocrx_word' id='word_1_253' title='bbox 1229 1424 1295 1454; x_wconf 83' lang='lat' dir='ltr'>alia-</span> 
     </span>
     <span class='ocr_line' id='line_1_33' title="bbox 233 1462 1294 1510; baseline -0.01 -7"><span class='ocrx_word' id='word_1_254' title='bbox 233 1483 289 1510; x_wconf 84' lang='lat' dir='ltr'>que</span> <span class='ocrx_word' id='word_1_255' title='bbox 312 1468 508 1502; x_wconf 78' lang='lat' dir='ltr'>Fortalitia&amp;</span> <span class='ocrx_word' id='word_1_256' title='bbox 531 1468 611 1499; x_wconf 82' lang='lat' dir='ltr'>Loca</span> <span class='ocrx_word' id='word_1_257' title='bbox 633 1470 667 1497; x_wconf 79' lang='lat' dir='ltr'>ab</span> <span class='ocrx_word' id='word_1_258' title='bbox 689 1469 720 1496; x_wconf 64' lang='lat' dir='ltr'>iis·</span> <span class='ocrx_word' id='word_1_259' title='bbox 740 1468 942 1503; x_wconf 71' lang='lat' dir='ltr'>dependentia,</span> <span class='ocrx_word' id='word_1_260' title='bbox 962 1467 989 1494; x_wconf 83' lang='lat' dir='ltr'>iii</span> <span class='ocrx_word' id='word_1_261' title='bbox 1012 1465 1112 1501; x_wconf 82' lang='lat' dir='ltr'>quibus</span> <span class='ocrx_word' id='word_1_262' title='bbox 1130 1462 1294 1494; x_wconf 79' lang='lat' dir='ltr'>Praeiidiarii</span> 
     </span>
     <span class='ocr_line' id='line_1_34' title="bbox 235 1502 1294 1543; baseline -0.009 -2"><span class='ocrx_word' id='word_1_263' title='bbox 235 1510 346 1541; x_wconf 74' lang='lat' dir='ltr'>Milites</span> <span class='ocrx_word' id='word_1_264' title='bbox 370 1510 439 1539; x_wconf 58' lang='lat' dir='ltr'>dieti</span> <span class='ocrx_word' id='word_1_265' title='bbox 460 1507 634 1538; x_wconf 75' lang='lat' dir='ltr'>Serenissimi</span> <span class='ocrx_word' id='word_1_266' title='bbox 658 1509 735 1543; x_wconf 69' lang='lat' dir='ltr'>Regis</span> <span class='ocrx_word' id='word_1_267' title='bbox 753 1504 864 1542; x_wconf 48' lang='lat' dir='ltr'>Azigliae</span> <span class='ocrx_word' id='word_1_268' title='bbox 880 1514 956 1533; x_wconf 85' lang='lat' dir='ltr'>nunc</span> <span class='ocrx_word' id='word_1_269' title='bbox 973 1502 1113 1539; x_wconf 78' lang='lat' dir='ltr'>existunt,</span> <span class='ocrx_word' id='word_1_270' title='bbox 1132 1503 1201 1533; x_wconf 77' lang='lat' dir='ltr'>curn</span> <span class='ocrx_word' id='word_1_271' title='bbox 1216 1502 1294 1531; x_wconf 90' lang='lat' dir='ltr'>idem</span> 
     </span>
     <span class='ocr_line' id='line_1_35' title="bbox 234 1539 1296 1583; baseline -0.01 -3"><span class='ocrx_word' id='word_1_272' title='bbox 234 1548 427 1580; x_wconf 67' lang='lat' dir='ltr'>Sereniffimnz</span> <span class='ocrx_word' id='word_1_273' title='bbox 452 1546 533 1583; x_wconf 82' lang='lat' dir='ltr'>Rex,</span> <span class='ocrx_word' id='word_1_274' title='bbox 554 1557 601 1583; x_wconf 84' lang='lat' dir='ltr'>per</span> <span class='ocrx_word' id='word_1_275' title='bbox 616 1546 693 1582; x_wconf 63' lang='lat' dir='ltr'>pacta</span> <span class='ocrx_word' id='word_1_276' title='bbox 711 1546 780 1573; x_wconf 88' lang='lat' dir='ltr'>inter</span> <span class='ocrx_word' id='word_1_277' title='bbox 794 1546 922 1579; x_wconf 58' lang='lat' dir='ltr'>Regia-ant</span> <span class='ocrx_word' id='word_1_278' title='bbox 936 1540 1151 1578; x_wconf 79' lang='lat' dir='ltr'>Elizabetham,</span> <span class='ocrx_word' id='word_1_279' title='bbox 1170 1539 1296 1571; x_wconf 80' lang='lat' dir='ltr'>feliciffi-</span> 
     </span>
     <span class='ocr_line' id='line_1_36' title="bbox 233 1579 1295 1623; baseline -0.009 -6"><span class='ocrx_word' id='word_1_280' title='bbox 233 1597 292 1619; x_wconf 75' lang='lat' dir='ltr'>mae</span> <span class='ocrx_word' id='word_1_281' title='bbox 316 1587 482 1623; x_wconf 66' lang='lat' dir='ltr'>memoriae,</span> <span class='ocrx_word' id='word_1_282' title='bbox 503 1585 549 1614; x_wconf 84' lang='lat' dir='ltr'>cui</span> <span class='ocrx_word' id='word_1_283' title='bbox 573 1586 600 1613; x_wconf 86' lang='lat' dir='ltr'>in</span> <span class='ocrx_word' id='word_1_284' title='bbox 629 1584 734 1621; x_wconf 72' lang='lat' dir='ltr'>Regnis</span> <span class='ocrx_word' id='word_1_285' title='bbox 756 1581 888 1618; x_wconf 77' lang='lat' dir='ltr'>Majeitas</span> <span class='ocrx_word' id='word_1_286' title='bbox 911 1580 954 1610; x_wconf 84' lang='lat' dir='ltr'>sua</span> <span class='ocrx_word' id='word_1_287' title='bbox 970 1579 1114 1617; x_wconf 84' lang='lat' dir='ltr'>successit,</span> <span class='ocrx_word' id='word_1_288' title='bbox 1131 1582 1163 1611; x_wconf 88' lang='lat'>&amp;</span> <span class='ocrx_word' id='word_1_289' title='bbox 1176 1579 1295 1608; x_wconf 82' lang='lat' dir='ltr'>Ordines</span> 
     </span>
     <span class='ocr_line' id='line_1_37' title="bbox 234 1617 1294 1657; baseline -0.008 -1"><span class='ocrx_word' id='word_1_290' title='bbox 234 1628 440 1656; x_wconf 69' lang='lat' dir='ltr'>Provinciarm),</span> <span class='ocrx_word' id='word_1_291' title='bbox 460 1622 546 1657; x_wconf 27' lang='lat' dir='ltr'>Bel-&lt;tii</span> <span class='ocrx_word' id='word_1_292' title='bbox 560 1625 708 1651; x_wconf 69' lang='lat' dir='ltr'>Unitarnm</span> <span class='ocrx_word' id='word_1_293' title='bbox 723 1619 854 1649; x_wconf 73' lang='lat' dir='ltr'>conclusa</span> <span class='ocrx_word' id='word_1_294' title='bbox 870 1620 946 1649; x_wconf 55' lang='lat' dir='ltr'>anst&amp;</span> <span class='ocrx_word' id='word_1_295' title='bbox 959 1618 1072 1657; x_wconf 58' lang='lat' dir='ltr'>astringi</span> <span class='ocrx_word' id='word_1_296' title='bbox 1086 1619 1110 1648; x_wconf 81' lang='lat' dir='ltr'>se</span> <span class='ocrx_word' id='word_1_297' title='bbox 1125 1617 1222 1648; x_wconf 76' lang='lat' dir='ltr'>afferat</span> <span class='ocrx_word' id='word_1_298' title='bbox 1233 1641 1240 1655; x_wconf 84' lang='lat'>,</span> <span class='ocrx_word' id='word_1_299' title='bbox 1257 1619 1294 1646; x_wconf 71' lang='grc' dir='ltr'>ῐῖὲ</span> 
     </span>
     <span class='ocr_line' id='line_1_38' title="bbox 234 1656 1293 1701; baseline -0.008 -6"><span class='ocrx_word' id='word_1_300' title='bbox 234 1666 293 1695; x_wconf 83' lang='lat' dir='ltr'>aliis</span> <span class='ocrx_word' id='word_1_301' title='bbox 307 1666 391 1701; x_wconf 67' lang='lat' dir='ltr'>quirin</span> <span class='ocrx_word' id='word_1_302' title='bbox 408 1664 457 1692; x_wconf 73' lang='lat' dir='ltr'>illis</span> <span class='ocrx_word' id='word_1_303' title='bbox 472 1664 519 1700; x_wconf 81' lang='lat' dir='ltr'>qui</span> <span class='ocrx_word' id='word_1_304' title='bbox 534 1662 622 1690; x_wconf 70' lang='lat' dir='ltr'>dictas</span> <span class='ocrx_word' id='word_1_305' title='bbox 638 1659 719 1689; x_wconf 75' lang='lat' dir='ltr'>Villas</span> <span class='ocrx_word' id='word_1_306' title='bbox 733 1659 982 1696; x_wconf 76' lang='lat' dir='ltr'>oppigneraverint</span> <span class='ocrx_word' id='word_1_307' title='bbox 997 1667 1040 1687; x_wconf 87' lang='lat' dir='ltr'>eas</span> <span class='ocrx_word' id='word_1_308' title='bbox 1061 1657 1204 1694; x_wconf 79' lang='lat' dir='ltr'>restituat,</span> <span class='ocrx_word' id='word_1_309' title='bbox 1223 1656 1293 1686; x_wconf 78' lang='lat' dir='ltr'>adeo</span> 
     </span>
     <span class='ocr_line' id='line_1_39' title="bbox 236 1696 1293 1734; baseline -0.009 0"><span class='ocrx_word' id='word_1_310' title='bbox 236 1712 269 1734; x_wconf 92' lang='lat' dir='ltr'>ut</span> <span class='ocrx_word' id='word_1_311' title='bbox 288 1713 386 1733; x_wconf 83' lang='lat' dir='ltr'>contra</span> <span class='ocrx_word' id='word_1_312' title='bbox 410 1701 517 1731; x_wconf 77' lang='lat' dir='ltr'>easdem</span> <span class='ocrx_word' id='word_1_313' title='bbox 541 1698 759 1728; x_wconf 60' lang='lat' dir='ltr'>Trsnlacstiones</span> <span class='ocrx_word' id='word_1_314' title='bbox 778 1696 868 1732; x_wconf 71' lang='lat' dir='ltr'>(ialva</span> <span class='ocrx_word' id='word_1_315' title='bbox 892 1696 961 1726; x_wconf 88' lang='lat' dir='ltr'>Fide</span> <span class='ocrx_word' id='word_1_316' title='bbox 983 1705 1070 1733; x_wconf 83' lang='lat' dir='ltr'>quarn</span> <span class='ocrx_word' id='word_1_317' title='bbox 1087 1696 1214 1734; x_wconf 81' lang='lat' dir='ltr'>religiose</span> <span class='ocrx_word' id='word_1_318' title='bbox 1229 1704 1293 1733; x_wconf 88' lang='lat' dir='ltr'>erga</span> 
     </span>
     <span class='ocr_line' id='line_1_40' title="bbox 235 1734 1295 1773; baseline -0.008 -1"><span class='ocrx_word' id='word_1_319' title='bbox 235 1752 336 1772; x_wconf 84' lang='lat' dir='ltr'>omnes</span> <span class='ocrx_word' id='word_1_320' title='bbox 356 1738 556 1771; x_wconf 66' lang='lat' dir='ltr'>observandam</span> <span class='ocrx_word' id='word_1_321' title='bbox 573 1737 615 1767; x_wconf 87' lang='lat' dir='ltr'>sua</span> <span class='ocrx_word' id='word_1_322' title='bbox 632 1735 766 1773; x_wconf 66' lang='lat' dir='ltr'>Maiestas</span> <span class='ocrx_word' id='word_1_323' title='bbox 779 1734 924 1771; x_wconf 80' lang='lat' dir='ltr'>decrevit)</span> <span class='ocrx_word' id='word_1_324' title='bbox 947 1734 1083 1764; x_wconf 88' lang='lat' dir='ltr'>Liberum</span> <span class='ocrx_word' id='word_1_325' title='bbox 1098 1734 1147 1763; x_wconf 82' lang='lat' dir='ltr'>sibi</span> <span class='ocrx_word' id='word_1_326' title='bbox 1162 1744 1222 1763; x_wconf 92' lang='lat' dir='ltr'>non</span> <span class='ocrx_word' id='word_1_327' title='bbox 1237 1734 1295 1764; x_wconf 75' lang='lat' dir='ltr'>effe</span> 
     </span>
     <span class='ocr_line' id='line_1_41' title="bbox 236 1772 1296 1810; baseline -0.008 0"><span class='ocrx_word' id='word_1_328' title='bbox 236 1780 313 1810; x_wconf 88' lang='lat' dir='ltr'>dicat</span> <span class='ocrx_word' id='word_1_329' title='bbox 334 1780 408 1810; x_wconf 69' lang='lat' dir='ltr'>dicta</span> <span class='ocrx_word' id='word_1_330' title='bbox 436 1778 513 1807; x_wconf 59' lang='lat' dir='ltr'>Lot-a</span> <span class='ocrx_word' id='word_1_331' title='bbox 534 1775 674 1805; x_wconf 75' lang='lat' dir='ltr'>restituere</span> <span class='ocrx_word' id='word_1_332' title='bbox 689 1773 704 1789; x_wconf 66' lang='lat'>&#39;⁵</span> <span class='ocrx_word' id='word_1_333' title='bbox 722 1773 905 1805; x_wconf 72' lang='lat' dir='ltr'>Serennimis</span> <span class='ocrx_word' id='word_1_334' title='bbox 928 1772 1144 1809; x_wconf 81' lang='lat' dir='ltr'>Archiducibus,</span> <span class='ocrx_word' id='word_1_335' title='bbox 1161 1773 1189 1801; x_wconf 89' lang='lat' dir='ltr'>in</span> <span class='ocrx_word' id='word_1_336' title='bbox 1206 1773 1296 1802; x_wconf 84' lang='lat' dir='ltr'>verbo</span> 
     </span>
     <span class='ocr_line' id='line_1_42' title="bbox 236 1810 1297 1858; baseline -0.008 -9"><span class='ocrx_word' id='word_1_337' title='bbox 236 1819 333 1858; x_wconf 82' lang='lat' dir='ltr'>Regio</span> <span class='ocrx_word' id='word_1_338' title='bbox 354 1816 493 1854; x_wconf 83' lang='lat' dir='ltr'>promittit</span> <span class='ocrx_word' id='word_1_339' title='bbox 505 1814 531 1844; x_wconf 82' lang='lat' dir='ltr'>se</span> <span class='ocrx_word' id='word_1_340' title='bbox 547 1823 616 1844; x_wconf 91' lang='lat' dir='ltr'>cum</span> <span class='ocrx_word' id='word_1_341' title='bbox 631 1813 712 1843; x_wconf 64' lang='lat' dir='ltr'>&lt;iretis</span> <span class='ocrx_word' id='word_1_342' title='bbox 725 1812 874 1842; x_wconf 75' lang='lat' dir='ltr'>Ordinibus</span> <span class='ocrx_word' id='word_1_343' title='bbox 885 1810 919 1842; x_wconf 86' lang='lat' dir='ltr'>de</span> <span class='ocrx_word' id='word_1_344' title='bbox 935 1821 1014 1841; x_wconf 90' lang='lat' dir='ltr'>novo</span> <span class='ocrx_word' id='word_1_345' title='bbox 1028 1812 1197 1841; x_wconf 75' lang='lat' dir='ltr'>Tractatum</span> <span class='ocrx_word' id='word_1_346' title='bbox 1212 1812 1297 1841; x_wconf 88' lang='lat' dir='ltr'>initu-</span> 
     </span>
     <span class='ocr_line' id='line_1_43' title="bbox 239 1848 1298 1895; baseline -0.008 -8"><span class='ocrx_word' id='word_1_347' title='bbox 239 1868 302 1887; x_wconf 80' lang='lat' dir='ltr'>rum</span> <span class='ocrx_word' id='word_1_348' title='bbox 312 1880 321 1895; x_wconf 82' lang='lat'>,</span> <span class='ocrx_word' id='word_1_349' title='bbox 342 1858 370 1886; x_wconf 86' lang='lat' dir='ltr'>in</span> <span class='ocrx_word' id='word_1_350' title='bbox 391 1865 448 1892; x_wconf 88' lang='lat' dir='ltr'>quo</span> <span class='ocrx_word' id='word_1_351' title='bbox 469 1855 512 1883; x_wconf 85' lang='lat' dir='ltr'>sua</span> <span class='ocrx_word' id='word_1_352' title='bbox 528 1851 663 1890; x_wconf 71' lang='lat' dir='ltr'>Majeslas</span> <span class='ocrx_word' id='word_1_353' title='bbox 677 1861 790 1888; x_wconf 80' lang='lat' dir='ltr'>tempus</span> <span class='ocrx_word' id='word_1_354' title='bbox 804 1859 973 1887; x_wconf 84' lang='lat' dir='ltr'>competens</span> <span class='ocrx_word' id='word_1_355' title='bbox 987 1852 1024 1879; x_wconf 84' lang='lat' dir='ltr'>eis</span> <span class='ocrx_word' id='word_1_356' title='bbox 1039 1848 1184 1888; x_wconf 70' lang='lat' dir='ltr'>assignabit</span> <span class='ocrx_word' id='word_1_357' title='bbox 1197 1873 1207 1887; x_wconf 93' lang='lat'>,</span> <span class='ocrx_word' id='word_1_358' title='bbox 1222 1859 1298 1887; x_wconf 89' lang='lat' dir='ltr'>qu0,</span> 
     </span>
     <span class='ocr_line' id='line_1_44' title="bbox 240 1888 1296 1929; baseline -0.009 -2"><span class='ocrx_word' id='word_1_359' title='bbox 240 1907 312 1926; x_wconf 86' lang='lat' dir='ltr'>curn</span> <span class='ocrx_word' id='word_1_360' title='bbox 334 1892 517 1925; x_wconf 83' lang='lat' dir='ltr'>Sereniffimis</span> <span class='ocrx_word' id='word_1_361' title='bbox 542 1890 704 1929; x_wconf 79' lang='lat' dir='ltr'>Principibus</span> <span class='ocrx_word' id='word_1_362' title='bbox 726 1889 871 1919; x_wconf 82' lang='lat' dir='ltr'>Fratribus</span> <span class='ocrx_word' id='word_1_363' title='bbox 886 1888 964 1927; x_wconf 87' lang='lat' dir='ltr'>ipsius</span> <span class='ocrx_word' id='word_1_364' title='bbox 980 1888 1143 1918; x_wconf 85' lang='lat' dir='ltr'>charissimis</span> <span class='ocrx_word' id='word_1_365' title='bbox 1158 1888 1296 1918; x_wconf 75' lang='lat' dir='ltr'>Pacifica-</span> 
     </span>
     <span class='ocr_line' id='line_1_45' title="bbox 238 1925 1298 1997; baseline -0.008 -33"><span class='ocrx_word' id='word_1_366' title='bbox 238 1936 349 1966; x_wconf 86' lang='lat' dir='ltr'>tionum</span> <span class='ocrx_word' id='word_1_367' title='bbox 374 1931 565 1962; x_wconf 85' lang='lat' dir='ltr'>Condit&#39;iones</span> <span class='ocrx_word' id='word_1_368' title='bbox 587 1940 619 1960; x_wconf 88' lang='lat' dir='ltr'>ac</span> <span class='ocrx_word' id='word_1_369' title='bbox 638 1930 728 1997; x_wconf 53' lang='lat' dir='ltr'>ispiant</span> <span class='ocrx_word' id='word_1_370' title='bbox 746 1927 830 1966; x_wconf 88' lang='lat' dir='ltr'>justas</span> <span class='ocrx_word' id='word_1_371' title='bbox 844 1928 876 1959; x_wconf 72' lang='grc' dir='ltr'>ὃ(</span> <span class='ocrx_word' id='word_1_372' title='bbox 891 1937 1000 1966; x_wconf 64' lang='lat' dir='ltr'>aequas,</span> <span class='ocrx_word' id='word_1_373' title='bbox 1018 1927 1157 1966; x_wconf 87' lang='lat' dir='ltr'>alioquin,</span> <span class='ocrx_word' id='word_1_374' title='bbox 1176 1926 1196 1956; x_wconf 89' lang='lat' dir='ltr'>fi</span> <span class='ocrx_word' id='word_1_375' title='bbox 1211 1926 1238 1957; x_wconf 91' lang='lat' dir='ltr'>id</span> <span class='ocrx_word' id='word_1_376' title='bbox 1257 1925 1298 1956; x_wconf 83' lang='lat' dir='ltr'>fa—</span> 
     </span>
     <span class='ocr_line' id='line_1_46' title="bbox 238 1964 1296 2006; baseline -0.008 -3"><span class='ocrx_word' id='word_1_377' title='bbox 238 1983 303 2004; x_wconf 88' lang='lat' dir='ltr'>cere</span> <span class='ocrx_word' id='word_1_378' title='bbox 317 1971 516 2006; x_wconf 86' lang='lat' dir='ltr'>recusaverint,</span> <span class='ocrx_word' id='word_1_379' title='bbox 534 1968 640 1999; x_wconf 84' lang='lat' dir='ltr'>Serenii</span> <span class='ocrx_word' id='word_1_380' title='bbox 654 1977 729 1997; x_wconf 87' lang='lat' dir='ltr'>imus</span> <span class='ocrx_word' id='word_1_381' title='bbox 743 1971 803 1997; x_wconf 83' lang='lat' dir='ltr'>Rex</span> <span class='ocrx_word' id='word_1_382' title='bbox 816 1965 928 2003; x_wconf 81' lang='lat' dir='ltr'>Angliae</span> <span class='ocrx_word' id='word_1_383' title='bbox 945 1965 1009 1996; x_wconf 90' lang='lat' dir='ltr'>inde</span> <span class='ocrx_word' id='word_1_384' title='bbox 1027 1967 1043 1996; x_wconf 76' lang='lat'>{1</span> <span class='ocrx_word' id='word_1_385' title='bbox 1057 1966 1196 2004; x_wconf 86' lang='lat' dir='ltr'>prioribus</span> <span class='ocrx_word' id='word_1_386' title='bbox 1213 1964 1296 1995; x_wconf 90' lang='lat' dir='ltr'>Con-</span> 
     </span>
     <span class='ocr_line' id='line_1_47' title="bbox 238 2003 1298 2045; baseline -0.008 -3"><span class='ocrx_word' id='word_1_387' title='bbox 238 2011 419 2042; x_wconf 87' lang='lat' dir='ltr'>ventionibus</span> <span class='ocrx_word' id='word_1_388' title='bbox 434 2009 581 2044; x_wconf 89' lang='lat' dir='ltr'>liberatus,</span> <span class='ocrx_word' id='word_1_389' title='bbox 599 2006 677 2045; x_wconf 89' lang='lat' dir='ltr'>quod</span> <span class='ocrx_word' id='word_1_390' title='bbox 688 2004 796 2044; x_wconf 87' lang='lat' dir='ltr'>justum</span> <span class='ocrx_word' id='word_1_391' title='bbox 814 2007 847 2036; x_wconf 67' lang='grc' dir='ltr'>ὅ(</span> <span class='ocrx_word' id='word_1_392' title='bbox 862 2004 1030 2035; x_wconf 86' lang='lat' dir='ltr'>honorabile</span> <span class='ocrx_word' id='word_1_393' title='bbox 1046 2003 1246 2035; x_wconf 81' lang='lat' dir='ltr'>existimaverit</span> <span class='ocrx_word' id='word_1_394' title='bbox 1261 2003 1298 2034; x_wconf 90' lang='lat' dir='ltr'>de</span> 
     </span>
     <span class='ocr_line' id='line_1_48' title="bbox 238 2041 1298 2086; baseline -0.006 -6"><span class='ocrx_word' id='word_1_395' title='bbox 238 2051 320 2083; x_wconf 89' lang='lat' dir='ltr'>Villis</span> <span class='ocrx_word' id='word_1_396' title='bbox 344 2049 458 2086; x_wconf 82' lang='lat' dir='ltr'>statuet,</span> <span class='ocrx_word' id='word_1_397' title='bbox 475 2046 705 2086; x_wconf 83' lang='lat' dir='ltr'>cognoscentque</span> <span class='ocrx_word' id='word_1_398' title='bbox 721 2044 792 2074; x_wconf 64' lang='lat' dir='ltr'>dieti</span> <span class='ocrx_word' id='word_1_399' title='bbox 807 2043 978 2074; x_wconf 82' lang='lat' dir='ltr'>Sereniffimi</span> <span class='ocrx_word' id='word_1_400' title='bbox 990 2045 1104 2073; x_wconf 87' lang='lat' dir='ltr'>Fratres</span> <span class='ocrx_word' id='word_1_401' title='bbox 1111 2041 1158 2083; x_wconf 66' lang='grc' dir='ltr'>βι·</span> <span class='ocrx_word' id='word_1_402' title='bbox 1172 2042 1298 2074; x_wconf 86' lang='lat' dir='ltr'>chariffi-</span> 
     </span>
     <span class='ocr_line' id='line_1_49' title="bbox 240 2082 982 2123; baseline -0.011 -4"><span class='ocrx_word' id='word_1_403' title='bbox 240 2089 281 2119; x_wconf 86' lang='lat' dir='ltr'>mi</span> <span class='ocrx_word' id='word_1_404' title='bbox 299 2089 326 2118; x_wconf 91' lang='lat' dir='ltr'>se</span> <span class='ocrx_word' id='word_1_405' title='bbox 340 2087 454 2117; x_wconf 88' lang='lat' dir='ltr'>Officio</span> <span class='ocrx_word' id='word_1_406' title='bbox 470 2085 566 2116; x_wconf 83' lang='lat' dir='ltr'>Amici</span> <span class='ocrx_word' id='word_1_407' title='bbox 583 2083 720 2123; x_wconf 87' lang='lat' dir='ltr'>Principis</span> <span class='ocrx_word' id='word_1_408' title='bbox 734 2093 794 2112; x_wconf 91' lang='lat' dir='ltr'>non</span> <span class='ocrx_word' id='word_1_409' title='bbox 809 2082 982 2114; x_wconf 83' lang='lat' dir='ltr'>defuturum.</span> 
     </span>
    </p>

    <p class='ocr_par' dir='ltr' id='par_1_7' title="bbox 239 2119 1304 2545">
     <span class='ocr_line' id='line_1_50' title="bbox 279 2119 1300 2165; baseline -0.006 -8"><span class='ocrx_word' id='word_1_410' title='bbox 279 2126 323 2157; x_wconf 79' lang='grc' dir='ltr'>Ιτ</span> <span class='ocrx_word' id='word_1_411' title='bbox 334 2136 352 2157; x_wconf 83' lang='lat' dir='ltr'>E</span> <span class='ocrx_word' id='word_1_412' title='bbox 363 2134 389 2156; x_wconf 55' lang='lat' dir='ltr'>rvi</span> <span class='ocrx_word' id='word_1_413' title='bbox 399 2149 409 2165; x_wconf 91' lang='lat'>,</span> <span class='ocrx_word' id='word_1_414' title='bbox 428 2124 519 2164; x_wconf 79' lang='lat' dir='ltr'>Qod</span> <span class='ocrx_word' id='word_1_415' title='bbox 537 2123 611 2154; x_wconf 86' lang='lat' dir='ltr'>idem</span> <span class='ocrx_word' id='word_1_416' title='bbox 630 2121 824 2153; x_wconf 86' lang='lat' dir='ltr'>Sereniffimus</span> <span class='ocrx_word' id='word_1_417' title='bbox 836 2123 897 2151; x_wconf 79' lang='lat' dir='ltr'>Rex</span> <span class='ocrx_word' id='word_1_418' title='bbox 912 2119 1027 2159; x_wconf 80' lang='lat' dir='ltr'>Angliae</span> <span class='ocrx_word' id='word_1_419' title='bbox 1041 2119 1197 2157; x_wconf 80' lang='lat' dir='ltr'>mandabit,</span> <span class='ocrx_word' id='word_1_420' title='bbox 1214 2129 1300 2159; x_wconf 90' lang='lat' dir='ltr'>prout</span> 
     </span>
     <span class='ocr_line' id='line_1_51' title="bbox 240 2159 1300 2201; baseline -0.007 -4"><span class='ocrx_word' id='word_1_421' title='bbox 240 2165 267 2197; x_wconf 82' lang='lat' dir='ltr'>se</span> <span class='ocrx_word' id='word_1_422' title='bbox 282 2165 351 2196; x_wconf 77' lang='lat' dir='ltr'>serio</span> <span class='ocrx_word' id='word_1_423' title='bbox 368 2164 565 2195; x_wconf 85' lang='lat' dir='ltr'>mandaturum</span> <span class='ocrx_word' id='word_1_424' title='bbox 584 2163 744 2201; x_wconf 86' lang='lat' dir='ltr'>promittit,</span> <span class='ocrx_word' id='word_1_425' title='bbox 762 2169 791 2191; x_wconf 93' lang='lat' dir='ltr'>ut</span> <span class='ocrx_word' id='word_1_426' title='bbox 806 2159 964 2191; x_wconf 64' lang='lat' dir='ltr'>frollandus</span> <span class='ocrx_word' id='word_1_427' title='bbox 999 2160 1113 2198; x_wconf 88' lang='lat' dir='ltr'>aliisque</span> <span class='ocrx_word' id='word_1_428' title='bbox 1127 2159 1300 2190; x_wconf 88' lang='lat' dir='ltr'>Serenisfimi</span> 
     </span>
     <span class='ocr_line' id='line_1_52' title="bbox 240 2182 1303 2243; baseline -0.007 -8"><span class='ocrx_word' id='word_1_429' title='bbox 240 2207 319 2243; x_wconf 77' lang='lat' dir='ltr'>Regis</span> <span class='ocrx_word' id='word_1_430' title='bbox 332 2203 529 2243; x_wconf 58' lang='lat' dir='ltr'>Hispaniarum</span> <span class='ocrx_word' id='word_1_431' title='bbox 545 2201 577 2231; x_wconf 70' lang='lat' dir='ltr'>sc</span> <span class='ocrx_word' id='word_1_432' title='bbox 595 2199 780 2230; x_wconf 64' lang='lat' dir='ltr'>Archiducum</span> <span class='ocrx_word' id='word_1_433' title='bbox 791 2198 945 2236; x_wconf 74' lang='lat' dir='ltr'>Hostibus,</span> <span class='ocrx_word' id='word_1_434' title='bbox 963 2182 1025 2229; x_wconf 67' lang='lat' dir='ltr'>iiius</span> <span class='ocrx_word' id='word_1_435' title='bbox 1038 2198 1223 2229; x_wconf 69' lang='lat' dir='ltr'>Praefidiarius</span> <span class='ocrx_word' id='word_1_436' title='bbox 1239 2198 1303 2229; x_wconf 89' lang='lat' dir='ltr'>Mi·</span> 
     </span>
     <span class='ocr_line' id='line_1_53' title="bbox 239 2236 1302 2281; baseline -0.006 -7"><span class='ocrx_word' id='word_1_437' title='bbox 239 2243 293 2281; x_wconf 77' lang='lat' dir='ltr'>les,</span> <span class='ocrx_word' id='word_1_438' title='bbox 312 2252 345 2273; x_wconf 79' lang='lat' dir='ltr'>ex</span> <span class='ocrx_word' id='word_1_439' title='bbox 370 2250 551 2280; x_wconf 86' lang='lat' dir='ltr'>quacumque</span> <span class='ocrx_word' id='word_1_440' title='bbox 574 2239 654 2269; x_wconf 86' lang='lat' dir='ltr'>causa</span> <span class='ocrx_word' id='word_1_441' title='bbox 678 2247 723 2268; x_wconf 88' lang='lat' dir='ltr'>aut</span> <span class='ocrx_word' id='word_1_442' title='bbox 740 2245 874 2277; x_wconf 83' lang='lat' dir='ltr'>praetextu</span> <span class='ocrx_word' id='word_1_443' title='bbox 897 2247 956 2269; x_wconf 90' lang='lat' dir='ltr'>non</span> <span class='ocrx_word' id='word_1_444' title='bbox 977 2236 1091 2276; x_wconf 89' lang='lat' dir='ltr'>serviat,</span> <span class='ocrx_word' id='word_1_445' title='bbox 1109 2237 1246 2277; x_wconf 84' lang='lat' dir='ltr'>suppetias</span> <span class='ocrx_word' id='word_1_446' title='bbox 1260 2239 1302 2268; x_wconf 77' lang='lat' dir='ltr'>ie-</span> 
     </span>
     <span class='ocr_line' id='line_1_54' title="bbox 241 2275 1303 2319; baseline -0.005 -7"><span class='ocrx_word' id='word_1_447' title='bbox 241 2290 300 2319; x_wconf 82' lang='lat' dir='ltr'>rat,</span> <span class='ocrx_word' id='word_1_448' title='bbox 320 2280 496 2311; x_wconf 88' lang='lat' dir='ltr'>Comeatum</span> <span class='ocrx_word' id='word_1_449' title='bbox 524 2277 651 2316; x_wconf 82' lang='lat' dir='ltr'>praestet,</span> <span class='ocrx_word' id='word_1_450' title='bbox 677 2276 861 2314; x_wconf 89' lang='lat' dir='ltr'>Bombardas,</span> <span class='ocrx_word' id='word_1_451' title='bbox 890 2275 1043 2307; x_wconf 88' lang='lat' dir='ltr'>Pulverem</span> <span class='ocrx_word' id='word_1_452' title='bbox 1066 2277 1303 2314; x_wconf 86' lang='lat' dir='ltr'>tormentarium,</span> 
     </span>
     <span class='ocr_line' id='line_1_55' title="bbox 243 2314 1301 2357; baseline -0.005 -6"><span class='ocrx_word' id='word_1_453' title='bbox 243 2319 378 2357; x_wconf 84' lang='lat' dir='ltr'>Globos,</span> <span class='ocrx_word' id='word_1_454' title='bbox 396 2319 439 2349; x_wconf 88' lang='lat' dir='ltr'>Sal</span> <span class='ocrx_word' id='word_1_455' title='bbox 456 2319 578 2354; x_wconf 89' lang='lat' dir='ltr'>nitrum,</span> <span class='ocrx_word' id='word_1_456' title='bbox 598 2317 686 2347; x_wconf 88' lang='lat' dir='ltr'>aliave</span> <span class='ocrx_word' id='word_1_457' title='bbox 704 2316 861 2347; x_wconf 90' lang='lat' dir='ltr'>Armorum</span> <span class='ocrx_word' id='word_1_458' title='bbox 877 2322 978 2355; x_wconf 84' lang='lat' dir='ltr'>genera</span> <span class='ocrx_word' id='word_1_459' title='bbox 995 2314 1152 2354; x_wconf 84' lang='lat' dir='ltr'>concedat,</span> <span class='ocrx_word' id='word_1_460' title='bbox 1170 2323 1218 2346; x_wconf 87' lang='lat' dir='ltr'>aut</span> <span class='ocrx_word' id='word_1_461' title='bbox 1232 2326 1301 2354; x_wconf 87' lang='lat' dir='ltr'>qua-</span> 
     </span>
     <span class='ocr_line' id='line_1_56' title="bbox 243 2353 1302 2397; baseline -0.005 -8"><span class='ocrx_word' id='word_1_462' title='bbox 243 2359 383 2397; x_wconf 89' lang='lat' dir='ltr'>lecunque</span> <span class='ocrx_word' id='word_1_463' title='bbox 405 2356 550 2388; x_wconf 78' lang='lat' dir='ltr'>Auxilium</span> <span class='ocrx_word' id='word_1_464' title='bbox 573 2356 713 2394; x_wconf 79' lang='lat' dir='ltr'>praebeat,</span> <span class='ocrx_word' id='word_1_465' title='bbox 730 2363 777 2385; x_wconf 93' lang='lat' dir='ltr'>aut</span> <span class='ocrx_word' id='word_1_466' title='bbox 797 2354 898 2392; x_wconf 90' lang='lat' dir='ltr'>aliquid</span> <span class='ocrx_word' id='word_1_467' title='bbox 912 2353 1014 2384; x_wconf 87' lang='lat' dir='ltr'>hostile</span> <span class='ocrx_word' id='word_1_468' title='bbox 1029 2362 1130 2384; x_wconf 91' lang='lat' dir='ltr'>contra</span> <span class='ocrx_word' id='word_1_469' title='bbox 1145 2354 1238 2384; x_wconf 73' lang='lat' dir='ltr'>diCtos</span> <span class='ocrx_word' id='word_1_470' title='bbox 1251 2354 1302 2385; x_wconf 90' lang='lat' dir='ltr'>Se-</span> 
     </span>
     <span class='ocr_line' id='line_1_57' title="bbox 243 2392 1304 2434; baseline -0.008 -6"><span class='ocrx_word' id='word_1_471' title='bbox 243 2398 402 2428; x_wconf 82' lang='lat' dir='ltr'>reniffimos</span> <span class='ocrx_word' id='word_1_472' title='bbox 422 2398 517 2433; x_wconf 84' lang='lat' dir='ltr'>Regem</span> <span class='ocrx_word' id='word_1_473' title='bbox 531 2394 728 2434; x_wconf 77' lang='lat' dir='ltr'>Hispaniarum</span> <span class='ocrx_word' id='word_1_474' title='bbox 743 2394 776 2424; x_wconf 76' lang='grc' dir='ltr'>δε</span> <span class='ocrx_word' id='word_1_475' title='bbox 792 2392 978 2430; x_wconf 83' lang='lat' dir='ltr'>Archiduces,</span> <span class='ocrx_word' id='word_1_476' title='bbox 996 2401 1155 2431; x_wconf 86' lang='lat' dir='ltr'>eorumque</span> <span class='ocrx_word' id='word_1_477' title='bbox 1168 2392 1304 2424; x_wconf 78' lang='lat' dir='ltr'>Subditos</span> 
     </span>
     <span class='ocr_line' id='line_1_58' title="bbox 242 2431 1300 2473; baseline -0.005 -6"><span class='ocrx_word' id='word_1_478' title='bbox 242 2436 347 2473; x_wconf 68' lang='lat' dir='ltr'>faciat,</span> <span class='ocrx_word' id='word_1_479' title='bbox 372 2434 616 2470; x_wconf 78' lang='lat' dir='ltr'>quemadmodum</span> <span class='ocrx_word' id='word_1_480' title='bbox 638 2442 711 2468; x_wconf 88' lang='lat' dir='ltr'>nec,</span> <span class='ocrx_word' id='word_1_481' title='bbox 730 2441 764 2461; x_wconf 80' lang='lat' dir='ltr'>ex</span> <span class='ocrx_word' id='word_1_482' title='bbox 787 2441 863 2469; x_wconf 89' lang='lat' dir='ltr'>parte</span> <span class='ocrx_word' id='word_1_483' title='bbox 884 2431 1031 2462; x_wconf 68' lang='lat' dir='ltr'>dierorum</span> <span class='ocrx_word' id='word_1_484' title='bbox 1052 2431 1300 2462; x_wconf 87' lang='lat' dir='ltr'>Sereniffimorum</span> 
     </span>
     <span class='ocr_line' id='line_1_59' title="bbox 243 2469 1300 2512; baseline -0.003 -9"><span class='ocrx_word' id='word_1_485' title='bbox 243 2477 321 2511; x_wconf 78' lang='lat' dir='ltr'>Regis</span> <span class='ocrx_word' id='word_1_486' title='bbox 340 2472 539 2512; x_wconf 66' lang='lat' dir='ltr'>Hispaniarum</span> <span class='ocrx_word' id='word_1_487' title='bbox 561 2473 592 2501; x_wconf 90' lang='lat'>&amp;</span> <span class='ocrx_word' id='word_1_488' title='bbox 618 2470 823 2506; x_wconf 78' lang='lat' dir='ltr'>Archiducum,</span> <span class='ocrx_word' id='word_1_489' title='bbox 840 2470 1000 2507; x_wconf 87' lang='lat' dir='ltr'>quidquam</span> <span class='ocrx_word' id='word_1_490' title='bbox 1023 2469 1127 2499; x_wconf 84' lang='lat' dir='ltr'>hostile</span> <span class='ocrx_word' id='word_1_491' title='bbox 1142 2479 1243 2501; x_wconf 89' lang='lat' dir='ltr'>contra</span> <span class='ocrx_word' id='word_1_492' title='bbox 1258 2471 1300 2500; x_wconf 92' lang='lat' dir='ltr'>di-</span> 
     </span>
     <span class='ocr_line' id='line_1_60' title="bbox 243 2507 1302 2545; baseline -0.004 -3"><span class='ocrx_word' id='word_1_493' title='bbox 243 2513 308 2543; x_wconf 62' lang='lat' dir='ltr'>ctos</span> <span class='ocrx_word' id='word_1_494' title='bbox 335 2511 521 2541; x_wconf 76' lang='lat' dir='ltr'>Praelidiarios</span> <span class='ocrx_word' id='word_1_495' title='bbox 543 2508 652 2539; x_wconf 87' lang='lat' dir='ltr'>Milites</span> <span class='ocrx_word' id='word_1_496' title='bbox 668 2509 713 2539; x_wconf 89' lang='lat' dir='ltr'>vel</span> <span class='ocrx_word' id='word_1_497' title='bbox 734 2517 838 2538; x_wconf 81' lang='lat' dir='ltr'>contra</span> <span class='ocrx_word' id='word_1_498' title='bbox 848 2507 1062 2538; x_wconf 84' lang='lat' dir='ltr'>Sereniffimum</span> <span class='ocrx_word' id='word_1_499' title='bbox 1075 2509 1173 2545; x_wconf 82' lang='lat' dir='ltr'>Regem</span> <span class='ocrx_word' id='word_1_500' title='bbox 1189 2508 1302 2545; x_wconf 85' lang='lat' dir='ltr'>Angliae</span> 
     </span>
    </p>
   </div>
   <div class='ocr_carea' id='block_1_6' title="bbox 218 2546 570 2582">
    <p class='ocr_par' dir='ltr' id='par_1_8' title="bbox 218 2546 570 2582">
     <span class='ocr_line' id='line_1_61' title="bbox 218 2546 570 2582; baseline -0.014 -1"><span class='ocrx_word' id='word_1_501' title='bbox 218 2560 221 2563; x_wconf 90' lang='lat'>·</span> <span class='ocrx_word' id='word_1_502' title='bbox 243 2551 289 2582; x_wconf 87' lang='lat' dir='ltr'>vel</span> <span class='ocrx_word' id='word_1_503' title='bbox 306 2550 367 2580; x_wconf 88' lang='lat' dir='ltr'>suos</span> <span class='ocrx_word' id='word_1_504' title='bbox 378 2549 502 2578; x_wconf 81' lang='lat' dir='ltr'>subditos</span> <span class='ocrx_word' id='word_1_505' title='bbox 515 2546 570 2577; x_wconf 80' lang='lat' dir='ltr'>fiet.</span> 
     </span>
    </p>
   </div>
   <div class='ocr_carea' id='block_1_7' title="bbox 243 2581 1303 2852">
    <p class='ocr_par' dir='ltr' id='par_1_9' title="bbox 243 2581 1303 2740">
     <span class='ocr_line' id='line_1_62' title="bbox 282 2581 1300 2624; baseline -0.006 -6"><span class='ocrx_word' id='word_1_506' title='bbox 282 2588 356 2619; x_wconf 77' lang='grc' dir='ltr'>ΙΤΕ</span> <span class='ocrx_word' id='word_1_507' title='bbox 368 2595 395 2618; x_wconf 79' lang='grc' dir='ltr'><strong>Μ</strong></span> <span class='ocrx_word' id='word_1_508' title='bbox 406 2610 413 2624; x_wconf 82' lang='grc'>,</span> <span class='ocrx_word' id='word_1_509' title='bbox 434 2586 622 2616; x_wconf 78' lang='lat' dir='ltr'>Conventum</span> <span class='ocrx_word' id='word_1_510' title='bbox 645 2594 677 2615; x_wconf 89' lang='lat' dir='ltr'>ac</span> <span class='ocrx_word' id='word_1_511' title='bbox 696 2583 846 2614; x_wconf 89' lang='lat' dir='ltr'>stabilitum</span> <span class='ocrx_word' id='word_1_512' title='bbox 862 2583 914 2614; x_wconf 91' lang='lat' dir='ltr'>fuit</span> <span class='ocrx_word' id='word_1_513' title='bbox 931 2583 962 2614; x_wconf 88' lang='lat'>&amp;</span> <span class='ocrx_word' id='word_1_514' title='bbox 976 2581 1036 2621; x_wconf 90' lang='lat' dir='ltr'>est,</span> <span class='ocrx_word' id='word_1_515' title='bbox 1054 2583 1151 2622; x_wconf 69' lang='lat' dir='ltr'>quod,</span> <span class='ocrx_word' id='word_1_516' title='bbox 1170 2584 1244 2613; x_wconf 86' lang='lat' dir='ltr'>inter</span> <span class='ocrx_word' id='word_1_517' title='bbox 1257 2583 1300 2613; x_wconf 88' lang='lat' dir='ltr'>di-</span> 
     </span>
     <span class='ocr_line' id='line_1_63' title="bbox 243 2620 1303 2660; baseline -0.007 -3"><span class='ocrx_word' id='word_1_518' title='bbox 243 2627 308 2659; x_wconf 70' lang='lat' dir='ltr'>&amp;os</span> <span class='ocrx_word' id='word_1_519' title='bbox 323 2624 535 2657; x_wconf 68' lang='lat' dir='ltr'>Sereniffimum</span> <span class='ocrx_word' id='word_1_520' title='bbox 550 2627 645 2660; x_wconf 83' lang='lat' dir='ltr'>Regem</span> <span class='ocrx_word' id='word_1_521' title='bbox 659 2621 774 2660; x_wconf 79' lang='lat' dir='ltr'>Angliae</span> <span class='ocrx_word' id='word_1_522' title='bbox 789 2623 821 2653; x_wconf 86' lang='lat'>&amp;</span> <span class='ocrx_word' id='word_1_523' title='bbox 836 2621 1028 2660; x_wconf 80' lang='lat' dir='ltr'>Serenifflmum</span> <span class='ocrx_word' id='word_1_524' title='bbox 1038 2625 1133 2659; x_wconf 82' lang='lat' dir='ltr'>Regem</span> <span class='ocrx_word' id='word_1_525' title='bbox 1150 2620 1303 2660; x_wconf 70' lang='lat' dir='ltr'>His13aniae,</span> 
     </span>
     <span class='ocr_line' id='line_1_64' title="bbox 243 2660 1301 2703; baseline -0.005 -9"><span class='ocrx_word' id='word_1_526' title='bbox 243 2676 278 2697; x_wconf 85' lang='lat' dir='ltr'>ac</span> <span class='ocrx_word' id='word_1_527' title='bbox 302 2664 451 2703; x_wconf 83' lang='lat' dir='ltr'>cujussibet</span> <span class='ocrx_word' id='word_1_528' title='bbox 472 2672 571 2693; x_wconf 86' lang='lat' dir='ltr'>eorum</span> <span class='ocrx_word' id='word_1_529' title='bbox 592 2661 727 2691; x_wconf 80' lang='lat' dir='ltr'>Vassallos</span> <span class='ocrx_word' id='word_1_530' title='bbox 744 2660 856 2692; x_wconf 87' lang='lat' dir='ltr'>Incolas</span> <span class='ocrx_word' id='word_1_531' title='bbox 869 2662 902 2692; x_wconf 69' lang='grc' dir='ltr'>ὃς</span> <span class='ocrx_word' id='word_1_532' title='bbox 918 2660 1070 2698; x_wconf 75' lang='lat' dir='ltr'>Subditos,</span> <span class='ocrx_word' id='word_1_533' title='bbox 1089 2670 1148 2690; x_wconf 91' lang='lat' dir='ltr'>tarn</span> <span class='ocrx_word' id='word_1_534' title='bbox 1165 2670 1212 2698; x_wconf 90' lang='lat' dir='ltr'>per</span> <span class='ocrx_word' id='word_1_535' title='bbox 1225 2660 1301 2691; x_wconf 90' lang='lat' dir='ltr'>Ter-</span> 
     </span>
     <span class='ocr_line' id='line_1_65' title="bbox 245 2698 1301 2740; baseline -0.006 -5"><span class='ocrx_word' id='word_1_536' title='bbox 245 2715 304 2735; x_wconf 83' lang='lat' dir='ltr'>ram</span> <span class='ocrx_word' id='word_1_537' title='bbox 327 2706 410 2740; x_wconf 71' lang='lat' dir='ltr'>qnam</span> <span class='ocrx_word' id='word_1_538' title='bbox 426 2712 473 2740; x_wconf 87' lang='lat' dir='ltr'>per</span> <span class='ocrx_word' id='word_1_539' title='bbox 493 2701 574 2732; x_wconf 77' lang='lat' dir='ltr'>Mare</span> <span class='ocrx_word' id='word_1_540' title='bbox 589 2701 619 2731; x_wconf 58' lang='grc' dir='ltr'>ἃ</span> <span class='ocrx_word' id='word_1_541' title='bbox 641 2701 734 2736; x_wconf 83' lang='lat' dir='ltr'>Aquas</span> <span class='ocrx_word' id='word_1_542' title='bbox 746 2699 857 2736; x_wconf 52' lang='lat' dir='ltr'>dulces,</span> <span class='ocrx_word' id='word_1_543' title='bbox 875 2700 904 2729; x_wconf 88' lang='lat' dir='ltr'>in</span> <span class='ocrx_word' id='word_1_544' title='bbox 919 2700 1055 2728; x_wconf 89' lang='lat' dir='ltr'>omnibus</span> <span class='ocrx_word' id='word_1_545' title='bbox 1068 2698 1100 2729; x_wconf 90' lang='lat'>&amp;</span> <span class='ocrx_word' id='word_1_546' title='bbox 1116 2699 1226 2738; x_wconf 84' lang='lat' dir='ltr'>singulis</span> <span class='ocrx_word' id='word_1_547' title='bbox 1241 2698 1301 2729; x_wconf 84' lang='lat' dir='ltr'>Re-</span> 
     </span>
    </p>

    <p class='ocr_par' dir='ltr' id='par_1_10' title="bbox 245 2736 1302 2852">
     <span class='ocr_line' id='line_1_66' title="bbox 267 2736 1301 2776; baseline -0.005 -4"><span class='ocrx_word' id='word_1_548' title='bbox 267 2744 306 2772; x_wconf 76' lang='lat' dir='ltr'>ni:</span> <span class='ocrx_word' id='word_1_549' title='bbox 323 2742 469 2772; x_wconf 76' lang='lat' dir='ltr'>Dominiis</span> <span class='ocrx_word' id='word_1_550' title='bbox 486 2750 517 2770; x_wconf 87' lang='lat' dir='ltr'>ac</span> <span class='ocrx_word' id='word_1_551' title='bbox 533 2739 641 2776; x_wconf 77' lang='lat' dir='ltr'>insulis,</span> <span class='ocrx_word' id='word_1_552' title='bbox 660 2738 772 2776; x_wconf 85' lang='lat' dir='ltr'>aliisque</span> <span class='ocrx_word' id='word_1_553' title='bbox 788 2738 885 2768; x_wconf 89' lang='lat' dir='ltr'>Terris</span> <span class='ocrx_word' id='word_1_554' title='bbox 900 2738 1069 2768; x_wconf 86' lang='lat' dir='ltr'>Civitatibus</span> <span class='ocrx_word' id='word_1_555' title='bbox 1085 2736 1206 2776; x_wconf 88' lang='lat' dir='ltr'>Oppidis</span> <span class='ocrx_word' id='word_1_556' title='bbox 1222 2736 1301 2767; x_wconf 89' lang='lat' dir='ltr'>Villis</span> 
     </span>
     <span class='ocr_line' id='line_1_67' title="bbox 272 2775 1301 2815; baseline -0.006 -3"><span class='ocrx_word' id='word_1_557' title='bbox 272 2782 391 2812; x_wconf 81' lang='lat' dir='ltr'>ortubus</span> <span class='ocrx_word' id='word_1_558' title='bbox 403 2789 435 2809; x_wconf 88' lang='lat' dir='ltr'>ac</span> <span class='ocrx_word' id='word_1_559' title='bbox 456 2778 527 2808; x_wconf 81' lang='lat' dir='ltr'>Dist:</span> <span class='ocrx_word' id='word_1_560' title='bbox 537 2779 635 2808; x_wconf 82' lang='lat' dir='ltr'>ictibus</span> <span class='ocrx_word' id='word_1_561' title='bbox 649 2777 793 2807; x_wconf 63' lang='lat' dir='ltr'>dictorum</span> <span class='ocrx_word' id='word_1_562' title='bbox 808 2776 977 2815; x_wconf 80' lang='lat' dir='ltr'>Regnorum</span> <span class='ocrx_word' id='word_1_563' title='bbox 992 2777 1025 2808; x_wconf 90' lang='lat'>&amp;</span> <span class='ocrx_word' id='word_1_564' title='bbox 1035 2775 1301 2814; x_wconf 84' lang='lat' dir='ltr'>Dominiorum,sit</span> 
     </span>
     <span class='ocr_line' id='line_1_68' title="bbox 245 2813 1302 2852; baseline -0.005 -2"><span class='ocrx_word' id='word_1_565' title='bbox 245 2822 280 2852; x_wconf 64' lang='grc' dir='ltr'>ὃς</span> <span class='ocrx_word' id='word_1_566' title='bbox 295 2820 350 2850; x_wconf 85' lang='lat' dir='ltr'>esse</span> <span class='ocrx_word' id='word_1_567' title='bbox 371 2818 470 2847; x_wconf 62' lang='lat' dir='ltr'>debuit</span> <span class='ocrx_word' id='word_1_568' title='bbox 491 2818 609 2848; x_wconf 84' lang='lat' dir='ltr'>liberum</span> <span class='ocrx_word' id='word_1_569' title='bbox 625 2816 864 2852; x_wconf 87' lang='lat' dir='ltr'>Commercium,</span> <span class='ocrx_word' id='word_1_570' title='bbox 883 2816 910 2844; x_wconf 90' lang='lat' dir='ltr'>in</span> <span class='ocrx_word' id='word_1_571' title='bbox 926 2814 1028 2852; x_wconf 87' lang='lat' dir='ltr'>quibus</span> <span class='ocrx_word' id='word_1_572' title='bbox 1041 2823 1105 2843; x_wconf 87' lang='lat' dir='ltr'>ante</span> <span class='ocrx_word' id='word_1_573' title='bbox 1123 2813 1231 2845; x_wconf 89' lang='lat' dir='ltr'>Bellum</span> <span class='ocrx_word' id='word_1_574' title='bbox 1249 2815 1302 2845; x_wconf 90' lang='lat' dir='ltr'>fuit</span> 
     </span>
    </p>
   </div>
   <div class='ocr_carea' id='block_1_8' title="bbox 192 2852 1302 2894">
    <p class='ocr_par' dir='ltr' id='par_1_11' title="bbox 192 2852 1302 2894">
     <span class='ocr_line' id='line_1_69' title="bbox 192 2852 1302 2894; baseline -0.005 -6"><span class='ocrx_word' id='word_1_575' title='bbox 192 2869 198 2875; x_wconf 90' lang='lat'><strong>·</strong></span> <span class='ocrx_word' id='word_1_576' title='bbox 248 2857 480 2893; x_wconf 86' lang='lat' dir='ltr'>Commercium,</span> <span class='ocrx_word' id='word_1_577' title='bbox 495 2856 573 2894; x_wconf 82' lang='lat' dir='ltr'>juxta</span> <span class='ocrx_word' id='word_1_578' title='bbox 588 2856 620 2886; x_wconf 72' lang='lat' dir='ltr'>&amp;c</span> <span class='ocrx_word' id='word_1_579' title='bbox 637 2854 792 2885; x_wconf 79' lang='lat' dir='ltr'>secundum</span> <span class='ocrx_word' id='word_1_580' title='bbox 810 2853 890 2884; x_wconf 86' lang='lat' dir='ltr'>usum</span> <span class='ocrx_word' id='word_1_581' title='bbox 903 2855 933 2884; x_wconf 69' lang='grc' dir='ltr'>ὅ(</span> <span class='ocrx_word' id='word_1_582' title='bbox 950 2852 1156 2883; x_wconf 85' lang='lat' dir='ltr'>observantiam</span> <span class='ocrx_word' id='word_1_583' title='bbox 1171 2854 1302 2891; x_wconf 85' lang='lat' dir='ltr'>antiquo-</span> 
     </span>
    </p>
   </div>
   <div class='ocr_carea' id='block_1_9' title="bbox 244 2891 1318 4083">
    <p class='ocr_par' dir='ltr' id='par_1_12' title="bbox 244 2891 1308 3547">
     <span class='ocr_line' id='line_1_70' title="bbox 244 2891 1301 2931; baseline -0.006 -4"><span class='ocrx_word' id='word_1_584' title='bbox 244 2907 310 2928; x_wconf 87' lang='lat' dir='ltr'>rum</span> <span class='ocrx_word' id='word_1_585' title='bbox 327 2897 481 2927; x_wconf 85' lang='lat' dir='ltr'>Foederum</span> <span class='ocrx_word' id='word_1_586' title='bbox 497 2896 531 2926; x_wconf 76' lang='grc' dir='ltr'>δε</span> <span class='ocrx_word' id='word_1_587' title='bbox 549 2893 736 2924; x_wconf 64' lang='lat' dir='ltr'>Tractaruum</span> <span class='ocrx_word' id='word_1_588' title='bbox 753 2900 817 2922; x_wconf 90' lang='lat' dir='ltr'>ante</span> <span class='ocrx_word' id='word_1_589' title='bbox 833 2891 958 2929; x_wconf 86' lang='lat' dir='ltr'>Bellum,</span> <span class='ocrx_word' id='word_1_590' title='bbox 977 2891 1012 2921; x_wconf 87' lang='lat' dir='ltr'>ita</span> <span class='ocrx_word' id='word_1_591' title='bbox 1026 2899 1071 2928; x_wconf 90' lang='lat' dir='ltr'>ut,</span> <span class='ocrx_word' id='word_1_592' title='bbox 1089 2891 1190 2930; x_wconf 87' lang='lat' dir='ltr'>absque</span> <span class='ocrx_word' id='word_1_593' title='bbox 1207 2891 1301 2931; x_wconf 91' lang='lat' dir='ltr'>aliquo</span> 
     </span>
     <span class='ocr_line' id='line_1_71' title="bbox 245 2929 1301 2969; baseline -0.007 -3"><span class='ocrx_word' id='word_1_594' title='bbox 245 2935 322 2966; x_wconf 73' lang='lat' dir='ltr'>fiilvo</span> <span class='ocrx_word' id='word_1_595' title='bbox 344 2934 502 2965; x_wconf 65' lang='lat' dir='ltr'>Conduetu</span> <span class='ocrx_word' id='word_1_596' title='bbox 529 2933 633 2969; x_wconf 72' lang='lat' dir='ltr'>aliaque</span> <span class='ocrx_word' id='word_1_597' title='bbox 659 2931 789 2961; x_wconf 85' lang='lat' dir='ltr'>Licentia</span> <span class='ocrx_word' id='word_1_598' title='bbox 809 2930 931 2967; x_wconf 86' lang='lat' dir='ltr'>generali</span> <span class='ocrx_word' id='word_1_599' title='bbox 955 2929 998 2960; x_wconf 92' lang='lat' dir='ltr'>vel</span> <span class='ocrx_word' id='word_1_600' title='bbox 1022 2929 1148 2968; x_wconf 87' lang='lat' dir='ltr'>speciali,</span> <span class='ocrx_word' id='word_1_601' title='bbox 1167 2939 1227 2961; x_wconf 84' lang='lat' dir='ltr'>tam</span> <span class='ocrx_word' id='word_1_602' title='bbox 1252 2940 1301 2968; x_wconf 87' lang='lat' dir='ltr'>per</span> 
     </span>
     <span class='ocr_line' id='line_1_72' title="bbox 246 2968 1301 3009; baseline -0.005 -5"><span class='ocrx_word' id='word_1_603' title='bbox 246 2973 371 3004; x_wconf 89' lang='lat' dir='ltr'>Terram</span> <span class='ocrx_word' id='word_1_604' title='bbox 389 2982 474 3009; x_wconf 86' lang='lat' dir='ltr'>quam</span> <span class='ocrx_word' id='word_1_605' title='bbox 499 2981 546 3008; x_wconf 89' lang='lat' dir='ltr'>per</span> <span class='ocrx_word' id='word_1_606' title='bbox 569 2970 652 3001; x_wconf 88' lang='lat' dir='ltr'>Mare</span> <span class='ocrx_word' id='word_1_607' title='bbox 675 2971 708 3001; x_wconf 86' lang='lat'>&amp;</span> <span class='ocrx_word' id='word_1_608' title='bbox 730 2969 824 3007; x_wconf 88' lang='lat' dir='ltr'>Aquas</span> <span class='ocrx_word' id='word_1_609' title='bbox 840 2968 954 3005; x_wconf 81' lang='lat' dir='ltr'>dulces,</span> <span class='ocrx_word' id='word_1_610' title='bbox 971 2968 1083 2999; x_wconf 88' lang='lat' dir='ltr'>Subditi</span> <span class='ocrx_word' id='word_1_611' title='bbox 1097 2969 1131 2999; x_wconf 87' lang='lat'>&amp;</span> <span class='ocrx_word' id='word_1_612' title='bbox 1148 2968 1256 3000; x_wconf 78' lang='lat' dir='ltr'>Vaffalli</span> <span class='ocrx_word' id='word_1_613' title='bbox 1270 2981 1301 2999; x_wconf 94' lang='lat' dir='ltr'>u-</span> 
     </span>
     <span class='ocr_line' id='line_1_73' title="bbox 247 3006 1303 3048; baseline -0.005 -5"><span class='ocrx_word' id='word_1_614' title='bbox 247 3013 312 3043; x_wconf 85' lang='lat' dir='ltr'>nius</span> <span class='ocrx_word' id='word_1_615' title='bbox 332 3013 365 3042; x_wconf 89' lang='lat'>&amp;</span> <span class='ocrx_word' id='word_1_616' title='bbox 385 3012 493 3042; x_wconf 80' lang='lat' dir='ltr'>alterius</span> <span class='ocrx_word' id='word_1_617' title='bbox 521 3009 608 3048; x_wconf 85' lang='lat' dir='ltr'>Regis</span> <span class='ocrx_word' id='word_1_618' title='bbox 628 3008 732 3045; x_wconf 79' lang='lat' dir='ltr'>possint</span> <span class='ocrx_word' id='word_1_619' title='bbox 754 3009 786 3038; x_wconf 92' lang='lat'><strong>&amp;</strong></span> <span class='ocrx_word' id='word_1_620' title='bbox 808 3008 914 3038; x_wconf 87' lang='lat' dir='ltr'>valeant</span> <span class='ocrx_word' id='word_1_621' title='bbox 936 3006 970 3036; x_wconf 89' lang='lat' dir='ltr'>ad</span> <span class='ocrx_word' id='word_1_622' title='bbox 992 3006 1093 3045; x_wconf 82' lang='lat' dir='ltr'>Regna</span> <span class='ocrx_word' id='word_1_623' title='bbox 1114 3007 1147 3037; x_wconf 88' lang='lat'>&amp;</span> <span class='ocrx_word' id='word_1_624' title='bbox 1163 3007 1303 3039; x_wconf 84' lang='lat' dir='ltr'>Dominia</span> 
     </span>
     <span class='ocr_line' id='line_1_74' title="bbox 248 3044 1305 3090; baseline -0.004 -10"><span class='ocrx_word' id='word_1_625' title='bbox 248 3050 399 3090; x_wconf 51' lang='lat' dir='ltr'>praedicta,</span> <span class='ocrx_word' id='word_1_626' title='bbox 414 3058 569 3086; x_wconf 81' lang='lat' dir='ltr'>eorumque</span> <span class='ocrx_word' id='word_1_627' title='bbox 589 3048 722 3077; x_wconf 88' lang='lat' dir='ltr'>omnium</span> <span class='ocrx_word' id='word_1_628' title='bbox 737 3045 873 3076; x_wconf 56' lang='lat' dir='ltr'>Civitate„⁴</span> <span class='ocrx_word' id='word_1_629' title='bbox 887 3045 1002 3083; x_wconf 80' lang='lat' dir='ltr'>Oppida</span> <span class='ocrx_word' id='word_1_630' title='bbox 1019 3044 1121 3075; x_wconf 84' lang='lat' dir='ltr'>Portus</span> <span class='ocrx_word' id='word_1_631' title='bbox 1136 3045 1245 3076; x_wconf 87' lang='lat' dir='ltr'>Littora</span> <span class='ocrx_word' id='word_1_632' title='bbox 1261 3048 1305 3077; x_wconf 82' lang='lat' dir='ltr'>Si-</span> 
     </span>
     <span class='ocr_line' id='line_1_75' title="bbox 249 3083 1305 3124; baseline -0.004 -5"><span class='ocrx_word' id='word_1_633' title='bbox 249 3099 302 3119; x_wconf 87' lang='lat' dir='ltr'>nus</span> <span class='ocrx_word' id='word_1_634' title='bbox 315 3098 347 3119; x_wconf 90' lang='lat' dir='ltr'>ac</span> <span class='ocrx_word' id='word_1_635' title='bbox 362 3087 531 3124; x_wconf 72' lang='lat' dir='ltr'>Distri&lt;ftus,</span> <span class='ocrx_word' id='word_1_636' title='bbox 545 3085 677 3116; x_wconf 85' lang='lat' dir='ltr'>accedere</span> <span class='ocrx_word' id='word_1_637' title='bbox 692 3086 794 3114; x_wconf 88' lang='lat' dir='ltr'>intrare</span> <span class='ocrx_word' id='word_1_638' title='bbox 809 3085 994 3122; x_wconf 84' lang='lat' dir='ltr'>navigare,&amp;</span> <span class='ocrx_word' id='word_1_639' title='bbox 1007 3083 1189 3122; x_wconf 88' lang='lat' dir='ltr'>quoscunque</span> <span class='ocrx_word' id='word_1_640' title='bbox 1203 3084 1305 3116; x_wconf 90' lang='lat' dir='ltr'>Portus</span> 
     </span>
     <span class='ocr_line' id='line_1_76' title="bbox 250 3122 1305 3164; baseline -0.003 -7"><span class='ocrx_word' id='word_1_641' title='bbox 250 3128 361 3164; x_wconf 89' lang='lat' dir='ltr'>subire,</span> <span class='ocrx_word' id='word_1_642' title='bbox 379 3127 406 3155; x_wconf 92' lang='lat' dir='ltr'>in</span> <span class='ocrx_word' id='word_1_643' title='bbox 427 3126 528 3162; x_wconf 85' lang='lat' dir='ltr'>quibus</span> <span class='ocrx_word' id='word_1_644' title='bbox 548 3133 612 3154; x_wconf 84' lang='lat' dir='ltr'>ante</span> <span class='ocrx_word' id='word_1_645' title='bbox 629 3123 736 3153; x_wconf 86' lang='lat' dir='ltr'>Bellum</span> <span class='ocrx_word' id='word_1_646' title='bbox 752 3122 805 3152; x_wconf 84' lang='lat' dir='ltr'>fuit</span> <span class='ocrx_word' id='word_1_647' title='bbox 820 3122 1063 3159; x_wconf 87' lang='lat' dir='ltr'>Commercium,</span> <span class='ocrx_word' id='word_1_648' title='bbox 1082 3123 1114 3152; x_wconf 86' lang='lat'>&amp;</span> <span class='ocrx_word' id='word_1_649' title='bbox 1127 3123 1203 3160; x_wconf 70' lang='lat' dir='ltr'>juxta</span> <span class='ocrx_word' id='word_1_650' title='bbox 1220 3123 1251 3153; x_wconf 87' lang='lat'>&amp;</span> <span class='ocrx_word' id='word_1_651' title='bbox 1265 3124 1305 3154; x_wconf 87' lang='lat' dir='ltr'>se-</span> 
     </span>
     <span class='ocr_line' id='line_1_77' title="bbox 249 3160 1304 3198; baseline -0.005 -2"><span class='ocrx_word' id='word_1_652' title='bbox 249 3166 382 3197; x_wconf 73' lang='lat' dir='ltr'>cundum</span> <span class='ocrx_word' id='word_1_653' title='bbox 405 3164 484 3194; x_wconf 90' lang='lat' dir='ltr'>usum</span> <span class='ocrx_word' id='word_1_654' title='bbox 506 3164 539 3193; x_wconf 92' lang='lat'>&amp;</span> <span class='ocrx_word' id='word_1_655' title='bbox 554 3162 759 3193; x_wconf 85' lang='lat' dir='ltr'>observantiam</span> <span class='ocrx_word' id='word_1_656' title='bbox 775 3162 953 3198; x_wconf 90' lang='lat' dir='ltr'>antiquorum</span> <span class='ocrx_word' id='word_1_657' title='bbox 970 3160 992 3189; x_wconf 83' lang='lat' dir='ltr'>F</span> <span class='ocrx_word' id='word_1_658' title='bbox 993 3160 1123 3190; x_wconf 86' lang='lat' dir='ltr'>cederum</span> <span class='ocrx_word' id='word_1_659' title='bbox 1137 3162 1170 3190; x_wconf 86' lang='lat'>&amp;</span> <span class='ocrx_word' id='word_1_660' title='bbox 1184 3161 1304 3192; x_wconf 61' lang='lat' dir='ltr'>Tracta-</span> 
     </span>
     <span class='ocr_line' id='line_1_78' title="bbox 251 3197 1304 3239; baseline -0.004 -4"><span class='ocrx_word' id='word_1_661' title='bbox 251 3213 333 3236; x_wconf 89' lang='lat' dir='ltr'>tuum</span> <span class='ocrx_word' id='word_1_662' title='bbox 359 3212 424 3233; x_wconf 88' lang='lat' dir='ltr'>ante</span> <span class='ocrx_word' id='word_1_663' title='bbox 443 3202 570 3239; x_wconf 89' lang='lat' dir='ltr'>Bellum,</span> <span class='ocrx_word' id='word_1_664' title='bbox 586 3210 653 3231; x_wconf 92' lang='lat' dir='ltr'>cum</span> <span class='ocrx_word' id='word_1_665' title='bbox 674 3198 801 3230; x_wconf 88' lang='lat' dir='ltr'>Plaustris</span> <span class='ocrx_word' id='word_1_666' title='bbox 822 3198 910 3237; x_wconf 86' lang='lat' dir='ltr'>Equis</span> <span class='ocrx_word' id='word_1_667' title='bbox 930 3197 1079 3228; x_wconf 84' lang='lat' dir='ltr'>Sarcinulis</span> <span class='ocrx_word' id='word_1_668' title='bbox 1098 3197 1228 3237; x_wconf 80' lang='lat' dir='ltr'>Navigiis</span> <span class='ocrx_word' id='word_1_669' title='bbox 1244 3209 1304 3230; x_wconf 85' lang='lat' dir='ltr'>tam</span> 
     </span>
     <span class='ocr_line' id='line_1_79' title="bbox 251 3235 1305 3280; baseline -0.005 -7"><span class='ocrx_word' id='word_1_670' title='bbox 251 3242 360 3274; x_wconf 87' lang='lat' dir='ltr'>onustis</span> <span class='ocrx_word' id='word_1_671' title='bbox 372 3243 457 3280; x_wconf 71' lang='lat' dir='ltr'>quarn</span> <span class='ocrx_word' id='word_1_672' title='bbox 469 3239 636 3277; x_wconf 71' lang='lat' dir='ltr'>onerandis,</span> <span class='ocrx_word' id='word_1_673' title='bbox 658 3238 771 3269; x_wconf 85' lang='lat' dir='ltr'>Merces</span> <span class='ocrx_word' id='word_1_674' title='bbox 785 3239 936 3275; x_wconf 86' lang='lat' dir='ltr'>importare</span> <span class='ocrx_word' id='word_1_675' title='bbox 949 3247 1043 3267; x_wconf 89' lang='lat' dir='ltr'>emere</span> <span class='ocrx_word' id='word_1_676' title='bbox 1058 3235 1192 3276; x_wconf 82' lang='lat' dir='ltr'>vendere,</span> <span class='ocrx_word' id='word_1_677' title='bbox 1211 3240 1239 3268; x_wconf 90' lang='lat' dir='ltr'>in</span> <span class='ocrx_word' id='word_1_678' title='bbox 1254 3238 1305 3268; x_wconf 89' lang='lat' dir='ltr'>eis-</span> 
     </span>
     <span class='ocr_line' id='line_1_80' title="bbox 251 3273 1306 3318; baseline -0.005 -6"><span class='ocrx_word' id='word_1_679' title='bbox 251 3282 335 3318; x_wconf 90' lang='lat' dir='ltr'>dern,</span> <span class='ocrx_word' id='word_1_680' title='bbox 345 3289 482 3318; x_wconf 85' lang='lat' dir='ltr'>quantum</span> <span class='ocrx_word' id='word_1_681' title='bbox 496 3279 636 3308; x_wconf 86' lang='lat' dir='ltr'>voluerint</span> <span class='ocrx_word' id='word_1_682' title='bbox 651 3275 996 3313; x_wconf 84' lang='lat' dir='ltr'>Commeatum,Resque</span> <span class='ocrx_word' id='word_1_683' title='bbox 1010 3274 1044 3305; x_wconf 87' lang='lat' dir='ltr'>ad</span> <span class='ocrx_word' id='word_1_684' title='bbox 1059 3273 1178 3306; x_wconf 69' lang='lat' dir='ltr'>vietum</span> <span class='ocrx_word' id='word_1_685' title='bbox 1193 3277 1306 3307; x_wconf 89' lang='lat' dir='ltr'>&amp;Pro-</span> 
     </span>
     <span class='ocr_line' id='line_1_81' title="bbox 253 3312 1304 3355; baseline -0.005 -5"><span class='ocrx_word' id='word_1_686' title='bbox 253 3320 412 3351; x_wconf 63' lang='lat' dir='ltr'>fectionem</span> <span class='ocrx_word' id='word_1_687' title='bbox 432 3317 609 3355; x_wconf 84' lang='lat' dir='ltr'>necessarias,</span> <span class='ocrx_word' id='word_1_688' title='bbox 623 3315 700 3354; x_wconf 85' lang='lat' dir='ltr'>justo</span> <span class='ocrx_word' id='word_1_689' title='bbox 713 3314 808 3346; x_wconf 87' lang='lat' dir='ltr'>Pretio</span> <span class='ocrx_word' id='word_1_690' title='bbox 824 3314 874 3344; x_wconf 88' lang='lat' dir='ltr'>sibi</span> <span class='ocrx_word' id='word_1_691' title='bbox 886 3312 1032 3351; x_wconf 83' lang='lat' dir='ltr'>assumere,</span> <span class='ocrx_word' id='word_1_692' title='bbox 1049 3312 1226 3344; x_wconf 86' lang='lat' dir='ltr'>restaurandis</span> <span class='ocrx_word' id='word_1_693' title='bbox 1241 3314 1304 3345; x_wconf 91' lang='lat' dir='ltr'>Na-</span> 
     </span>
     <span class='ocr_line' id='line_1_82' title="bbox 255 3351 1305 3395; baseline -0.004 -7"><span class='ocrx_word' id='word_1_694' title='bbox 255 3359 336 3395; x_wconf 81' lang='lat' dir='ltr'>vigiis</span> <span class='ocrx_word' id='word_1_695' title='bbox 358 3359 391 3388; x_wconf 89' lang='lat'>&amp;</span> <span class='ocrx_word' id='word_1_696' title='bbox 406 3356 551 3387; x_wconf 84' lang='lat' dir='ltr'>Vehiculis</span> <span class='ocrx_word' id='word_1_697' title='bbox 569 3355 685 3393; x_wconf 81' lang='lat' dir='ltr'>propriis</span> <span class='ocrx_word' id='word_1_698' title='bbox 701 3353 745 3384; x_wconf 93' lang='lat' dir='ltr'>vel</span> <span class='ocrx_word' id='word_1_699' title='bbox 760 3352 909 3384; x_wconf 59' lang='lat' dir='ltr'>conductis</span> <span class='ocrx_word' id='word_1_700' title='bbox 923 3360 969 3382; x_wconf 90' lang='lat' dir='ltr'>aut</span> <span class='ocrx_word' id='word_1_701' title='bbox 984 3351 1176 3383; x_wconf 87' lang='lat' dir='ltr'>commodatis</span> <span class='ocrx_word' id='word_1_702' title='bbox 1187 3363 1305 3390; x_wconf 85' lang='lat' dir='ltr'>operam</span> 
     </span>
     <span class='ocr_line' id='line_1_83' title="bbox 254 3389 1308 3434; baseline -0.003 -9"><span class='ocrx_word' id='word_1_703' title='bbox 254 3396 335 3434; x_wconf 87' lang='lat' dir='ltr'>dare,</span> <span class='ocrx_word' id='word_1_704' title='bbox 353 3396 428 3426; x_wconf 89' lang='lat' dir='ltr'>illinc</span> <span class='ocrx_word' id='word_1_705' title='bbox 445 3404 514 3426; x_wconf 88' lang='lat' dir='ltr'>cum</span> <span class='ocrx_word' id='word_1_706' title='bbox 536 3392 685 3424; x_wconf 89' lang='lat' dir='ltr'>Mercibus</span> <span class='ocrx_word' id='word_1_707' title='bbox 702 3391 788 3422; x_wconf 87' lang='lat' dir='ltr'>Bonis</span> <span class='ocrx_word' id='word_1_708' title='bbox 800 3401 833 3422; x_wconf 91' lang='lat' dir='ltr'>ac</span> <span class='ocrx_word' id='word_1_709' title='bbox 851 3390 952 3421; x_wconf 88' lang='lat' dir='ltr'>Rebus</span> <span class='ocrx_word' id='word_1_710' title='bbox 965 3389 1196 3428; x_wconf 85' lang='lat' dir='ltr'>quibuscunque,</span> <span class='ocrx_word' id='word_1_711' title='bbox 1213 3392 1308 3423; x_wconf 88' lang='lat' dir='ltr'>solutis</span> 
     </span>
     <span class='ocr_line' id='line_1_84' title="bbox 253 3428 1307 3471; baseline -0.003 -7"><span class='ocrx_word' id='word_1_712' title='bbox 253 3434 330 3471; x_wconf 84' lang='lat' dir='ltr'>juxta</span> <span class='ocrx_word' id='word_1_713' title='bbox 352 3434 500 3465; x_wconf 87' lang='lat' dir='ltr'>Locorum</span> <span class='ocrx_word' id='word_1_714' title='bbox 520 3432 628 3463; x_wconf 82' lang='lat' dir='ltr'>Statura</span> <span class='ocrx_word' id='word_1_715' title='bbox 649 3430 777 3461; x_wconf 88' lang='lat' dir='ltr'>Teloniis</span> <span class='ocrx_word' id='word_1_716' title='bbox 794 3439 827 3460; x_wconf 90' lang='lat' dir='ltr'>ac</span> <span class='ocrx_word' id='word_1_717' title='bbox 840 3428 1033 3467; x_wconf 63' lang='lat' dir='ltr'>Veffitigalibus</span> <span class='ocrx_word' id='word_1_718' title='bbox 1048 3428 1227 3466; x_wconf 86' lang='lat' dir='ltr'>praesentibus</span> <span class='ocrx_word' id='word_1_719' title='bbox 1245 3439 1307 3461; x_wconf 90' lang='lat' dir='ltr'>tan-</span> 
     </span>
     <span class='ocr_line' id='line_1_85' title="bbox 257 3465 1307 3510; baseline -0.002 -8"><span class='ocrx_word' id='word_1_720' title='bbox 257 3472 322 3502; x_wconf 81' lang='lat' dir='ltr'>tum</span> <span class='ocrx_word' id='word_1_721' title='bbox 333 3495 342 3510; x_wconf 89' lang='lat'>,</span> <span class='ocrx_word' id='word_1_722' title='bbox 356 3473 453 3502; x_wconf 83' lang='lat' dir='ltr'>eadem</span> <span class='ocrx_word' id='word_1_723' title='bbox 470 3472 610 3502; x_wconf 82' lang='lat' dir='ltr'>Libertate</span> <span class='ocrx_word' id='word_1_724' title='bbox 624 3468 770 3507; x_wconf 87' lang='lat' dir='ltr'>recedere,</span> <span class='ocrx_word' id='word_1_725' title='bbox 788 3467 907 3507; x_wconf 86' lang='lat' dir='ltr'>indeque</span> <span class='ocrx_word' id='word_1_726' title='bbox 918 3467 952 3497; x_wconf 88' lang='lat' dir='ltr'>ad</span> <span class='ocrx_word' id='word_1_727' title='bbox 967 3465 1071 3498; x_wconf 86' lang='lat' dir='ltr'>Patrias</span> <span class='ocrx_word' id='word_1_728' title='bbox 1083 3469 1207 3505; x_wconf 88' lang='lat' dir='ltr'>proprias</span> <span class='ocrx_word' id='word_1_729' title='bbox 1218 3469 1264 3500; x_wconf 92' lang='lat' dir='ltr'>vel</span> <span class='ocrx_word' id='word_1_730' title='bbox 1279 3480 1307 3500; x_wconf 87' lang='lat' dir='ltr'>a·</span> 
     </span>
     <span class='ocr_line' id='line_1_86' title="bbox 256 3506 1205 3547; baseline -0.004 -7"><span class='ocrx_word' id='word_1_731' title='bbox 256 3510 341 3540; x_wconf 84' lang='lat' dir='ltr'>lienas</span> <span class='ocrx_word' id='word_1_732' title='bbox 353 3511 613 3547; x_wconf 84' lang='lat' dir='ltr'>quomodocunque</span> <span class='ocrx_word' id='word_1_733' title='bbox 627 3508 715 3539; x_wconf 91' lang='lat' dir='ltr'>velint</span> <span class='ocrx_word' id='word_1_734' title='bbox 730 3508 763 3538; x_wconf 89' lang='lat'>&amp;</span> <span class='ocrx_word' id='word_1_735' title='bbox 776 3507 833 3538; x_wconf 85' lang='lat' dir='ltr'>fine</span> <span class='ocrx_word' id='word_1_736' title='bbox 846 3506 1053 3544; x_wconf 86' lang='lat' dir='ltr'>impedimento</span> <span class='ocrx_word' id='word_1_737' title='bbox 1067 3506 1205 3537; x_wconf 87' lang='lat' dir='ltr'>recedere.</span> 
     </span>
    </p>

    <p class='ocr_par' dir='ltr' id='par_1_13' title="bbox 259 3544 1318 4083">
     <span class='ocr_line' id='line_1_87' title="bbox 296 3544 1308 3585; baseline 0 -9"><span class='ocrx_word' id='word_1_738' title='bbox 296 3546 344 3577; x_wconf 81' lang='grc' dir='ltr'>Ιτ</span> <span class='ocrx_word' id='word_1_739' title='bbox 356 3556 373 3576; x_wconf 80' lang='lat' dir='ltr'>E</span> <span class='ocrx_word' id='word_1_740' title='bbox 384 3557 410 3577; x_wconf 87' lang='lat' dir='ltr'>M</span> <span class='ocrx_word' id='word_1_741' title='bbox 420 3571 429 3585; x_wconf 93' lang='lat'>,</span> <span class='ocrx_word' id='word_1_742' title='bbox 448 3548 639 3579; x_wconf 86' lang='lat' dir='ltr'>Conventum</span> <span class='ocrx_word' id='word_1_743' title='bbox 658 3556 692 3577; x_wconf 88' lang='lat' dir='ltr'>ac</span> <span class='ocrx_word' id='word_1_744' title='bbox 708 3546 809 3585; x_wconf 87' lang='lat' dir='ltr'>pariter</span> <span class='ocrx_word' id='word_1_745' title='bbox 825 3544 978 3575; x_wconf 87' lang='lat' dir='ltr'>stabilitum</span> <span class='ocrx_word' id='word_1_746' title='bbox 992 3544 1045 3575; x_wconf 88' lang='lat' dir='ltr'>fuit</span> <span class='ocrx_word' id='word_1_747' title='bbox 1060 3545 1093 3575; x_wconf 91' lang='lat'>&amp;</span> <span class='ocrx_word' id='word_1_748' title='bbox 1105 3544 1163 3582; x_wconf 89' lang='lat' dir='ltr'>est,</span> <span class='ocrx_word' id='word_1_749' title='bbox 1183 3553 1214 3576; x_wconf 91' lang='lat' dir='ltr'>ut</span> <span class='ocrx_word' id='word_1_750' title='bbox 1229 3546 1308 3577; x_wconf 84' lang='lat' dir='ltr'>liceat</span> 
     </span>
     <span class='ocr_line' id='line_1_88' title="bbox 259 3583 1309 3624; baseline 0.001 -9"><span class='ocrx_word' id='word_1_751' title='bbox 259 3584 295 3615; x_wconf 86' lang='lat' dir='ltr'>ad</span> <span class='ocrx_word' id='word_1_752' title='bbox 309 3584 450 3616; x_wconf 64' lang='lat' dir='ltr'>dictorum</span> <span class='ocrx_word' id='word_1_753' title='bbox 465 3586 633 3624; x_wconf 88' lang='lat' dir='ltr'>Principum</span> <span class='ocrx_word' id='word_1_754' title='bbox 647 3583 750 3615; x_wconf 89' lang='lat' dir='ltr'>Portus</span> <span class='ocrx_word' id='word_1_755' title='bbox 760 3583 895 3615; x_wconf 88' lang='lat' dir='ltr'>accedere</span> <span class='ocrx_word' id='word_1_756' title='bbox 909 3584 1012 3614; x_wconf 87' lang='lat' dir='ltr'>morari</span> <span class='ocrx_word' id='word_1_757' title='bbox 1032 3592 1066 3614; x_wconf 87' lang='lat' dir='ltr'>ac</span> <span class='ocrx_word' id='word_1_758' title='bbox 1083 3583 1171 3614; x_wconf 88' lang='lat' dir='ltr'>redire</span> <span class='ocrx_word' id='word_1_759' title='bbox 1185 3594 1252 3615; x_wconf 89' lang='lat' dir='ltr'>cum</span> <span class='ocrx_word' id='word_1_760' title='bbox 1265 3595 1309 3616; x_wconf 80' lang='lat' dir='ltr'>ea-</span> 
     </span>
     <span class='ocr_line' id='line_1_89' title="bbox 261 3621 1310 3662; baseline -0.001 -8"><span class='ocrx_word' id='word_1_761' title='bbox 261 3623 332 3654; x_wconf 89' lang='lat' dir='ltr'>dem</span> <span class='ocrx_word' id='word_1_762' title='bbox 353 3622 510 3662; x_wconf 84' lang='lat' dir='ltr'>Libertate,</span> <span class='ocrx_word' id='word_1_763' title='bbox 528 3625 632 3655; x_wconf 91' lang='lat' dir='ltr'>nedum</span> <span class='ocrx_word' id='word_1_764' title='bbox 656 3633 726 3654; x_wconf 88' lang='lat' dir='ltr'>cum</span> <span class='ocrx_word' id='word_1_765' title='bbox 748 3622 880 3653; x_wconf 82' lang='lat' dir='ltr'>Navibus</span> <span class='ocrx_word' id='word_1_766' title='bbox 900 3621 935 3651; x_wconf 90' lang='lat' dir='ltr'>ad</span> <span class='ocrx_word' id='word_1_767' title='bbox 954 3621 1051 3652; x_wconf 89' lang='lat' dir='ltr'>Usum</span> <span class='ocrx_word' id='word_1_768' title='bbox 1073 3621 1253 3654; x_wconf 87' lang='lat' dir='ltr'>Commercii</span> <span class='ocrx_word' id='word_1_769' title='bbox 1277 3625 1310 3655; x_wconf 91' lang='lat'>&amp;</span> 
     </span>
     <span class='ocr_line' id='line_1_90' title="bbox 265 3659 1311 3704; baseline -0.001 -12"><span class='ocrx_word' id='word_1_770' title='bbox 265 3661 413 3704; x_wconf 78' lang='lat' dir='ltr'>Mercium</span> <span class='ocrx_word' id='word_1_771' title='bbox 434 3663 702 3700; x_wconf 83' lang='lat' dir='ltr'>convehendarum,</span> <span class='ocrx_word' id='word_1_772' title='bbox 719 3661 764 3692; x_wconf 92' lang='lat' dir='ltr'>sed</span> <span class='ocrx_word' id='word_1_773' title='bbox 785 3662 869 3691; x_wconf 91' lang='lat' dir='ltr'>etiam</span> <span class='ocrx_word' id='word_1_774' title='bbox 888 3669 953 3690; x_wconf 89' lang='lat' dir='ltr'>cum</span> <span class='ocrx_word' id='word_1_775' title='bbox 974 3660 1032 3690; x_wconf 90' lang='lat' dir='ltr'>aliis</span> <span class='ocrx_word' id='word_1_776' title='bbox 1052 3659 1104 3690; x_wconf 89' lang='lat' dir='ltr'>suis</span> <span class='ocrx_word' id='word_1_777' title='bbox 1121 3660 1254 3699; x_wconf 88' lang='lat' dir='ltr'>Navigiis</span> <span class='ocrx_word' id='word_1_778' title='bbox 1266 3671 1311 3691; x_wconf 89' lang='lat' dir='ltr'>ar-</span> 
     </span>
     <span class='ocr_line' id='line_1_91' title="bbox 265 3698 1311 3740; baseline 0.002 -12"><span class='ocrx_word' id='word_1_779' title='bbox 265 3708 345 3729; x_wconf 86' lang='lat' dir='ltr'>matis</span> <span class='ocrx_word' id='word_1_780' title='bbox 364 3699 397 3728; x_wconf 89' lang='lat' dir='ltr'>ad</span> <span class='ocrx_word' id='word_1_781' title='bbox 414 3699 535 3740; x_wconf 75' lang='lat' dir='ltr'>hostium</span> <span class='ocrx_word' id='word_1_782' title='bbox 549 3703 666 3738; x_wconf 90' lang='lat' dir='ltr'>impetus</span> <span class='ocrx_word' id='word_1_783' title='bbox 681 3700 860 3730; x_wconf 81' lang='lat' dir='ltr'>cohibendos</span> <span class='ocrx_word' id='word_1_784' title='bbox 874 3699 987 3738; x_wconf 81' lang='lat' dir='ltr'>paratis,</span> <span class='ocrx_word' id='word_1_785' title='bbox 1004 3699 1061 3728; x_wconf 87' lang='lat' dir='ltr'>sive</span> <span class='ocrx_word' id='word_1_786' title='bbox 1077 3700 1104 3730; x_wconf 91' lang='lat' dir='ltr'>vi</span> <span class='ocrx_word' id='word_1_787' title='bbox 1119 3698 1311 3737; x_wconf 86' lang='lat' dir='ltr'>Tempestatis</span> 
     </span>
     <span class='ocr_line' id='line_1_92' title="bbox 265 3736 1313 3780; baseline 0 -12"><span class='ocrx_word' id='word_1_788' title='bbox 265 3737 419 3774; x_wconf 89' lang='lat' dir='ltr'>apulerint,</span> <span class='ocrx_word' id='word_1_789' title='bbox 438 3739 541 3780; x_wconf 39' lang='lat' dir='ltr'>{ive-ad</span> <span class='ocrx_word' id='word_1_790' title='bbox 566 3739 725 3769; x_wconf 79' lang='lat' dir='ltr'>reficiendas</span> <span class='ocrx_word' id='word_1_791' title='bbox 747 3738 861 3776; x_wconf 85' lang='lat' dir='ltr'>Naves,</span> <span class='ocrx_word' id='word_1_792' title='bbox 881 3738 925 3768; x_wconf 90' lang='lat' dir='ltr'>vel</span> <span class='ocrx_word' id='word_1_793' title='bbox 940 3736 973 3766; x_wconf 90' lang='lat' dir='ltr'>ad</span> <span class='ocrx_word' id='word_1_794' title='bbox 987 3738 1141 3768; x_wconf 87' lang='lat' dir='ltr'>emendum</span> <span class='ocrx_word' id='word_1_795' title='bbox 1156 3737 1313 3768; x_wconf 89' lang='lat' dir='ltr'>Commea-</span> 
     </span>
     <span class='ocr_line' id='line_1_93' title="bbox 266 3774 1313 3818; baseline 0.002 -13"><span class='ocrx_word' id='word_1_796' title='bbox 266 3783 347 3818; x_wconf 83' lang='lat' dir='ltr'>tum,</span> <span class='ocrx_word' id='word_1_797' title='bbox 366 3774 475 3811; x_wconf 78' lang='lat' dir='ltr'>modo,</span> <span class='ocrx_word' id='word_1_798' title='bbox 491 3779 508 3804; x_wconf 78' lang='lat' dir='ltr'>ii</span> <span class='ocrx_word' id='word_1_799' title='bbox 527 3777 623 3813; x_wconf 78' lang='lat' dir='ltr'>sponte</span> <span class='ocrx_word' id='word_1_800' title='bbox 643 3776 828 3814; x_wconf 75' lang='lat' dir='ltr'>accesserint,</span> <span class='ocrx_word' id='word_1_801' title='bbox 845 3785 995 3807; x_wconf 87' lang='lat' dir='ltr'>numerum</span> <span class='ocrx_word' id='word_1_802' title='bbox 1015 3775 1060 3805; x_wconf 83' lang='lat' dir='ltr'>sex</span> <span class='ocrx_word' id='word_1_803' title='bbox 1082 3776 1130 3808; x_wconf 93' lang='lat' dir='ltr'>vel</span> <span class='ocrx_word' id='word_1_804' title='bbox 1150 3777 1222 3807; x_wconf 66' lang='lat' dir='ltr'>ocio</span> <span class='ocrx_word' id='word_1_805' title='bbox 1248 3776 1313 3807; x_wconf 88' lang='lat' dir='ltr'>Na-</span> 
     </span>
     <span class='ocr_line' id='line_1_94' title="bbox 267 3813 1312 3852; baseline 0.001 -9"><span class='ocrx_word' id='word_1_806' title='bbox 267 3822 349 3843; x_wconf 82' lang='lat' dir='ltr'>vium</span> <span class='ocrx_word' id='word_1_807' title='bbox 370 3823 431 3843; x_wconf 91' lang='lat' dir='ltr'>non</span> <span class='ocrx_word' id='word_1_808' title='bbox 452 3815 604 3851; x_wconf 83' lang='lat' dir='ltr'>excedant,</span> <span class='ocrx_word' id='word_1_809' title='bbox 623 3825 676 3845; x_wconf 90' lang='lat' dir='ltr'>nec</span> <span class='ocrx_word' id='word_1_810' title='bbox 690 3815 813 3852; x_wconf 78' lang='lat' dir='ltr'>diutius,</span> <span class='ocrx_word' id='word_1_811' title='bbox 827 3815 871 3845; x_wconf 92' lang='lat' dir='ltr'>vel</span> <span class='ocrx_word' id='word_1_812' title='bbox 885 3816 914 3844; x_wconf 90' lang='lat' dir='ltr'>in</span> <span class='ocrx_word' id='word_1_813' title='bbox 934 3813 1070 3844; x_wconf 85' lang='lat' dir='ltr'>Portubus</span> <span class='ocrx_word' id='word_1_814' title='bbox 1086 3814 1130 3844; x_wconf 89' lang='lat' dir='ltr'>vel</span> <span class='ocrx_word' id='word_1_815' title='bbox 1147 3816 1225 3846; x_wconf 89' lang='lat' dir='ltr'>circa</span> <span class='ocrx_word' id='word_1_816' title='bbox 1241 3816 1312 3846; x_wconf 92' lang='lat' dir='ltr'>Por-</span> 
     </span>
     <span class='ocr_line' id='line_1_95' title="bbox 266 3851 1314 3894; baseline 0.002 -12"><span class='ocrx_word' id='word_1_817' title='bbox 266 3859 327 3885; x_wconf 85' lang='lat' dir='ltr'>tus,</span> <span class='ocrx_word' id='word_1_818' title='bbox 345 3851 465 3894; x_wconf 44' lang='lat' dir='ltr'>haereant</span> <span class='ocrx_word' id='word_1_819' title='bbox 481 3853 524 3881; x_wconf 85' lang='lat' dir='ltr'>vel</span> <span class='ocrx_word' id='word_1_820' title='bbox 537 3853 688 3891; x_wconf 76' lang='lat' dir='ltr'>persistant,</span> <span class='ocrx_word' id='word_1_821' title='bbox 707 3854 791 3890; x_wconf 71' lang='lat' dir='ltr'>quam</span> <span class='ocrx_word' id='word_1_822' title='bbox 805 3853 857 3882; x_wconf 90' lang='lat' dir='ltr'>illis</span> <span class='ocrx_word' id='word_1_823' title='bbox 867 3852 900 3883; x_wconf 90' lang='lat' dir='ltr'>ad</span> <span class='ocrx_word' id='word_1_824' title='bbox 916 3851 1118 3882; x_wconf 67' lang='lat' dir='ltr'>Refetstionem</span> <span class='ocrx_word' id='word_1_825' title='bbox 1135 3853 1168 3883; x_wconf 91' lang='lat'>&amp;</span> <span class='ocrx_word' id='word_1_826' title='bbox 1181 3854 1232 3883; x_wconf 91' lang='lat' dir='ltr'>alia</span> <span class='ocrx_word' id='word_1_827' title='bbox 1247 3854 1314 3884; x_wconf 88' lang='lat' dir='ltr'>Ne-</span> 
     </span>
     <span class='ocr_line' id='line_1_96' title="bbox 266 3889 1316 3932; baseline 0.003 -13"><span class='ocrx_word' id='word_1_828' title='bbox 266 3889 382 3932; x_wconf 71' lang='lat' dir='ltr'>cessaria</span> <span class='ocrx_word' id='word_1_829' title='bbox 395 3889 511 3932; x_wconf 82' lang='lat' dir='ltr'>paranda</span> <span class='ocrx_word' id='word_1_830' title='bbox 526 3891 607 3921; x_wconf 87' lang='lat' dir='ltr'>fuerit</span> <span class='ocrx_word' id='word_1_831' title='bbox 629 3891 754 3928; x_wconf 84' lang='lat' dir='ltr'>necefle,</span> <span class='ocrx_word' id='word_1_832' title='bbox 772 3892 808 3921; x_wconf 78' lang='lat' dir='ltr'>ne</span> <span class='ocrx_word' id='word_1_833' title='bbox 822 3890 1028 3927; x_wconf 89' lang='lat' dir='ltr'>impedimento</span> <span class='ocrx_word' id='word_1_834' title='bbox 1040 3891 1250 3928; x_wconf 88' lang='lat' dir='ltr'>quoquomodo</span> <span class='ocrx_word' id='word_1_835' title='bbox 1265 3893 1316 3923; x_wconf 85' lang='lat' dir='ltr'>sint</span> 
     </span>
     <span class='ocr_line' id='line_1_97' title="bbox 265 3927 1316 3970; baseline 0.004 -13"><span class='ocrx_word' id='word_1_836' title='bbox 265 3927 358 3970; x_wconf 84' lang='lat' dir='ltr'>libero</span> <span class='ocrx_word' id='word_1_837' title='bbox 371 3927 486 3957; x_wconf 85' lang='lat' dir='ltr'>aliarum</span> <span class='ocrx_word' id='word_1_838' title='bbox 501 3928 666 3958; x_wconf 79' lang='lat' dir='ltr'>Ainicarum</span> <span class='ocrx_word' id='word_1_839' title='bbox 680 3929 847 3959; x_wconf 87' lang='lat' dir='ltr'>Nationum</span> <span class='ocrx_word' id='word_1_840' title='bbox 864 3928 1031 3960; x_wconf 81' lang='lat' dir='ltr'>intercursui</span> <span class='ocrx_word' id='word_1_841' title='bbox 1046 3931 1079 3960; x_wconf 93' lang='lat'>&amp;</span> <span class='ocrx_word' id='word_1_842' title='bbox 1094 3929 1264 3960; x_wconf 87' lang='lat' dir='ltr'>Comercio:</span> <span class='ocrx_word' id='word_1_843' title='bbox 1284 3942 1316 3961; x_wconf 91' lang='lat' dir='ltr'>u-</span> 
     </span>
     <span class='ocr_line' id='line_1_98' title="bbox 268 3965 1315 4007; baseline 0.004 -12"><span class='ocrx_word' id='word_1_844' title='bbox 268 3966 299 3995; x_wconf 90' lang='lat' dir='ltr'>bi</span> <span class='ocrx_word' id='word_1_845' title='bbox 318 3974 412 4007; x_wconf 83' lang='lat' dir='ltr'>autem</span> <span class='ocrx_word' id='word_1_846' title='bbox 433 3965 587 4005; x_wconf 12' lang='lat' dir='ltr'>dctiiiajori</span> <span class='ocrx_word' id='word_1_847' title='bbox 613 3966 748 3996; x_wconf 90' lang='lat' dir='ltr'>Numero</span> <span class='ocrx_word' id='word_1_848' title='bbox 767 3967 898 3996; x_wconf 85' lang='lat' dir='ltr'>Navium</span> <span class='ocrx_word' id='word_1_849' title='bbox 919 3975 1087 3997; x_wconf 87' lang='lat' dir='ltr'>armatarum</span> <span class='ocrx_word' id='word_1_850' title='bbox 1108 3976 1219 4006; x_wconf 83' lang='lat' dir='ltr'>agatur,</span> <span class='ocrx_word' id='word_1_851' title='bbox 1244 3977 1315 4000; x_wconf 90' lang='lat' dir='ltr'>tunc</span> 
     </span>
     <span class='ocr_line' id='line_1_99' title="bbox 268 4002 1317 4046; baseline 0.005 -13"><span class='ocrx_word' id='word_1_852' title='bbox 268 4013 329 4046; x_wconf 82' lang='lat' dir='ltr'>non</span> <span class='ocrx_word' id='word_1_853' title='bbox 343 4002 393 4032; x_wconf 87' lang='lat' dir='ltr'>nisi</span> <span class='ocrx_word' id='word_1_854' title='bbox 409 4004 535 4045; x_wconf 78' lang='lat' dir='ltr'>coniulto</span> <span class='ocrx_word' id='word_1_855' title='bbox 549 4003 680 4041; x_wconf 83' lang='lat' dir='ltr'>Principe</span> <span class='ocrx_word' id='word_1_856' title='bbox 693 4005 775 4035; x_wconf 87' lang='lat' dir='ltr'>liceat</span> <span class='ocrx_word' id='word_1_857' title='bbox 787 4005 908 4043; x_wconf 86' lang='lat' dir='ltr'>ingredi,</span> <span class='ocrx_word' id='word_1_858' title='bbox 927 4005 1018 4034; x_wconf 82' lang='lat' dir='ltr'>modo</span> <span class='ocrx_word' id='word_1_859' title='bbox 1032 4006 1061 4034; x_wconf 85' lang='lat' dir='ltr'>in</span> <span class='ocrx_word' id='word_1_860' title='bbox 1077 4005 1158 4036; x_wconf 65' lang='lat' dir='ltr'>dietis</span> <span class='ocrx_word' id='word_1_861' title='bbox 1175 4006 1317 4038; x_wconf 88' lang='lat' dir='ltr'>Portubus</span> 
     </span>
     <span class='ocr_line' id='line_1_100' title="bbox 267 4041 1318 4083; baseline 0.004 -10"><span class='ocrx_word' id='word_1_862' title='bbox 267 4041 340 4073; x_wconf 84' lang='lat' dir='ltr'>nihil</span> <span class='ocrx_word' id='word_1_863' title='bbox 362 4041 501 4071; x_wconf 85' lang='lat' dir='ltr'>hostiliter</span> <span class='ocrx_word' id='word_1_864' title='bbox 525 4050 604 4077; x_wconf 61' lang='lat' dir='ltr'>agant</span> <span class='ocrx_word' id='word_1_865' title='bbox 626 4043 652 4071; x_wconf 91' lang='lat' dir='ltr'>in</span> <span class='ocrx_word' id='word_1_866' title='bbox 673 4044 866 4080; x_wconf 75' lang='lat' dir='ltr'>praejudicium</span> <span class='ocrx_word' id='word_1_867' title='bbox 887 4042 1008 4080; x_wconf 85' lang='lat' dir='ltr'>ipsorum</span> <span class='ocrx_word' id='word_1_868' title='bbox 1027 4042 1210 4083; x_wconf 77' lang='lat' dir='ltr'>Principum,</span> <span class='ocrx_word' id='word_1_869' title='bbox 1228 4044 1273 4076; x_wconf 91' lang='lat' dir='ltr'>sed</span> <span class='ocrx_word' id='word_1_870' title='bbox 1288 4055 1318 4077; x_wconf 91' lang='lat' dir='ltr'>ut</span> 
     </span>
    </p>
   </div>
   <div class='ocr_carea' id='block_1_10' title="bbox 706 145 1510 192">
    <p class='ocr_par' dir='ltr' id='par_1_14' title="bbox 706 145 1510 192">
     <span class='ocr_line' id='line_1_101' title="bbox 706 145 1510 192; baseline -0.007 -1"><span class='ocrx_word' id='word_1_871' title='bbox 706 145 1510 192; x_wconf 83' lang='lat' dir='ltr'>CONVENTIONES,</span> 
     </span>
    </p>
   </div>
   <div class='ocr_carea' id='block_1_11' title="bbox 178 232 1292 315">
    <p class='ocr_par' dir='ltr' id='par_1_15' title="bbox 178 232 1292 315">
     <span class='ocr_line' id='line_1_102' title="bbox 194 232 1292 277; baseline -0.013 -2"><span class='ocrx_word' id='word_1_872' title='bbox 194 267 200 274; x_wconf 91' lang='lat'><em>.</em></span> <span class='ocrx_word' id='word_1_873' title='bbox 222 244 268 275; x_wconf 86' lang='lat' dir='ltr'>vel</span> <span class='ocrx_word' id='word_1_874' title='bbox 289 241 454 277; x_wconf 68' lang='lat' dir='ltr'>TmClatui‚</span> <span class='ocrx_word' id='word_1_875' title='bbox 481 240 529 276; x_wconf 79' lang='lat' dir='ltr'>qui</span> <span class='ocrx_word' id='word_1_876' title='bbox 552 237 631 268; x_wconf 79' lang='lat' dir='ltr'>fieret</span> <span class='ocrx_word' id='word_1_877' title='bbox 652 235 696 266; x_wconf 90' lang='lat' dir='ltr'>vel</span> <span class='ocrx_word' id='word_1_878' title='bbox 720 235 781 267; x_wconf 83' lang='lat' dir='ltr'>fieri</span> <span class='ocrx_word' id='word_1_879' title='bbox 801 234 910 273; x_wconf 73' lang='lat' dir='ltr'>posset,</span> <span class='ocrx_word' id='word_1_880' title='bbox 928 236 957 266; x_wconf 92' lang='lat' dir='ltr'>in</span> <span class='ocrx_word' id='word_1_881' title='bbox 983 234 1184 274; x_wconf 80' lang='lat' dir='ltr'>praejudicium</span> <span class='ocrx_word' id='word_1_882' title='bbox 1208 232 1292 262; x_wconf 89' lang='lat' dir='ltr'>unius</span> 
     </span>
     <span class='ocr_line' id='line_1_103' title="bbox 178 274 843 315; baseline -0.012 -2"><span class='ocrx_word' id='word_1_883' title='bbox 178 307 184 313; x_wconf 96' lang='lat'>.</span> <span class='ocrx_word' id='word_1_884' title='bbox 223 293 325 315; x_wconf 89' lang='lat' dir='ltr'>contra</span> <span class='ocrx_word' id='word_1_885' title='bbox 341 282 427 312; x_wconf 87' lang='lat' dir='ltr'>alium</span> <span class='ocrx_word' id='word_1_886' title='bbox 445 276 602 309; x_wconf 87' lang='lat' dir='ltr'>corilentiet</span> <span class='ocrx_word' id='word_1_887' title='bbox 617 274 663 306; x_wconf 91' lang='lat' dir='ltr'>vel</span> <span class='ocrx_word' id='word_1_888' title='bbox 676 274 843 306; x_wconf 76' lang='lat' dir='ltr'>adhaerebit.</span> 
     </span>
    </p>
   </div>
   <div class='ocr_carea' id='block_1_12' title="bbox 1593 142 1993 195">
    <p class='ocr_par' dir='ltr' id='par_1_16' title="bbox 1593 142 1993 195">
     <span class='ocr_line' id='line_1_104' title="bbox 1593 142 1993 195; baseline -0.003 -11"><span class='ocrx_word' id='word_1_889' title='bbox 1593 142 1993 195; x_wconf 80' lang='lat' dir='ltr'>LiTERAE‚</span> 
     </span>
    </p>
   </div>
   <div class='ocr_carea' id='block_1_13' title="bbox 1332 225 2545 342">
    <p class='ocr_par' dir='ltr' id='par_1_17' title="bbox 1332 225 2545 342">
     <span class='ocr_line' id='line_1_105' title="bbox 1334 225 2545 268; baseline -0.002 -7"><span class='ocrx_word' id='word_1_890' title='bbox 1334 231 1433 262; x_wconf 83' lang='lat' dir='ltr'>Amici</span> <span class='ocrx_word' id='word_1_891' title='bbox 1449 232 1482 261; x_wconf 85' lang='lat'>&amp;</span> <span class='ocrx_word' id='word_1_892' title='bbox 1498 229 1700 261; x_wconf 82' lang='lat' dir='ltr'>Confoederati</span> <span class='ocrx_word' id='word_1_893' title='bbox 1715 229 1817 268; x_wconf 84' lang='lat' dir='ltr'>degant</span> <span class='ocrx_word' id='word_1_894' title='bbox 1835 229 1867 259; x_wconf 86' lang='lat'>&amp;</span> <span class='ocrx_word' id='word_1_895' title='bbox 1883 228 2105 267; x_wconf 66' lang='lat' dir='ltr'>conquiescant,</span> <span class='ocrx_word' id='word_1_896' title='bbox 2123 238 2159 259; x_wconf 91' lang='lat' dir='ltr'>eo</span> <span class='ocrx_word' id='word_1_897' title='bbox 2176 228 2287 265; x_wconf 81' lang='lat' dir='ltr'>semper</span> <span class='ocrx_word' id='word_1_898' title='bbox 2303 237 2397 267; x_wconf 81' lang='lat' dir='ltr'>cauto,</span> <span class='ocrx_word' id='word_1_899' title='bbox 2415 225 2490 256; x_wconf 82' lang='lat' dir='ltr'>Ann.</span> <span class='ocrx_word' id='word_1_900' title='bbox 2506 226 2545 266; x_wconf 76' lang='lat' dir='ltr'>D,</span> 
     </span>
     <span class='ocr_line' id='line_1_106' title="bbox 1332 265 2519 306; baseline -0.005 -6"><span class='ocrx_word' id='word_1_901' title='bbox 1332 273 1386 306; x_wconf 80' lang='lat' dir='ltr'>ne,</span> <span class='ocrx_word' id='word_1_902' title='bbox 1404 270 1455 299; x_wconf 89' lang='lat' dir='ltr'>sub</span> <span class='ocrx_word' id='word_1_903' title='bbox 1469 269 1567 299; x_wconf 87' lang='lat' dir='ltr'>colore</span> <span class='ocrx_word' id='word_1_904' title='bbox 1582 269 1615 299; x_wconf 85' lang='lat'>&amp;</span> <span class='ocrx_word' id='word_1_905' title='bbox 1634 276 1768 304; x_wconf 55' lang='lat' dir='ltr'>praetextu</span> <span class='ocrx_word' id='word_1_906' title='bbox 1784 265 1980 305; x_wconf 87' lang='lat' dir='ltr'>Commercii,</span> <span class='ocrx_word' id='word_1_907' title='bbox 1999 268 2110 298; x_wconf 74' lang='lat' dir='ltr'>Auxilia</span> <span class='ocrx_word' id='word_1_908' title='bbox 2125 268 2216 305; x_wconf 83' lang='lat' dir='ltr'>aliqua</span> <span class='ocrx_word' id='word_1_909' title='bbox 2230 268 2286 297; x_wconf 79' lang='lat' dir='ltr'>five</span> <span class='ocrx_word' id='word_1_910' title='bbox 2299 267 2393 297; x_wconf 88' lang='lat' dir='ltr'>Corn-</span> <span class='ocrx_word' id='word_1_911' title='bbox 2434 265 2519 304; x_wconf 88' lang='lat'>1604.</span> 
     </span>
     <span class='ocr_line' id='line_1_107' title="bbox 1333 302 2544 342; baseline -0.002 -5"><span class='ocrx_word' id='word_1_912' title='bbox 1333 316 1440 337; x_wconf 81' lang='lat' dir='ltr'>meatus</span> <span class='ocrx_word' id='word_1_913' title='bbox 1455 307 1510 336; x_wconf 82' lang='lat' dir='ltr'>sive</span> <span class='ocrx_word' id='word_1_914' title='bbox 1527 306 1685 336; x_wconf 83' lang='lat' dir='ltr'>Armorum</span> <span class='ocrx_word' id='word_1_915' title='bbox 1696 327 1704 342; x_wconf 83' lang='lat'>,</span> <span class='ocrx_word' id='word_1_916' title='bbox 1724 306 1782 334; x_wconf 87' lang='lat' dir='ltr'>sive</span> <span class='ocrx_word' id='word_1_917' title='bbox 1796 305 2058 336; x_wconf 74' lang='lat' dir='ltr'>instrumentorum</span> <span class='ocrx_word' id='word_1_918' title='bbox 2076 305 2254 342; x_wconf 84' lang='lat' dir='ltr'>bellicorum,</span> <span class='ocrx_word' id='word_1_919' title='bbox 2273 304 2328 336; x_wconf 86' lang='lat' dir='ltr'>sive</span> <span class='ocrx_word' id='word_1_920' title='bbox 2342 315 2394 336; x_wconf 87' lang='lat' dir='ltr'>cu·-</span> <span class='ocrx_word' id='word_1_921' title='bbox 2412 302 2503 341; x_wconf 69' lang='lat' dir='ltr'>2Jac.</span> <span class='ocrx_word' id='word_1_922' title='bbox 2521 315 2544 335; x_wconf 86' lang='lat' dir='ltr'>r.</span> 
     </span>
    </p>
   </div>
   <div class='ocr_carea' id='block_1_14' title="bbox 1329 343 2396 722">
    <p class='ocr_par' dir='ltr' id='par_1_18' title="bbox 1329 343 2396 722">
     <span class='ocr_line' id='line_1_108' title="bbox 1329 343 2394 384; baseline -0.001 -9"><span class='ocrx_word' id='word_1_923' title='bbox 1329 346 1418 384; x_wconf 88' lang='lat' dir='ltr'>jusvis</span> <span class='ocrx_word' id='word_1_924' title='bbox 1438 345 1548 376; x_wconf 88' lang='lat' dir='ltr'>alterius</span> <span class='ocrx_word' id='word_1_925' title='bbox 1569 344 1660 374; x_wconf 88' lang='lat' dir='ltr'>bellici</span> <span class='ocrx_word' id='word_1_926' title='bbox 1678 343 1782 372; x_wconf 83' lang='lat' dir='ltr'>Auxilii</span> <span class='ocrx_word' id='word_1_927' title='bbox 1796 351 1901 381; x_wconf 85' lang='lat' dir='ltr'>genuS,</span> <span class='ocrx_word' id='word_1_928' title='bbox 1916 344 1951 374; x_wconf 89' lang='lat' dir='ltr'>ad</span> <span class='ocrx_word' id='word_1_929' title='bbox 1965 345 2116 375; x_wconf 80' lang='lat' dir='ltr'>utilitatem</span> <span class='ocrx_word' id='word_1_930' title='bbox 2129 346 2161 375; x_wconf 88' lang='lat'>&amp;</span> <span class='ocrx_word' id='word_1_931' title='bbox 2179 343 2350 375; x_wconf 81' lang='lat' dir='ltr'>beneficium</span> <span class='ocrx_word' id='word_1_932' title='bbox 2369 344 2394 374; x_wconf 86' lang='lat'>1-</span> 
     </span>
     <span class='ocr_line' id='line_1_109' title="bbox 1334 380 2393 421; baseline 0 -8"><span class='ocrx_word' id='word_1_933' title='bbox 1334 385 1512 414; x_wconf 88' lang='lat' dir='ltr'>nimicorum</span> <span class='ocrx_word' id='word_1_934' title='bbox 1537 384 1618 412; x_wconf 90' lang='lat' dir='ltr'>unius</span> <span class='ocrx_word' id='word_1_935' title='bbox 1635 381 1678 412; x_wconf 88' lang='lat' dir='ltr'>vel</span> <span class='ocrx_word' id='word_1_936' title='bbox 1696 381 1807 411; x_wconf 91' lang='lat' dir='ltr'>alterius</span> <span class='ocrx_word' id='word_1_937' title='bbox 1823 380 1931 419; x_wconf 80' lang='lat' dir='ltr'>Regis,</span> <span class='ocrx_word' id='word_1_938' title='bbox 1967 392 1995 413; x_wconf 89' lang='lat' dir='ltr'>er</span> <span class='ocrx_word' id='word_1_939' title='bbox 2010 392 2112 413; x_wconf 89' lang='lat' dir='ltr'>eorum</span> <span class='ocrx_word' id='word_1_940' title='bbox 2128 384 2243 421; x_wconf 82' lang='lat' dir='ltr'>Regum</span> <span class='ocrx_word' id='word_1_941' title='bbox 2256 381 2393 413; x_wconf 87' lang='lat' dir='ltr'>Subditos</span> 
     </span>
     <span class='ocr_line' id='line_1_110' title="bbox 1335 391 2394 459; baseline 0 -8"><span class='ocrx_word' id='word_1_942' title='bbox 1335 421 1470 452; x_wconf 86' lang='lat' dir='ltr'>Vaffallos</span> <span class='ocrx_word' id='word_1_943' title='bbox 1493 422 1537 451; x_wconf 93' lang='lat' dir='ltr'>vel</span> <span class='ocrx_word' id='word_1_944' title='bbox 1560 420 1670 451; x_wconf 79' lang='lat' dir='ltr'>incolas</span> <span class='ocrx_word' id='word_1_945' title='bbox 1690 418 1874 457; x_wconf 89' lang='lat' dir='ltr'>quoscunque</span> <span class='ocrx_word' id='word_1_946' title='bbox 1898 391 2071 455; x_wconf 56' lang='lat' dir='ltr'>defgrantum</span> <span class='ocrx_word' id='word_1_947' title='bbox 2092 421 2136 451; x_wconf 85' lang='lat' dir='ltr'>sed</span> <span class='ocrx_word' id='word_1_948' title='bbox 2151 423 2314 459; x_wconf 88' lang='lat' dir='ltr'>quicunque</span> <span class='ocrx_word' id='word_1_949' title='bbox 2329 421 2394 451; x_wconf 69' lang='lat' dir='ltr'>haec</span> 
     </span>
     <span class='ocr_line' id='line_1_111' title="bbox 1334 457 2395 500; baseline 0 -10"><span class='ocrx_word' id='word_1_950' title='bbox 1334 461 1529 491; x_wconf 85' lang='lat' dir='ltr'>attentaverint</span> <span class='ocrx_word' id='word_1_951' title='bbox 1551 458 1696 490; x_wconf 87' lang='lat' dir='ltr'>acerrimis</span> <span class='ocrx_word' id='word_1_952' title='bbox 1716 457 1815 500; x_wconf 84' lang='lat' dir='ltr'>Poenis</span> <span class='ocrx_word' id='word_1_953' title='bbox 1829 458 1998 495; x_wconf 86' lang='lat' dir='ltr'>puniantur,</span> <span class='ocrx_word' id='word_1_954' title='bbox 2016 459 2117 496; x_wconf 87' lang='lat' dir='ltr'>quibus</span> <span class='ocrx_word' id='word_1_955' title='bbox 2131 459 2251 490; x_wconf 78' lang='lat' dir='ltr'>seditiosi</span> <span class='ocrx_word' id='word_1_956' title='bbox 2266 470 2298 490; x_wconf 90' lang='lat' dir='ltr'>ac</span> <span class='ocrx_word' id='word_1_957' title='bbox 2316 460 2395 490; x_wconf 89' lang='lat' dir='ltr'>Fidei</span> 
     </span>
     <span class='ocr_line' id='line_1_112' title="bbox 1334 495 2393 533; baseline -0.001 -4"><span class='ocrx_word' id='word_1_958' title='bbox 1334 499 1366 529; x_wconf 89' lang='lat'>&amp;</span> <span class='ocrx_word' id='word_1_959' title='bbox 1385 497 1468 528; x_wconf 87' lang='lat' dir='ltr'>Pacis</span> <span class='ocrx_word' id='word_1_960' title='bbox 1484 496 1651 528; x_wconf 62' lang='lat' dir='ltr'>infraifitores</span> <span class='ocrx_word' id='word_1_961' title='bbox 1666 506 1792 527; x_wconf 88' lang='lat' dir='ltr'>coerceri</span> <span class='ocrx_word' id='word_1_962' title='bbox 1805 495 1913 533; x_wconf 89' lang='lat' dir='ltr'>solent,</span> <span class='ocrx_word' id='word_1_963' title='bbox 1928 497 1966 526; x_wconf 89' lang='lat' dir='ltr'>ita</span> <span class='ocrx_word' id='word_1_964' title='bbox 1981 503 2011 526; x_wconf 87' lang='lat' dir='ltr'>ut</span> <span class='ocrx_word' id='word_1_965' title='bbox 2026 496 2137 528; x_wconf 82' lang='lat' dir='ltr'>Subditi</span> <span class='ocrx_word' id='word_1_966' title='bbox 2154 499 2234 528; x_wconf 90' lang='lat' dir='ltr'>unius</span> <span class='ocrx_word' id='word_1_967' title='bbox 2249 499 2277 528; x_wconf 87' lang='lat' dir='ltr'>in</span> <span class='ocrx_word' id='word_1_968' title='bbox 2293 498 2393 529; x_wconf 88' lang='lat' dir='ltr'>Terri-</span> 
     </span>
     <span class='ocr_line' id='line_1_113' title="bbox 1333 533 2396 574; baseline 0.001 -8"><span class='ocrx_word' id='word_1_969' title='bbox 1333 538 1408 566; x_wconf 88' lang='lat' dir='ltr'>torio</span> <span class='ocrx_word' id='word_1_970' title='bbox 1433 538 1540 567; x_wconf 88' lang='lat' dir='ltr'>alterius</span> <span class='ocrx_word' id='word_1_971' title='bbox 1561 546 1620 566; x_wconf 88' lang='lat' dir='ltr'>non</span> <span class='ocrx_word' id='word_1_972' title='bbox 1644 535 1722 574; x_wconf 84' lang='lat' dir='ltr'>pejus</span> <span class='ocrx_word' id='word_1_973' title='bbox 1736 533 1890 565; x_wconf 59' lang='lat' dir='ltr'>tractentur</span> <span class='ocrx_word' id='word_1_974' title='bbox 1903 535 1989 571; x_wconf 73' lang='lat' dir='ltr'>quam</span> <span class='ocrx_word' id='word_1_975' title='bbox 2005 534 2117 572; x_wconf 86' lang='lat' dir='ltr'>ipsimet</span> <span class='ocrx_word' id='word_1_976' title='bbox 2130 536 2263 567; x_wconf 84' lang='lat' dir='ltr'>naturales</span> <span class='ocrx_word' id='word_1_977' title='bbox 2278 537 2306 566; x_wconf 91' lang='lat' dir='ltr'>in</span> <span class='ocrx_word' id='word_1_978' title='bbox 2323 547 2396 567; x_wconf 89' lang='lat' dir='ltr'>ven-</span> 
     </span>
     <span class='ocr_line' id='line_1_114' title="bbox 1332 571 2391 611; baseline 0.002 -7"><span class='ocrx_word' id='word_1_979' title='bbox 1332 574 1442 605; x_wconf 89' lang='lat' dir='ltr'>ditione</span> <span class='ocrx_word' id='word_1_980' title='bbox 1462 577 1495 606; x_wconf 90' lang='lat'>&amp;</span> <span class='ocrx_word' id='word_1_981' title='bbox 1519 574 1745 605; x_wconf 59' lang='lat' dir='ltr'>contrefitatione</span> <span class='ocrx_word' id='word_1_982' title='bbox 1766 572 1878 603; x_wconf 86' lang='lat' dir='ltr'>suarum</span> <span class='ocrx_word' id='word_1_983' title='bbox 1902 571 2069 611; x_wconf 88' lang='lat' dir='ltr'>Mercium,</span> <span class='ocrx_word' id='word_1_984' title='bbox 2096 581 2154 603; x_wconf 89' lang='lat' dir='ltr'>tam</span> <span class='ocrx_word' id='word_1_985' title='bbox 2175 575 2282 605; x_wconf 85' lang='lat' dir='ltr'>ratione</span> <span class='ocrx_word' id='word_1_986' title='bbox 2304 574 2391 606; x_wconf 88' lang='lat' dir='ltr'>Pretii</span> 
     </span>
     <span class='ocr_line' id='line_1_115' title="bbox 1333 610 2392 652; baseline 0.003 -10"><span class='ocrx_word' id='word_1_987' title='bbox 1333 613 1422 651; x_wconf 76' lang='lat' dir='ltr'>quarn</span> <span class='ocrx_word' id='word_1_988' title='bbox 1435 613 1524 651; x_wconf 89' lang='lat' dir='ltr'>aliter,</span> <span class='ocrx_word' id='word_1_989' title='bbox 1539 613 1584 644; x_wconf 86' lang='lat' dir='ltr'>sed</span> <span class='ocrx_word' id='word_1_990' title='bbox 1600 623 1648 652; x_wconf 90' lang='lat' dir='ltr'>par</span> <span class='ocrx_word' id='word_1_991' title='bbox 1664 613 1697 643; x_wconf 69' lang='grc' dir='ltr'>ὃς</span> <span class='ocrx_word' id='word_1_992' title='bbox 1713 621 1792 650; x_wconf 81' lang='lat' dir='ltr'>aequa</span> <span class='ocrx_word' id='word_1_993' title='bbox 1804 611 1836 642; x_wconf 81' lang='lat' dir='ltr'>sit</span> <span class='ocrx_word' id='word_1_994' title='bbox 1851 612 1880 640; x_wconf 90' lang='lat' dir='ltr'>in</span> <span class='ocrx_word' id='word_1_995' title='bbox 1895 610 2046 648; x_wconf 71' lang='lat' dir='ltr'>praediffls,</span> <span class='ocrx_word' id='word_1_996' title='bbox 2060 620 2117 641; x_wconf 90' lang='lat' dir='ltr'>tam</span> <span class='ocrx_word' id='word_1_997' title='bbox 2129 611 2294 643; x_wconf 82' lang='lat' dir='ltr'>Forenfium</span> <span class='ocrx_word' id='word_1_998' title='bbox 2307 616 2392 652; x_wconf 74' lang='lat' dir='ltr'>quam</span> 
     </span>
     <span class='ocr_line' id='line_1_116' title="bbox 1333 647 2390 689; baseline 0.003 -8"><span class='ocrx_word' id='word_1_999' title='bbox 1333 651 1517 683; x_wconf 87' lang='lat' dir='ltr'>Naturalium</span> <span class='ocrx_word' id='word_1_1000' title='bbox 1528 675 1538 689; x_wconf 87' lang='lat'>,</span> <span class='ocrx_word' id='word_1_1001' title='bbox 1556 651 1702 688; x_wconf 84' lang='lat' dir='ltr'>conditio,</span> <span class='ocrx_word' id='word_1_1002' title='bbox 1720 660 1782 680; x_wconf 90' lang='lat' dir='ltr'>non</span> <span class='ocrx_word' id='word_1_1003' title='bbox 1795 647 1974 681; x_wconf 87' lang='lat' dir='ltr'>obstantibus</span> <span class='ocrx_word' id='word_1_1004' title='bbox 1989 649 2206 688; x_wconf 84' lang='lat' dir='ltr'>quibuscunque</span> <span class='ocrx_word' id='word_1_1005' title='bbox 2218 650 2331 682; x_wconf 83' lang='lat' dir='ltr'>Statutis</span> <span class='ocrx_word' id='word_1_1006' title='bbox 2345 653 2390 684; x_wconf 86' lang='lat' dir='ltr'>vel</span> 
     </span>
     <span class='ocr_line' id='line_1_117' title="bbox 1334 688 1840 722; baseline -0.008 0"><span class='ocrx_word' id='word_1_1007' title='bbox 1334 688 1594 722; x_wconf 86' lang='lat' dir='ltr'>Consuetudinibus</span> <span class='ocrx_word' id='word_1_1008' title='bbox 1612 691 1640 720; x_wconf 89' lang='lat' dir='ltr'>in</span> <span class='ocrx_word' id='word_1_1009' title='bbox 1655 689 1840 720; x_wconf 87' lang='lat' dir='ltr'>contrarium.</span> 
     </span>
    </p>
   </div>
   <div class='ocr_carea' id='block_1_15' title="bbox 1332 725 2524 810">
    <p class='ocr_par' dir='ltr' id='par_1_19' title="bbox 1332 725 2524 810">
     <span class='ocr_line' id='line_1_118' title="bbox 1369 725 2524 768; baseline 0 -8"><span class='ocrx_word' id='word_1_1010' title='bbox 1369 730 1385 746; x_wconf 75' lang='grc'>*</span> <span class='ocrx_word' id='word_1_1011' title='bbox 1407 728 1514 760; x_wconf 76' lang='lat' dir='ltr'>ITEM</span> <span class='ocrx_word' id='word_1_1012' title='bbox 1532 755 1541 768; x_wconf 80' lang='lat'>,</span> <span class='ocrx_word' id='word_1_1013' title='bbox 1566 728 1758 759; x_wconf 91' lang='lat' dir='ltr'>Conventum</span> <span class='ocrx_word' id='word_1_1014' title='bbox 1780 737 1814 758; x_wconf 86' lang='lat' dir='ltr'>ac</span> <span class='ocrx_word' id='word_1_1015' title='bbox 1839 725 1995 758; x_wconf 89' lang='lat' dir='ltr'>stabilitum</span> <span class='ocrx_word' id='word_1_1016' title='bbox 2015 726 2115 758; x_wconf 86' lang='lat' dir='ltr'>fuit&amp;</span> <span class='ocrx_word' id='word_1_1017' title='bbox 2129 726 2186 761; x_wconf 83' lang='lat' dir='ltr'>est,</span> <span class='ocrx_word' id='word_1_1018' title='bbox 2205 727 2287 765; x_wconf 77' lang='lat' dir='ltr'>quod</span> <span class='ocrx_word' id='word_1_1019' title='bbox 2299 729 2391 760; x_wconf 72' lang='lat' dir='ltr'>distus</span> <span class='ocrx_word' id='word_1_1020' title='bbox 2411 732 2431 750; x_wconf 63' lang='grc' dir='ltr'>ὓ</span> <span class='ocrx_word' id='word_1_1021' title='bbox 2443 733 2524 761; x_wconf 76' lang='lat' dir='ltr'>XVI.</span> 
     </span>
     <span class='ocr_line' id='line_1_119' title="bbox 1332 765 2476 810; baseline 0.002 -13"><span class='ocrx_word' id='word_1_1022' title='bbox 1332 766 1529 799; x_wconf 83' lang='lat' dir='ltr'>Sereniffimns</span> <span class='ocrx_word' id='word_1_1023' title='bbox 1548 770 1610 797; x_wconf 83' lang='lat' dir='ltr'>Rex</span> <span class='ocrx_word' id='word_1_1024' title='bbox 1629 766 1743 804; x_wconf 82' lang='lat' dir='ltr'>Angliae</span> <span class='ocrx_word' id='word_1_1025' title='bbox 1754 765 1938 810; x_wconf 79' lang='lat' dir='ltr'>prohibebit,</span> <span class='ocrx_word' id='word_1_1026' title='bbox 1961 765 2123 803; x_wconf 68' lang='lat' dir='ltr'>Edictoque</span> <span class='ocrx_word' id='word_1_1027' title='bbox 2140 767 2271 804; x_wconf 86' lang='lat' dir='ltr'>publico,</span> <span class='ocrx_word' id='word_1_1028' title='bbox 2297 767 2391 799; x_wconf 82' lang='lat' dir='ltr'>statim</span> <span class='ocrx_word' id='word_1_1029' title='bbox 2411 771 2476 808; x_wconf 82' lang='lat'>589.</span> 
     </span>
    </p>
   </div>
   <div class='ocr_carea' id='block_1_16' title="bbox 1331 802 2410 3543">
    <p class='ocr_par' dir='ltr' id='par_1_20' title="bbox 1331 802 2398 1731">
     <span class='ocr_line' id='line_1_120' title="bbox 1332 802 2393 845; baseline 0.001 -9"><span class='ocrx_word' id='word_1_1030' title='bbox 1332 805 1397 843; x_wconf 88' lang='lat' dir='ltr'>post</span> <span class='ocrx_word' id='word_1_1031' title='bbox 1420 807 1610 837; x_wconf 82' lang='lat' dir='ltr'>firmationem</span> <span class='ocrx_word' id='word_1_1032' title='bbox 1632 808 1812 843; x_wconf 79' lang='lat' dir='ltr'>praesentium</span> <span class='ocrx_word' id='word_1_1033' title='bbox 1837 802 2052 842; x_wconf 88' lang='lat' dir='ltr'>Capitulorum,</span> <span class='ocrx_word' id='word_1_1034' title='bbox 2073 805 2248 841; x_wconf 85' lang='lat' dir='ltr'>publicando</span> <span class='ocrx_word' id='word_1_1035' title='bbox 2263 807 2393 845; x_wconf 86' lang='lat' dir='ltr'>cavebit,</span> 
     </span>
     <span class='ocr_line' id='line_1_121' title="bbox 1332 842 2394 884; baseline 0.003 -10"><span class='ocrx_word' id='word_1_1036' title='bbox 1332 845 1372 875; x_wconf 74' lang='lat' dir='ltr'>ne</span> <span class='ocrx_word' id='word_1_1037' title='bbox 1395 845 1492 884; x_wconf 86' lang='lat' dir='ltr'>aliquis</span> <span class='ocrx_word' id='word_1_1038' title='bbox 1512 846 1574 875; x_wconf 89' lang='lat' dir='ltr'>suus</span> <span class='ocrx_word' id='word_1_1039' title='bbox 1594 844 1725 875; x_wconf 91' lang='lat' dir='ltr'>Subditus</span> <span class='ocrx_word' id='word_1_1040' title='bbox 1741 842 1839 873; x_wconf 89' lang='lat' dir='ltr'>Incola</span> <span class='ocrx_word' id='word_1_1041' title='bbox 1857 842 1904 874; x_wconf 91' lang='lat' dir='ltr'>vel</span> <span class='ocrx_word' id='word_1_1042' title='bbox 1923 842 2054 873; x_wconf 80' lang='lat' dir='ltr'>Vaffallus</span> <span class='ocrx_word' id='word_1_1043' title='bbox 2070 844 2175 874; x_wconf 87' lang='lat' dir='ltr'>levabit</span> <span class='ocrx_word' id='word_1_1044' title='bbox 2190 853 2236 875; x_wconf 89' lang='lat' dir='ltr'>aut</span> <span class='ocrx_word' id='word_1_1045' title='bbox 2250 845 2394 877; x_wconf 84' lang='lat' dir='ltr'>transferet</span> 
     </span>
     <span class='ocr_line' id='line_1_122' title="bbox 1333 880 2392 922; baseline 0.001 -10"><span class='ocrx_word' id='word_1_1046' title='bbox 1333 884 1542 922; x_wconf 78' lang='lat' dir='ltr'>quoquomodo</span> <span class='ocrx_word' id='word_1_1047' title='bbox 1559 883 1666 913; x_wconf 61' lang='lat' dir='ltr'>&lt;iii-ecte·</span> <span class='ocrx_word' id='word_1_1048' title='bbox 1682 893 1734 913; x_wconf 90' lang='lat' dir='ltr'>nec</span> <span class='ocrx_word' id='word_1_1049' title='bbox 1749 891 1797 919; x_wconf 87' lang='lat' dir='ltr'>per</span> <span class='ocrx_word' id='word_1_1050' title='bbox 1813 880 1994 918; x_wconf 64' lang='lat' dir='ltr'>indirectum,</span> <span class='ocrx_word' id='word_1_1051' title='bbox 2014 883 2130 919; x_wconf 88' lang='lat' dir='ltr'>proprio</span> <span class='ocrx_word' id='word_1_1052' title='bbox 2145 881 2284 913; x_wconf 86' lang='lat' dir='ltr'>Nomine</span> <span class='ocrx_word' id='word_1_1053' title='bbox 2304 883 2351 913; x_wconf 91' lang='lat' dir='ltr'>vel</span> <span class='ocrx_word' id='word_1_1054' title='bbox 2363 893 2392 914; x_wconf 88' lang='lat' dir='ltr'>a·</span> 
     </span>
     <span class='ocr_line' id='line_1_123' title="bbox 1331 919 2395 960; baseline 0 -8"><span class='ocrx_word' id='word_1_1055' title='bbox 1331 922 1406 952; x_wconf 89' lang='lat' dir='ltr'>lieno</span> <span class='ocrx_word' id='word_1_1056' title='bbox 1423 946 1432 960; x_wconf 91' lang='lat'>,</span> <span class='ocrx_word' id='word_1_1057' title='bbox 1459 932 1512 952; x_wconf 87' lang='lat' dir='ltr'>nec</span> <span class='ocrx_word' id='word_1_1058' title='bbox 1534 922 1656 960; x_wconf 84' lang='lat' dir='ltr'>aliquam</span> <span class='ocrx_word' id='word_1_1059' title='bbox 1676 920 1794 951; x_wconf 87' lang='lat' dir='ltr'>Navem</span> <span class='ocrx_word' id='word_1_1060' title='bbox 1816 927 1864 950; x_wconf 89' lang='lat' dir='ltr'>aut</span> <span class='ocrx_word' id='word_1_1061' title='bbox 1884 919 1957 949; x_wconf 88' lang='lat' dir='ltr'>aliud</span> <span class='ocrx_word' id='word_1_1062' title='bbox 1978 919 2171 960; x_wconf 87' lang='lat' dir='ltr'>Vehiculum,</span> <span class='ocrx_word' id='word_1_1063' title='bbox 2202 921 2248 952; x_wconf 86' lang='lat' dir='ltr'>vel</span> <span class='ocrx_word' id='word_1_1064' title='bbox 2271 921 2395 952; x_wconf 83' lang='lat' dir='ltr'>Nomen</span> 
     </span>
     <span class='ocr_line' id='line_1_124' title="bbox 1331 957 2398 998; baseline -0.001 -7"><span class='ocrx_word' id='word_1_1065' title='bbox 1331 960 1411 991; x_wconf 89' lang='lat' dir='ltr'>suum</span> <span class='ocrx_word' id='word_1_1066' title='bbox 1433 960 1670 992; x_wconf 89' lang='lat' dir='ltr'>accommodabit</span> <span class='ocrx_word' id='word_1_1067' title='bbox 1694 959 1729 990; x_wconf 89' lang='lat' dir='ltr'>ad</span> <span class='ocrx_word' id='word_1_1068' title='bbox 1754 957 1977 989; x_wconf 86' lang='lat' dir='ltr'>transferendum</span> <span class='ocrx_word' id='word_1_1069' title='bbox 1998 958 2044 989; x_wconf 78' lang='lat' dir='ltr'>vel</span> <span class='ocrx_word' id='word_1_1070' title='bbox 2064 959 2271 991; x_wconf 88' lang='lat' dir='ltr'>traducendum</span> <span class='ocrx_word' id='word_1_1071' title='bbox 2293 960 2398 998; x_wconf 86' lang='lat' dir='ltr'>aliquas</span> 
     </span>
     <span class='ocr_line' id='line_1_125' title="bbox 1333 995 2393 1034; baseline -0.001 -4"><span class='ocrx_word' id='word_1_1072' title='bbox 1333 999 1436 1030; x_wconf 88' lang='lat' dir='ltr'>Naves</span> <span class='ocrx_word' id='word_1_1073' title='bbox 1463 999 1576 1030; x_wconf 84' lang='lat' dir='ltr'>Merces</span> <span class='ocrx_word' id='word_1_1074' title='bbox 1596 998 1829 1034; x_wconf 56' lang='lat' dir='ltr'>Mantineam,</span> <span class='ocrx_word' id='word_1_1075' title='bbox 1853 995 1897 1027; x_wconf 92' lang='lat' dir='ltr'>vel</span> <span class='ocrx_word' id='word_1_1076' title='bbox 1919 997 2026 1034; x_wconf 83' lang='lat' dir='ltr'>quaevis</span> <span class='ocrx_word' id='word_1_1077' title='bbox 2049 997 2101 1028; x_wconf 85' lang='lat' dir='ltr'>alia</span> <span class='ocrx_word' id='word_1_1078' title='bbox 2121 1007 2156 1028; x_wconf 87' lang='lat' dir='ltr'>ex</span> <span class='ocrx_word' id='word_1_1079' title='bbox 2179 997 2334 1030; x_wconf 88' lang='lat' dir='ltr'>Hollandia</span> <span class='ocrx_word' id='word_1_1080' title='bbox 2359 1009 2393 1029; x_wconf 91' lang='lat' dir='ltr'>ac</span> 
     </span>
     <span class='ocr_line' id='line_1_126' title="bbox 1334 1034 2394 1074; baseline 0.001 -7"><span class='ocrx_word' id='word_1_1081' title='bbox 1334 1037 1471 1068; x_wconf 86' lang='lat' dir='ltr'>Zelandia</span> <span class='ocrx_word' id='word_1_1082' title='bbox 1488 1039 1516 1067; x_wconf 90' lang='lat' dir='ltr'>in</span> <span class='ocrx_word' id='word_1_1083' title='bbox 1534 1036 1696 1074; x_wconf 83' lang='lat' dir='ltr'>Hispanias,</span> <span class='ocrx_word' id='word_1_1084' title='bbox 1714 1046 1747 1066; x_wconf 88' lang='lat' dir='ltr'>ac</span> <span class='ocrx_word' id='word_1_1085' title='bbox 1766 1035 1815 1065; x_wconf 90' lang='lat' dir='ltr'>alia</span> <span class='ocrx_word' id='word_1_1086' title='bbox 1830 1034 1930 1073; x_wconf 82' lang='lat' dir='ltr'>Regna</span> <span class='ocrx_word' id='word_1_1087' title='bbox 1945 1036 1978 1066; x_wconf 88' lang='lat'>&amp;</span> <span class='ocrx_word' id='word_1_1088' title='bbox 1998 1035 2139 1066; x_wconf 88' lang='lat' dir='ltr'>Dominia</span> <span class='ocrx_word' id='word_1_1089' title='bbox 2152 1037 2232 1073; x_wconf 79' lang='lat' dir='ltr'>ipiius</span> <span class='ocrx_word' id='word_1_1090' title='bbox 2247 1036 2394 1068; x_wconf 81' lang='lat' dir='ltr'>Sereniffi—</span> 
     </span>
     <span class='ocr_line' id='line_1_127' title="bbox 1333 1073 2395 1115; baseline 0.004 -13"><span class='ocrx_word' id='word_1_1091' title='bbox 1333 1078 1371 1106; x_wconf 81' lang='lat' dir='ltr'>mi</span> <span class='ocrx_word' id='word_1_1092' title='bbox 1392 1080 1469 1113; x_wconf 67' lang='lat' dir='ltr'>Regis</span> <span class='ocrx_word' id='word_1_1093' title='bbox 1494 1075 1691 1115; x_wconf 66' lang='lat' dir='ltr'>Hispaniarum</span> <span class='ocrx_word' id='word_1_1094' title='bbox 1713 1076 1744 1104; x_wconf 70' lang='grc' dir='ltr'>δε</span> <span class='ocrx_word' id='word_1_1095' title='bbox 1768 1073 2017 1104; x_wconf 82' lang='lat' dir='ltr'>Sereuissimorum</span> <span class='ocrx_word' id='word_1_1096' title='bbox 2040 1074 2243 1113; x_wconf 52' lang='lat' dir='ltr'>Archimeam,</span> <span class='ocrx_word' id='word_1_1097' title='bbox 2268 1086 2323 1107; x_wconf 88' lang='lat' dir='ltr'>nec</span> <span class='ocrx_word' id='word_1_1098' title='bbox 2345 1077 2395 1106; x_wconf 85' lang='lat' dir='ltr'>ali-</span> 
     </span>
     <span class='ocr_line' id='line_1_128' title="bbox 1332 1110 2394 1154; baseline 0.001 -9"><span class='ocrx_word' id='word_1_1099' title='bbox 1332 1125 1418 1154; x_wconf 90' lang='lat' dir='ltr'>quem</span> <span class='ocrx_word' id='word_1_1100' title='bbox 1442 1114 1638 1145; x_wconf 79' lang='lat' dir='ltr'>Mci·c.itoi·em</span> <span class='ocrx_word' id='word_1_1101' title='bbox 1661 1112 1841 1143; x_wconf 68' lang='lat' dir='ltr'>Hollandiam</span> <span class='ocrx_word' id='word_1_1102' title='bbox 1854 1112 1899 1142; x_wconf 90' lang='lat' dir='ltr'>vel</span> <span class='ocrx_word' id='word_1_1103' title='bbox 1915 1110 2083 1142; x_wconf 85' lang='lat' dir='ltr'>Zelandiam</span> <span class='ocrx_word' id='word_1_1104' title='bbox 2101 1114 2130 1143; x_wconf 91' lang='lat' dir='ltr'>in</span> <span class='ocrx_word' id='word_1_1105' title='bbox 2146 1114 2196 1144; x_wconf 91' lang='lat' dir='ltr'>suis</span> <span class='ocrx_word' id='word_1_1106' title='bbox 2209 1115 2342 1146; x_wconf 86' lang='lat' dir='ltr'>Navibus</span> <span class='ocrx_word' id='word_1_1107' title='bbox 2354 1115 2394 1146; x_wconf 89' lang='lat' dir='ltr'>le-</span> 
     </span>
     <span class='ocr_line' id='line_1_129' title="bbox 1333 1150 2392 1190; baseline 0 -8"><span class='ocrx_word' id='word_1_1108' title='bbox 1333 1155 1409 1184; x_wconf 86' lang='lat' dir='ltr'>vabit</span> <span class='ocrx_word' id='word_1_1109' title='bbox 1424 1153 1457 1184; x_wconf 85' lang='lat' dir='ltr'>ad</span> <span class='ocrx_word' id='word_1_1110' title='bbox 1475 1153 1562 1183; x_wconf 64' lang='lat' dir='ltr'>dietas</span> <span class='ocrx_word' id='word_1_1111' title='bbox 1572 1152 1666 1183; x_wconf 87' lang='lat' dir='ltr'>Partes</span> <span class='ocrx_word' id='word_1_1112' title='bbox 1680 1152 1732 1182; x_wconf 86' lang='lat' dir='ltr'>sub</span> <span class='ocrx_word' id='word_1_1113' title='bbox 1748 1151 1840 1181; x_wconf 76' lang='lat' dir='ltr'>Poena</span> <span class='ocrx_word' id='word_1_1114' title='bbox 1855 1150 2059 1189; x_wconf 78' lang='lat' dir='ltr'>indignationis</span> <span class='ocrx_word' id='word_1_1115' title='bbox 2076 1150 2214 1190; x_wconf 82' lang='lat' dir='ltr'>Principis</span> <span class='ocrx_word' id='word_1_1116' title='bbox 2230 1154 2262 1184; x_wconf 85' lang='lat'>&amp;</span> <span class='ocrx_word' id='word_1_1117' title='bbox 2277 1154 2392 1185; x_wconf 87' lang='lat' dir='ltr'>aliatum</span> 
     </span>
     <span class='ocr_line' id='line_1_130' title="bbox 1333 1188 2393 1230; baseline -0.001 -7"><span class='ocrx_word' id='word_1_1118' title='bbox 1333 1193 1491 1223; x_wconf 79' lang='lat' dir='ltr'>Poenarum</span> <span class='ocrx_word' id='word_1_1119' title='bbox 1515 1190 1774 1229; x_wconf 85' lang='lat' dir='ltr'>Contemptoribus</span> <span class='ocrx_word' id='word_1_1120' title='bbox 1794 1188 2000 1219; x_wconf 80' lang='lat' dir='ltr'>Mandatorum</span> <span class='ocrx_word' id='word_1_1121' title='bbox 2021 1189 2183 1229; x_wconf 82' lang='lat' dir='ltr'>Regiorum</span> <span class='ocrx_word' id='word_1_1122' title='bbox 2208 1192 2393 1230; x_wconf 67' lang='lat' dir='ltr'>indictarum,</span> 
     </span>
     <span class='ocr_line' id='line_1_131' title="bbox 1333 1227 2394 1267; baseline 0.001 -7"><span class='ocrx_word' id='word_1_1123' title='bbox 1333 1231 1370 1261; x_wconf 86' lang='lat' dir='ltr'>Et</span> <span class='ocrx_word' id='word_1_1124' title='bbox 1393 1231 1426 1260; x_wconf 88' lang='lat' dir='ltr'>ad</span> <span class='ocrx_word' id='word_1_1125' title='bbox 1451 1229 1609 1267; x_wconf 59' lang='lat' dir='ltr'>effectum,</span> <span class='ocrx_word' id='word_1_1126' title='bbox 1627 1238 1657 1260; x_wconf 91' lang='lat' dir='ltr'>ut</span> <span class='ocrx_word' id='word_1_1127' title='bbox 1677 1228 1764 1267; x_wconf 82' lang='lat' dir='ltr'>magis</span> <span class='ocrx_word' id='word_1_1128' title='bbox 1785 1236 1902 1258; x_wconf 83' lang='lat' dir='ltr'>cautum</span> <span class='ocrx_word' id='word_1_1129' title='bbox 1920 1227 1952 1257; x_wconf 75' lang='lat' dir='ltr'>{it</span> <span class='ocrx_word' id='word_1_1130' title='bbox 1972 1229 2010 1257; x_wconf 79' lang='lat' dir='ltr'>ne</span> <span class='ocrx_word' id='word_1_1131' title='bbox 2025 1227 2135 1258; x_wconf 83' lang='lat' dir='ltr'>fraudes</span> <span class='ocrx_word' id='word_1_1132' title='bbox 2149 1228 2293 1267; x_wconf 77' lang='lat' dir='ltr'>sequantur</span> <span class='ocrx_word' id='word_1_1133' title='bbox 2305 1232 2346 1261; x_wconf 83' lang='lat' dir='ltr'>ob</span> <span class='ocrx_word' id='word_1_1134' title='bbox 2363 1231 2394 1261; x_wconf 84' lang='lat' dir='ltr'>sl-</span> 
     </span>
     <span class='ocr_line' id='line_1_132' title="bbox 1334 1265 2395 1306; baseline 0 -6"><span class='ocrx_word' id='word_1_1135' title='bbox 1334 1269 1525 1300; x_wconf 88' lang='lat' dir='ltr'>militudinem</span> <span class='ocrx_word' id='word_1_1136' title='bbox 1547 1267 1708 1303; x_wconf 85' lang='lat' dir='ltr'>Mercium,</span> <span class='ocrx_word' id='word_1_1137' title='bbox 1726 1265 1852 1305; x_wconf 69' lang='lat' dir='ltr'>praesenti</span> <span class='ocrx_word' id='word_1_1138' title='bbox 1867 1265 2005 1302; x_wconf 66' lang='lat' dir='ltr'>Capitulo</span> <span class='ocrx_word' id='word_1_1139' title='bbox 2023 1275 2138 1296; x_wconf 90' lang='lat' dir='ltr'>cautum</span> <span class='ocrx_word' id='word_1_1140' title='bbox 2154 1268 2212 1306; x_wconf 82' lang='lat' dir='ltr'>est,</span> <span class='ocrx_word' id='word_1_1141' title='bbox 2231 1279 2263 1299; x_wconf 89' lang='lat' dir='ltr'>ut</span> <span class='ocrx_word' id='word_1_1142' title='bbox 2280 1269 2395 1300; x_wconf 86' lang='lat' dir='ltr'>Merces</span> 
     </span>
     <span class='ocr_line' id='line_1_133' title="bbox 1333 1304 2394 1346; baseline 0.001 -10"><span class='ocrx_word' id='word_1_1143' title='bbox 1333 1317 1367 1336; x_wconf 72' lang='lat' dir='ltr'>ex</span> <span class='ocrx_word' id='word_1_1144' title='bbox 1384 1307 1485 1346; x_wconf 82' lang='lat' dir='ltr'>Anglia</span> <span class='ocrx_word' id='word_1_1145' title='bbox 1501 1306 1598 1337; x_wconf 82' lang='lat' dir='ltr'>Scotia</span> <span class='ocrx_word' id='word_1_1146' title='bbox 1613 1305 1789 1337; x_wconf 81' lang='lat' dir='ltr'>&amp;Hibernia</span> <span class='ocrx_word' id='word_1_1147' title='bbox 1806 1304 1981 1335; x_wconf 77' lang='lat' dir='ltr'>advehendae</span> <span class='ocrx_word' id='word_1_1148' title='bbox 1995 1304 2038 1334; x_wconf 87' lang='lat' dir='ltr'>vel</span> <span class='ocrx_word' id='word_1_1149' title='bbox 2053 1305 2234 1337; x_wconf 76' lang='lat' dir='ltr'>traducend.e</span> <span class='ocrx_word' id='word_1_1150' title='bbox 2250 1308 2284 1337; x_wconf 87' lang='lat' dir='ltr'>ad</span> <span class='ocrx_word' id='word_1_1151' title='bbox 2297 1308 2394 1346; x_wconf 69' lang='lat' dir='ltr'>Regna</span> 
     </span>
     <span class='ocr_line' id='line_1_134' title="bbox 1333 1341 2396 1386; baseline 0 -10"><span class='ocrx_word' id='word_1_1152' title='bbox 1333 1347 1366 1376; x_wconf 89' lang='lat'>&amp;</span> <span class='ocrx_word' id='word_1_1153' title='bbox 1386 1346 1527 1376; x_wconf 84' lang='lat' dir='ltr'>Doiiiinia</span> <span class='ocrx_word' id='word_1_1154' title='bbox 1540 1345 1682 1375; x_wconf 54' lang='lat' dir='ltr'>dierorum</span> <span class='ocrx_word' id='word_1_1155' title='bbox 1696 1346 1773 1380; x_wconf 81' lang='lat' dir='ltr'>Reg.&#39;s</span> <span class='ocrx_word' id='word_1_1156' title='bbox 1784 1341 1980 1382; x_wconf 76' lang='lat' dir='ltr'>Hispaniarmn</span> <span class='ocrx_word' id='word_1_1157' title='bbox 1996 1343 2028 1372; x_wconf 83' lang='lat'>&amp;</span> <span class='ocrx_word' id='word_1_1158' title='bbox 2044 1341 2240 1385; x_wconf 71' lang='lat' dir='ltr'>Arrhidaeum,</span> <span class='ocrx_word' id='word_1_1159' title='bbox 2260 1345 2396 1386; x_wconf 74' lang='lat' dir='ltr'>Registro</span> 
     </span>
     <span class='ocr_line' id='line_1_135' title="bbox 1334 1381 2396 1423; baseline 0.002 -9"><span class='ocrx_word' id='word_1_1160' title='bbox 1334 1383 1420 1414; x_wconf 68' lang='lat' dir='ltr'>Villae</span> <span class='ocrx_word' id='word_1_1161' title='bbox 1440 1384 1484 1414; x_wconf 85' lang='lat' dir='ltr'>seu</span> <span class='ocrx_word' id='word_1_1162' title='bbox 1503 1384 1651 1421; x_wconf 78' lang='lat' dir='ltr'>Civitatis,</span> <span class='ocrx_word' id='word_1_1163' title='bbox 1669 1392 1703 1412; x_wconf 81' lang='lat' dir='ltr'>ac</span> <span class='ocrx_word' id='word_1_1164' title='bbox 1717 1381 1816 1420; x_wconf 78' lang='lat' dir='ltr'>sigillo</span> <span class='ocrx_word' id='word_1_1165' title='bbox 1834 1390 1868 1411; x_wconf 85' lang='lat' dir='ltr'>ex</span> <span class='ocrx_word' id='word_1_1166' title='bbox 1883 1391 1938 1419; x_wconf 81' lang='lat' dir='ltr'>qua</span> <span class='ocrx_word' id='word_1_1167' title='bbox 1955 1382 2122 1413; x_wconf 81' lang='lat' dir='ltr'>levabuntur</span> <span class='ocrx_word' id='word_1_1168' title='bbox 2137 1383 2338 1423; x_wconf 74' lang='lat' dir='ltr'>obsignentur,</span> <span class='ocrx_word' id='word_1_1169' title='bbox 2353 1394 2396 1416; x_wconf 82' lang='lat' dir='ltr'>at-</span> 
     </span>
     <span class='ocr_line' id='line_1_136' title="bbox 1336 1419 2395 1462; baseline 0.001 -9"><span class='ocrx_word' id='word_1_1170' title='bbox 1336 1433 1391 1459; x_wconf 91' lang='lat' dir='ltr'>que</span> <span class='ocrx_word' id='word_1_1171' title='bbox 1412 1424 1448 1453; x_wconf 87' lang='lat' dir='ltr'>ita</span> <span class='ocrx_word' id='word_1_1172' title='bbox 1469 1422 1621 1461; x_wconf 60' lang='lat' dir='ltr'>registrari:</span> <span class='ocrx_word' id='word_1_1173' title='bbox 1645 1423 1676 1452; x_wconf 66' lang='grc' dir='ltr'>ὃ(</span> <span class='ocrx_word' id='word_1_1174' title='bbox 1700 1421 1870 1458; x_wconf 69' lang='lat' dir='ltr'>obsicnatae,</span> <span class='ocrx_word' id='word_1_1175' title='bbox 1891 1421 1947 1450; x_wconf 82' lang='lat' dir='ltr'>line</span> <span class='ocrx_word' id='word_1_1176' title='bbox 1968 1419 2133 1451; x_wconf 80' lang='lat' dir='ltr'>difficultate</span> <span class='ocrx_word' id='word_1_1177' title='bbox 2148 1422 2239 1460; x_wconf 76' lang='lat' dir='ltr'>aliqua</span> <span class='ocrx_word' id='word_1_1178' title='bbox 2257 1433 2300 1454; x_wconf 85' lang='lat' dir='ltr'>aut</span> <span class='ocrx_word' id='word_1_1179' title='bbox 2317 1434 2395 1462; x_wconf 81' lang='lat' dir='ltr'>quae-</span> 
     </span>
     <span class='ocr_line' id='line_1_137' title="bbox 1336 1446 2397 1501; baseline 0 -9"><span class='ocrx_word' id='word_1_1180' title='bbox 1336 1461 1426 1492; x_wconf 84' lang='lat' dir='ltr'>stione</span> <span class='ocrx_word' id='word_1_1181' title='bbox 1440 1471 1611 1500; x_wconf 77' lang='lat' dir='ltr'>quacunque</span> <span class='ocrx_word' id='word_1_1182' title='bbox 1628 1470 1679 1497; x_wconf 79' lang='lat' dir='ltr'>pro</span> <span class='ocrx_word' id='word_1_1183' title='bbox 1695 1446 1862 1501; x_wconf 5' lang='lat' dir='ltr'>Aqngiicanis</span> <span class='ocrx_word' id='word_1_1184' title='bbox 1875 1458 2000 1489; x_wconf 81' lang='lat' dir='ltr'>Scoticis</span> <span class='ocrx_word' id='word_1_1185' title='bbox 2014 1458 2214 1491; x_wconf 82' lang='lat' dir='ltr'>&amp;Hibernicis</span> <span class='ocrx_word' id='word_1_1186' title='bbox 2231 1461 2397 1501; x_wconf 65' lang='lat' dir='ltr'>habeantur,</span> 
     </span>
     <span class='ocr_line' id='line_1_138' title="bbox 1336 1498 2398 1539; baseline 0.002 -9"><span class='ocrx_word' id='word_1_1187' title='bbox 1336 1502 1369 1530; x_wconf 68' lang='grc' dir='ltr'>ὅ(</span> <span class='ocrx_word' id='word_1_1188' title='bbox 1392 1500 1546 1538; x_wconf 61' lang='lat' dir='ltr'>respective</span> <span class='ocrx_word' id='word_1_1189' title='bbox 1564 1501 1641 1538; x_wconf 72' lang='lat' dir='ltr'>juxta</span> <span class='ocrx_word' id='word_1_1190' title='bbox 1665 1498 1891 1536; x_wconf 78' lang='lat' dir='ltr'>obirgnationem</span> <span class='ocrx_word' id='word_1_1191' title='bbox 1912 1498 2117 1535; x_wconf 83' lang='lat' dir='ltr'>approbentur,</span> <span class='ocrx_word' id='word_1_1192' title='bbox 2134 1499 2205 1529; x_wconf 56' lang='lat' dir='ltr'>salv&amp;</span> <span class='ocrx_word' id='word_1_1193' title='bbox 2230 1502 2398 1539; x_wconf 88' lang='lat' dir='ltr'>probatione</span> 
     </span>
     <span class='ocr_line' id='line_1_139' title="bbox 1337 1535 2397 1578; baseline 0.001 -9"><span class='ocrx_word' id='word_1_1194' title='bbox 1337 1539 1468 1575; x_wconf 76' lang='lat' dir='ltr'>Fraudis,</span> <span class='ocrx_word' id='word_1_1195' title='bbox 1487 1550 1547 1570; x_wconf 89' lang='lat' dir='ltr'>non</span> <span class='ocrx_word' id='word_1_1196' title='bbox 1561 1540 1700 1569; x_wconf 66' lang='lat' dir='ltr'>retardato</span> <span class='ocrx_word' id='word_1_1197' title='bbox 1714 1546 1809 1568; x_wconf 85' lang='lat' dir='ltr'>tamen</span> <span class='ocrx_word' id='word_1_1198' title='bbox 1824 1545 1877 1566; x_wconf 86' lang='lat' dir='ltr'>nec</span> <span class='ocrx_word' id='word_1_1199' title='bbox 1896 1535 2034 1573; x_wconf 90' lang='lat' dir='ltr'>impedito</span> <span class='ocrx_word' id='word_1_1200' title='bbox 2050 1535 2141 1567; x_wconf 90' lang='lat' dir='ltr'>Cursu</span> <span class='ocrx_word' id='word_1_1201' title='bbox 2157 1536 2324 1578; x_wconf 74' lang='lat' dir='ltr'>Mercium3</span> <span class='ocrx_word' id='word_1_1202' title='bbox 2344 1541 2397 1570; x_wconf 52' lang='lat' dir='ltr'>ill-,e</span> 
     </span>
     <span class='ocr_line' id='line_1_140' title="bbox 1337 1573 2395 1615; baseline 0.002 -8"><span class='ocrx_word' id='word_1_1203' title='bbox 1337 1581 1409 1608; x_wconf 73' lang='lat' dir='ltr'>veri)</span> <span class='ocrx_word' id='word_1_1204' title='bbox 1434 1578 1548 1609; x_wconf 79' lang='lat' dir='ltr'>Merces</span> <span class='ocrx_word' id='word_1_1205' title='bbox 1569 1587 1632 1615; x_wconf 61' lang='lat' dir='ltr'>quae</span> <span class='ocrx_word' id='word_1_1206' title='bbox 1656 1585 1709 1605; x_wconf 89' lang='lat' dir='ltr'>nec</span> <span class='ocrx_word' id='word_1_1207' title='bbox 1733 1573 1881 1612; x_wconf 58' lang='lat' dir='ltr'>registrare</span> <span class='ocrx_word' id='word_1_1208' title='bbox 1898 1583 1953 1604; x_wconf 87' lang='lat' dir='ltr'>nec</span> <span class='ocrx_word' id='word_1_1209' title='bbox 1972 1575 2092 1611; x_wconf 64' lang='lat' dir='ltr'>iigillatoe:</span> <span class='ocrx_word' id='word_1_1210' title='bbox 2107 1575 2227 1614; x_wconf 78' lang='lat' dir='ltr'>fuerint,</span> <span class='ocrx_word' id='word_1_1211' title='bbox 2247 1577 2349 1610; x_wconf 87' lang='lat' dir='ltr'>cadant</span> <span class='ocrx_word' id='word_1_1212' title='bbox 2367 1581 2395 1609; x_wconf 91' lang='lat' dir='ltr'>in</span> 
     </span>
     <span class='ocr_line' id='line_1_141' title="bbox 1337 1612 2396 1654; baseline 0.002 -7"><span class='ocrx_word' id='word_1_1213' title='bbox 1337 1616 1602 1654; x_wconf 77' lang='lat' dir='ltr'>Confiscationem,</span> <span class='ocrx_word' id='word_1_1214' title='bbox 1622 1617 1654 1646; x_wconf 85' lang='lat'>&amp;</span> <span class='ocrx_word' id='word_1_1215' title='bbox 1675 1614 1740 1651; x_wconf 78' lang='lat' dir='ltr'>lint,</span> <span class='ocrx_word' id='word_1_1216' title='bbox 1760 1623 1790 1643; x_wconf 85' lang='lat' dir='ltr'>ut</span> <span class='ocrx_word' id='word_1_1217' title='bbox 1805 1612 1909 1645; x_wconf 83' lang='lat' dir='ltr'>dicitur</span> <span class='ocrx_word' id='word_1_1218' title='bbox 1945 1612 1980 1642; x_wconf 85' lang='lat' dir='ltr'>de</span> <span class='ocrx_word' id='word_1_1219' title='bbox 1998 1614 2072 1644; x_wconf 73' lang='lat' dir='ltr'>bona</span> <span class='ocrx_word' id='word_1_1220' title='bbox 2091 1613 2204 1653; x_wconf 80' lang='lat' dir='ltr'>Praeda,</span> <span class='ocrx_word' id='word_1_1221' title='bbox 2223 1616 2256 1646; x_wconf 92' lang='lat'>&amp;</span> <span class='ocrx_word' id='word_1_1222' title='bbox 2272 1616 2396 1650; x_wconf 73' lang='lat' dir='ltr'>(imiliter</span> 
     </span>
     <span class='ocr_line' id='line_1_142' title="bbox 1337 1634 2398 1697; baseline 0.003 -12"><span class='ocrx_word' id='word_1_1223' title='bbox 1337 1665 1439 1697; x_wconf 70' lang='lat' dir='ltr'>omne:</span> <span class='ocrx_word' id='word_1_1224' title='bbox 1458 1655 1592 1686; x_wconf 55' lang='lat' dir='ltr'>Hellandi</span> <span class='ocrx_word' id='word_1_1225' title='bbox 1613 1651 1781 1696; x_wconf 26' lang='lat' dir='ltr'>&amp;nZslandi</span> <span class='ocrx_word' id='word_1_1226' title='bbox 1795 1652 1842 1689; x_wconf 92' lang='lat' dir='ltr'>qui</span> <span class='ocrx_word' id='word_1_1227' title='bbox 1859 1651 1886 1681; x_wconf 89' lang='lat' dir='ltr'>in</span> <span class='ocrx_word' id='word_1_1228' title='bbox 1903 1634 1986 1682; x_wconf 62' lang='lat' dir='ltr'>dietis</span> <span class='ocrx_word' id='word_1_1229' title='bbox 2000 1651 2135 1684; x_wconf 86' lang='lat' dir='ltr'>Navibus</span> <span class='ocrx_word' id='word_1_1230' title='bbox 2147 1655 2315 1694; x_wconf 81' lang='lat' dir='ltr'>reperiantur</span> <span class='ocrx_word' id='word_1_1231' title='bbox 2331 1666 2398 1695; x_wconf 80' lang='lat' dir='ltr'>pos—</span> 
     </span>
     <span class='ocr_line' id='line_1_143' title="bbox 1338 1692 1665 1731; baseline -0.006 -8"><span class='ocrx_word' id='word_1_1232' title='bbox 1338 1695 1390 1724; x_wconf 80' lang='lat' dir='ltr'>sint</span> <span class='ocrx_word' id='word_1_1233' title='bbox 1407 1696 1468 1731; x_wconf 86' lang='lat' dir='ltr'>capi</span> <span class='ocrx_word' id='word_1_1234' title='bbox 1485 1696 1517 1727; x_wconf 65' lang='grc' dir='ltr'>δε</span> <span class='ocrx_word' id='word_1_1235' title='bbox 1533 1692 1665 1724; x_wconf 48' lang='lat' dir='ltr'>arrestari.</span> 
     </span>
    </p>

    <p class='ocr_par' dir='ltr' id='par_1_21' title="bbox 1338 1729 2399 1964">
     <span class='ocr_line' id='line_1_144' title="bbox 1375 1729 2398 1773; baseline 0.002 -11"><span class='ocrx_word' id='word_1_1236' title='bbox 1375 1732 1417 1762; x_wconf 62' lang='grc' dir='ltr'>ΙΨ</span> <span class='ocrx_word' id='word_1_1237' title='bbox 1429 1743 1446 1763; x_wconf 61' lang='grc' dir='ltr'>ιε</span> <span class='ocrx_word' id='word_1_1238' title='bbox 1457 1742 1501 1771; x_wconf 62' lang='grc' dir='ltr'>η,</span> <span class='ocrx_word' id='word_1_1239' title='bbox 1521 1733 1708 1763; x_wconf 52' lang='lat' dir='ltr'>Contentum</span> <span class='ocrx_word' id='word_1_1240' title='bbox 1724 1729 1781 1768; x_wconf 87' lang='lat' dir='ltr'>est,</span> <span class='ocrx_word' id='word_1_1241' title='bbox 1800 1730 1879 1770; x_wconf 71' lang='lat' dir='ltr'>qubd</span> <span class='ocrx_word' id='word_1_1242' title='bbox 1896 1730 2010 1763; x_wconf 83' lang='lat' dir='ltr'>Merces</span> <span class='ocrx_word' id='word_1_1243' title='bbox 2026 1731 2158 1773; x_wconf 82' lang='lat' dir='ltr'>Anglicae</span> <span class='ocrx_word' id='word_1_1244' title='bbox 2171 1733 2278 1764; x_wconf 83' lang='lat' dir='ltr'>Scotiae</span> <span class='ocrx_word' id='word_1_1245' title='bbox 2292 1734 2322 1765; x_wconf 70' lang='grc' dir='ltr'>ὅ(</span> <span class='ocrx_word' id='word_1_1246' title='bbox 2340 1734 2398 1765; x_wconf 84' lang='lat' dir='ltr'>Hi-</span> 
     </span>
     <span class='ocr_line' id='line_1_145' title="bbox 1338 1770 2398 1811; baseline 0.005 -11"><span class='ocrx_word' id='word_1_1247' title='bbox 1338 1771 1461 1802; x_wconf 78' lang='lat' dir='ltr'>bernicae</span> <span class='ocrx_word' id='word_1_1248' title='bbox 1485 1772 1585 1809; x_wconf 76' lang='lat' dir='ltr'>poliint</span> <span class='ocrx_word' id='word_1_1249' title='bbox 1603 1781 1635 1801; x_wconf 74' lang='lat' dir='ltr'>ex</span> <span class='ocrx_word' id='word_1_1250' title='bbox 1660 1770 1762 1808; x_wconf 82' lang='lat' dir='ltr'>Anglia</span> <span class='ocrx_word' id='word_1_1251' title='bbox 1778 1770 1873 1800; x_wconf 73' lang='lat' dir='ltr'>Scotia</span> <span class='ocrx_word' id='word_1_1252' title='bbox 1887 1772 1920 1802; x_wconf 89' lang='lat'>&amp;</span> <span class='ocrx_word' id='word_1_1253' title='bbox 1935 1770 2086 1810; x_wconf 83' lang='lat' dir='ltr'>Hibernia,</span> <span class='ocrx_word' id='word_1_1254' title='bbox 2105 1772 2133 1802; x_wconf 88' lang='lat' dir='ltr'>in</span> <span class='ocrx_word' id='word_1_1255' title='bbox 2149 1772 2346 1811; x_wconf 82' lang='lat' dir='ltr'>Hispaniarum</span> <span class='ocrx_word' id='word_1_1256' title='bbox 2364 1784 2398 1806; x_wconf 88' lang='lat' dir='ltr'>ac</span> 
     </span>
     <span class='ocr_line' id='line_1_146' title="bbox 1340 1808 2380 1850; baseline 0.001 -12"><span class='ocrx_word' id='word_1_1257' title='bbox 1340 1810 1388 1841; x_wconf 87' lang='lat' dir='ltr'>alia</span> <span class='ocrx_word' id='word_1_1258' title='bbox 1414 1811 1510 1845; x_wconf 55' lang='lat' dir='ltr'>Regna</span> <span class='ocrx_word' id='word_1_1259' title='bbox 1533 1811 1602 1840; x_wconf 67' lang='lat' dir='ltr'>dieti</span> <span class='ocrx_word' id='word_1_1260' title='bbox 1625 1808 1796 1839; x_wconf 80' lang='lat' dir='ltr'>Sereuiffimi</span> <span class='ocrx_word' id='word_1_1261' title='bbox 1813 1812 1889 1845; x_wconf 81' lang='lat' dir='ltr'>Regis</span> <span class='ocrx_word' id='word_1_1262' title='bbox 1902 1810 2117 1848; x_wconf 82' lang='lat' dir='ltr'>Hispaniarum,</span> <span class='ocrx_word' id='word_1_1263' title='bbox 2137 1810 2174 1840; x_wconf 90' lang='lat' dir='ltr'>de</span> <span class='ocrx_word' id='word_1_1264' title='bbox 2187 1812 2288 1850; x_wconf 83' lang='lat' dir='ltr'>quibus</span> <span class='ocrx_word' id='word_1_1265' title='bbox 2303 1812 2380 1844; x_wconf 69' lang='lat' dir='ltr'>supra</span> 
     </span>
     <span class='ocr_line' id='line_1_147' title="bbox 1340 1838 2399 1889; baseline 0.005 -11"><span class='ocrx_word' id='word_1_1266' title='bbox 1340 1849 1489 1879; x_wconf 66' lang='lat' dir='ltr'>transmitti</span> <span class='ocrx_word' id='word_1_1267' title='bbox 1510 1851 1542 1881; x_wconf 65' lang='grc' dir='ltr'>ὃς</span> <span class='ocrx_word' id='word_1_1268' title='bbox 1563 1848 1697 1889; x_wconf 60' lang='lat' dir='ltr'>traduci„</span> <span class='ocrx_word' id='word_1_1269' title='bbox 1707 1847 1806 1885; x_wconf 88' lang='lat' dir='ltr'>absque</span> <span class='ocrx_word' id='word_1_1270' title='bbox 1820 1848 1960 1877; x_wconf 65' lang='lat' dir='ltr'>solutione</span> <span class='ocrx_word' id='word_1_1271' title='bbox 1975 1847 2126 1886; x_wconf 69' lang='lat' dir='ltr'>Vefflgaiis</span> <span class='ocrx_word' id='word_1_1272' title='bbox 2137 1849 2248 1888; x_wconf 85' lang='lat' dir='ltr'>triginta</span> <span class='ocrx_word' id='word_1_1273' title='bbox 2265 1860 2317 1889; x_wconf 86' lang='lat' dir='ltr'>pro</span> <span class='ocrx_word' id='word_1_1274' title='bbox 2329 1838 2399 1883; x_wconf 66' lang='lat' dir='ltr'>cen³</span> 
     </span>
     <span class='ocr_line' id='line_1_148' title="bbox 1341 1885 2396 1925; baseline 0.005 -8"><span class='ocrx_word' id='word_1_1275' title='bbox 1341 1895 1404 1917; x_wconf 87' lang='lat' dir='ltr'>tum</span> <span class='ocrx_word' id='word_1_1276' title='bbox 1418 1897 1507 1925; x_wconf 87' lang='lat' dir='ltr'>nuper</span> <span class='ocrx_word' id='word_1_1277' title='bbox 1523 1887 1662 1924; x_wconf 80' lang='lat' dir='ltr'>impositi,</span> <span class='ocrx_word' id='word_1_1278' title='bbox 1682 1885 1725 1916; x_wconf 75' lang='lat' dir='ltr'>led</span> <span class='ocrx_word' id='word_1_1279' title='bbox 1741 1885 1833 1915; x_wconf 88' lang='lat' dir='ltr'>solutis</span> <span class='ocrx_word' id='word_1_1280' title='bbox 1850 1885 1964 1916; x_wconf 79' lang='lat' dir='ltr'>tantum</span> <span class='ocrx_word' id='word_1_1281' title='bbox 1982 1885 2072 1917; x_wconf 78' lang='lat' dir='ltr'>Datiis</span> <span class='ocrx_word' id='word_1_1282' title='bbox 2087 1888 2120 1918; x_wconf 91' lang='lat'>&amp;</span> <span class='ocrx_word' id='word_1_1283' title='bbox 2133 1887 2264 1919; x_wconf 87' lang='lat' dir='ltr'>Teloniis</span> <span class='ocrx_word' id='word_1_1284' title='bbox 2278 1891 2396 1922; x_wconf 86' lang='lat' dir='ltr'>consue-</span> 
     </span>
     <span class='ocr_line' id='line_1_149' title="bbox 1341 1921 2238 1964; baseline 0.001 -7"><span class='ocrx_word' id='word_1_1285' title='bbox 1341 1926 1374 1957; x_wconf 88' lang='lat' dir='ltr'>tis</span> <span class='ocrx_word' id='word_1_1286' title='bbox 1389 1936 1453 1958; x_wconf 86' lang='lat' dir='ltr'>ante</span> <span class='ocrx_word' id='word_1_1287' title='bbox 1470 1927 1636 1964; x_wconf 85' lang='lat' dir='ltr'>impositum</span> <span class='ocrx_word' id='word_1_1288' title='bbox 1653 1924 1762 1954; x_wconf 71' lang='lat' dir='ltr'>dicrum</span> <span class='ocrx_word' id='word_1_1289' title='bbox 1777 1921 1904 1963; x_wconf 52' lang='lat' dir='ltr'>Vei-”tigal</span> <span class='ocrx_word' id='word_1_1290' title='bbox 1919 1925 2032 1963; x_wconf 89' lang='lat' dir='ltr'>triginta</span> <span class='ocrx_word' id='word_1_1291' title='bbox 2047 1934 2099 1964; x_wconf 88' lang='lat' dir='ltr'>pro</span> <span class='ocrx_word' id='word_1_1292' title='bbox 2112 1934 2238 1958; x_wconf 89' lang='lat' dir='ltr'>centum.</span> 
     </span>
    </p>

    <p class='ocr_par' dir='ltr' id='par_1_22' title="bbox 1342 1961 2410 3202">
     <span class='ocr_line' id='line_1_150' title="bbox 1378 1961 2404 2008; baseline 0.005 -13"><span class='ocrx_word' id='word_1_1293' title='bbox 1378 1964 1451 1996; x_wconf 66' lang='lat' dir='ltr'>ira</span> <span class='ocrx_word' id='word_1_1294' title='bbox 1464 1973 1488 1995; x_wconf 75' lang='lat' dir='ltr'>M</span> <span class='ocrx_word' id='word_1_1295' title='bbox 1504 1988 1513 2004; x_wconf 95' lang='lat'>,</span> <span class='ocrx_word' id='word_1_1296' title='bbox 1535 1965 1639 1997; x_wconf 82' lang='lat' dir='ltr'>Pariter</span> <span class='ocrx_word' id='word_1_1297' title='bbox 1662 1962 1852 1995; x_wconf 87' lang='lat' dir='ltr'>Conventum</span> <span class='ocrx_word' id='word_1_1298' title='bbox 1874 1961 1915 1993; x_wconf 92' lang='lat' dir='ltr'>est</span> <span class='ocrx_word' id='word_1_1299' title='bbox 1931 1986 1940 2000; x_wconf 83' lang='lat'>,</span> <span class='ocrx_word' id='word_1_1300' title='bbox 1965 1963 2063 2002; x_wconf 79' lang='lat' dir='ltr'>quod,</span> <span class='ocrx_word' id='word_1_1301' title='bbox 2089 1973 2142 2001; x_wconf 89' lang='lat' dir='ltr'>pro</span> <span class='ocrx_word' id='word_1_1302' title='bbox 2163 1964 2312 1998; x_wconf 85' lang='lat' dir='ltr'>Mercibus</span> <span class='ocrx_word' id='word_1_1303' title='bbox 2332 1976 2404 2008; x_wconf 83' lang='lat' dir='ltr'>quas</span> 
     </span>
     <span class='ocr_line' id='line_1_151' title="bbox 1342 2001 2401 2042; baseline 0.002 -8"><span class='ocrx_word' id='word_1_1304' title='bbox 1342 2004 1518 2036; x_wconf 80' lang='lat' dir='ltr'>Mercatores</span> <span class='ocrx_word' id='word_1_1305' title='bbox 1540 2004 1626 2042; x_wconf 80' lang='lat' dir='ltr'>Angli</span> <span class='ocrx_word' id='word_1_1306' title='bbox 1649 2002 1730 2033; x_wconf 91' lang='lat' dir='ltr'>Scoti</span> <span class='ocrx_word' id='word_1_1307' title='bbox 1751 2002 1784 2032; x_wconf 89' lang='lat'>&amp;</span> <span class='ocrx_word' id='word_1_1308' title='bbox 1806 2001 1929 2032; x_wconf 89' lang='lat' dir='ltr'>Hiberni</span> <span class='ocrx_word' id='word_1_1309' title='bbox 1952 2011 2048 2033; x_wconf 88' lang='lat' dir='ltr'>emerit</span> <span class='ocrx_word' id='word_1_1310' title='bbox 2072 2002 2100 2032; x_wconf 91' lang='lat' dir='ltr'>in</span> <span class='ocrx_word' id='word_1_1311' title='bbox 2123 2001 2265 2042; x_wconf 84' lang='lat' dir='ltr'>Hispaniis</span> <span class='ocrx_word' id='word_1_1312' title='bbox 2284 2005 2329 2038; x_wconf 92' lang='lat' dir='ltr'>vel</span> <span class='ocrx_word' id='word_1_1313' title='bbox 2343 2008 2401 2038; x_wconf 85' lang='lat' dir='ltr'>aliis</span> 
     </span>
     <span class='ocr_line' id='line_1_152' title="bbox 1342 2039 2401 2082; baseline 0.002 -7"><span class='ocrx_word' id='word_1_1314' title='bbox 1342 2043 1452 2082; x_wconf 82' lang='lat' dir='ltr'>Regnis</span> <span class='ocrx_word' id='word_1_1315' title='bbox 1469 2044 1539 2075; x_wconf 67' lang='lat' dir='ltr'>dieti</span> <span class='ocrx_word' id='word_1_1316' title='bbox 1561 2041 1733 2074; x_wconf 86' lang='lat' dir='ltr'>Serenissimi</span> <span class='ocrx_word' id='word_1_1317' title='bbox 1746 2042 1824 2078; x_wconf 85' lang='lat' dir='ltr'>Regis</span> <span class='ocrx_word' id='word_1_1318' title='bbox 1839 2039 2055 2080; x_wconf 70' lang='lat' dir='ltr'>Hispaniarum,</span> <span class='ocrx_word' id='word_1_1319' title='bbox 2072 2041 2105 2072; x_wconf 92' lang='lat'>&amp;</span> <span class='ocrx_word' id='word_1_1320' title='bbox 2122 2042 2151 2072; x_wconf 91' lang='lat' dir='ltr'>iti</span> <span class='ocrx_word' id='word_1_1321' title='bbox 2164 2044 2283 2082; x_wconf 87' lang='lat' dir='ltr'>propriis</span> <span class='ocrx_word' id='word_1_1322' title='bbox 2297 2054 2401 2077; x_wconf 87' lang='lat' dir='ltr'>eorum</span> 
     </span>
     <span class='ocr_line' id='line_1_153' title="bbox 1342 2079 2403 2123; baseline 0.001 -10"><span class='ocrx_word' id='word_1_1323' title='bbox 1342 2083 1476 2114; x_wconf 86' lang='lat' dir='ltr'>Navibus</span> <span class='ocrx_word' id='word_1_1324' title='bbox 1499 2082 1543 2112; x_wconf 91' lang='lat' dir='ltr'>vel</span> <span class='ocrx_word' id='word_1_1325' title='bbox 1559 2081 1711 2113; x_wconf 61' lang='lat' dir='ltr'>conductis</span> <span class='ocrx_word' id='word_1_1326' title='bbox 1728 2080 1772 2110; x_wconf 88' lang='lat' dir='ltr'>vel</span> <span class='ocrx_word' id='word_1_1327' title='bbox 1793 2079 1987 2110; x_wconf 87' lang='lat' dir='ltr'>commodatis</span> <span class='ocrx_word' id='word_1_1328' title='bbox 2007 2079 2041 2110; x_wconf 88' lang='lat' dir='ltr'>ad</span> <span class='ocrx_word' id='word_1_1329' title='bbox 2061 2089 2163 2111; x_wconf 89' lang='lat' dir='ltr'>eorum</span> <span class='ocrx_word' id='word_1_1330' title='bbox 2179 2081 2261 2114; x_wconf 89' lang='lat' dir='ltr'>usum</span> <span class='ocrx_word' id='word_1_1331' title='bbox 2279 2086 2403 2123; x_wconf 78' lang='lat' dir='ltr'>(excep-</span> 
     </span>
     <span class='ocr_line' id='line_1_154' title="bbox 1343 2117 2403 2160; baseline 0 -7"><span class='ocrx_word' id='word_1_1332' title='bbox 1343 2124 1375 2153; x_wconf 86' lang='lat' dir='ltr'>tis</span> <span class='ocrx_word' id='word_1_1333' title='bbox 1397 2131 1510 2159; x_wconf 89' lang='lat' dir='ltr'>tamen,</span> <span class='ocrx_word' id='word_1_1334' title='bbox 1528 2129 1558 2152; x_wconf 92' lang='lat' dir='ltr'>ut</span> <span class='ocrx_word' id='word_1_1335' title='bbox 1580 2119 1701 2160; x_wconf 88' lang='lat' dir='ltr'>superius</span> <span class='ocrx_word' id='word_1_1336' title='bbox 1722 2117 1833 2149; x_wconf 68' lang='lat' dir='ltr'>dietum</span> <span class='ocrx_word' id='word_1_1337' title='bbox 1846 2117 1904 2155; x_wconf 88' lang='lat' dir='ltr'>est,</span> <span class='ocrx_word' id='word_1_1338' title='bbox 1924 2117 2059 2150; x_wconf 88' lang='lat' dir='ltr'>Navibus</span> <span class='ocrx_word' id='word_1_1339' title='bbox 2073 2117 2279 2151; x_wconf 90' lang='lat' dir='ltr'>Holandorum</span> <span class='ocrx_word' id='word_1_1340' title='bbox 2292 2122 2325 2153; x_wconf 90' lang='lat'>&amp;</span> <span class='ocrx_word' id='word_1_1341' title='bbox 2340 2122 2403 2154; x_wconf 82' lang='lat' dir='ltr'>Ze·</span> 
     </span>
     <span class='ocr_line' id='line_1_155' title="bbox 1342 2155 2403 2200; baseline 0 -8"><span class='ocrx_word' id='word_1_1342' title='bbox 1342 2161 1510 2197; x_wconf 90' lang='lat' dir='ltr'>landorum)</span> <span class='ocrx_word' id='word_1_1343' title='bbox 1531 2160 1680 2195; x_wconf 89' lang='lat' dir='ltr'>levabunt,</span> <span class='ocrx_word' id='word_1_1344' title='bbox 1699 2157 1806 2187; x_wconf 88' lang='lat' dir='ltr'>solvant</span> <span class='ocrx_word' id='word_1_1345' title='bbox 1827 2155 2040 2200; x_wconf 33' lang='lat' dir='ltr'>tantum-Dana</span> <span class='ocrx_word' id='word_1_1346' title='bbox 2055 2159 2186 2190; x_wconf 89' lang='lat' dir='ltr'>consueta</span> <span class='ocrx_word' id='word_1_1347' title='bbox 2202 2167 2267 2191; x_wconf 86' lang='lat' dir='ltr'>ante</span> <span class='ocrx_word' id='word_1_1348' title='bbox 2284 2160 2403 2200; x_wconf 82' lang='lat' dir='ltr'>lmpofi-</span> 
     </span>
     <span class='ocr_line' id='line_1_156' title="bbox 1343 2195 2406 2236; baseline -0.003 -4"><span class='ocrx_word' id='word_1_1349' title='bbox 1343 2201 1456 2232; x_wconf 88' lang='lat' dir='ltr'>tionem</span> <span class='ocrx_word' id='word_1_1350' title='bbox 1477 2199 1548 2230; x_wconf 63' lang='lat' dir='ltr'>dieti</span> <span class='ocrx_word' id='word_1_1351' title='bbox 1562 2198 1703 2229; x_wconf 72' lang='lat' dir='ltr'>novissimi</span> <span class='ocrx_word' id='word_1_1352' title='bbox 1721 2195 1869 2234; x_wconf 63' lang='lat' dir='ltr'>Vediigalis</span> <span class='ocrx_word' id='word_1_1353' title='bbox 1884 2195 2000 2231; x_wconf 89' lang='lat' dir='ltr'>triginta</span> <span class='ocrx_word' id='word_1_1354' title='bbox 2016 2205 2069 2235; x_wconf 91' lang='lat' dir='ltr'>pro</span> <span class='ocrx_word' id='word_1_1355' title='bbox 2082 2205 2222 2236; x_wconf 90' lang='lat' dir='ltr'>centum,</span> <span class='ocrx_word' id='word_1_1356' title='bbox 2241 2199 2332 2230; x_wconf 92' lang='lat' dir='ltr'>modo</span> <span class='ocrx_word' id='word_1_1357' title='bbox 2344 2200 2406 2231; x_wconf 78' lang='lat' dir='ltr'>illas</span> 
     </span>
     <span class='ocr_line' id='line_1_157' title="bbox 1346 2232 2404 2278; baseline -0.001 -8"><span class='ocrx_word' id='word_1_1358' title='bbox 1346 2238 1462 2270; x_wconf 90' lang='lat' dir='ltr'>Merces</span> <span class='ocrx_word' id='word_1_1359' title='bbox 1483 2238 1647 2269; x_wconf 88' lang='lat' dir='ltr'>conducant</span> <span class='ocrx_word' id='word_1_1360' title='bbox 1670 2236 1703 2266; x_wconf 88' lang='lat'>&amp;</span> <span class='ocrx_word' id='word_1_1361' title='bbox 1723 2234 1848 2278; x_wconf 81' lang='lat' dir='ltr'>deferant</span> <span class='ocrx_word' id='word_1_1362' title='bbox 1869 2233 1904 2265; x_wconf 91' lang='lat' dir='ltr'>ad</span> <span class='ocrx_word' id='word_1_1363' title='bbox 1919 2232 2024 2271; x_wconf 87' lang='lat' dir='ltr'>Regna</span> <span class='ocrx_word' id='word_1_1364' title='bbox 2045 2233 2117 2266; x_wconf 68' lang='lat' dir='ltr'>dieti</span> <span class='ocrx_word' id='word_1_1365' title='bbox 2136 2235 2309 2268; x_wconf 72' lang='lat' dir='ltr'>serenissimi</span> <span class='ocrx_word' id='word_1_1366' title='bbox 2323 2241 2404 2276; x_wconf 76' lang='lat' dir='ltr'>Regis</span> 
     </span>
     <span class='ocr_line' id='line_1_158' title="bbox 1344 2272 2405 2316; baseline -0.001 -7"><span class='ocrx_word' id='word_1_1367' title='bbox 1344 2277 1460 2316; x_wconf 81' lang='lat' dir='ltr'>Angliae</span> <span class='ocrx_word' id='word_1_1368' title='bbox 1469 2301 1477 2314; x_wconf 89' lang='lat'>,</span> <span class='ocrx_word' id='word_1_1369' title='bbox 1496 2277 1540 2308; x_wconf 90' lang='lat' dir='ltr'>vel</span> <span class='ocrx_word' id='word_1_1370' title='bbox 1554 2276 1587 2307; x_wconf 88' lang='lat' dir='ltr'>ad</span> <span class='ocrx_word' id='word_1_1371' title='bbox 1602 2275 1704 2306; x_wconf 91' lang='lat' dir='ltr'>Portus</span> <span class='ocrx_word' id='word_1_1372' title='bbox 1716 2273 1930 2304; x_wconf 87' lang='lat' dir='ltr'>Provmciarum</span> <span class='ocrx_word' id='word_1_1373' title='bbox 1944 2272 2027 2303; x_wconf 70' lang='lat' dir='ltr'>dietis</span> <span class='ocrx_word' id='word_1_1374' title='bbox 2041 2272 2223 2305; x_wconf 85' lang='lat' dir='ltr'>Sereniffimis</span> <span class='ocrx_word' id='word_1_1375' title='bbox 2236 2276 2405 2307; x_wconf 75' lang='lat' dir='ltr'>Archiduci-</span> 
     </span>
     <span class='ocr_line' id='line_1_159' title="bbox 1345 2310 2404 2353; baseline 0.001 -6"><span class='ocrx_word' id='word_1_1376' title='bbox 1345 2318 1392 2347; x_wconf 80' lang='lat' dir='ltr'>hus</span> <span class='ocrx_word' id='word_1_1377' title='bbox 1413 2316 1692 2353; x_wconf 78' lang='lat' dir='ltr'>obtemperantium,</span> <span class='ocrx_word' id='word_1_1378' title='bbox 1713 2311 1750 2343; x_wconf 88' lang='lat' dir='ltr'>Et</span> <span class='ocrx_word' id='word_1_1379' title='bbox 1767 2311 1800 2342; x_wconf 88' lang='lat' dir='ltr'>ad</span> <span class='ocrx_word' id='word_1_1380' title='bbox 1823 2311 1923 2342; x_wconf 87' lang='lat' dir='ltr'>Finem</span> <span class='ocrx_word' id='word_1_1381' title='bbox 1941 2312 1978 2341; x_wconf 79' lang='lat' dir='ltr'>ne</span> <span class='ocrx_word' id='word_1_1382' title='bbox 2002 2311 2025 2341; x_wconf 92' lang='lat' dir='ltr'>F</span> <span class='ocrx_word' id='word_1_1383' title='bbox 2027 2310 2122 2342; x_wconf 88' lang='lat' dir='ltr'>raudes</span> <span class='ocrx_word' id='word_1_1384' title='bbox 2138 2312 2300 2353; x_wconf 88' lang='lat' dir='ltr'>sequantur,</span> <span class='ocrx_word' id='word_1_1385' title='bbox 2316 2317 2350 2347; x_wconf 93' lang='lat'>&amp;</span> <span class='ocrx_word' id='word_1_1386' title='bbox 2364 2317 2404 2348; x_wconf 61' lang='lat' dir='ltr'>rie</span> 
     </span>
     <span class='ocr_line' id='line_1_160' title="bbox 1344 2348 2404 2388; baseline 0.001 -2"><span class='ocrx_word' id='word_1_1387' title='bbox 1344 2356 1430 2386; x_wconf 56' lang='lat' dir='ltr'>ditstae</span> <span class='ocrx_word' id='word_1_1388' title='bbox 1455 2355 1570 2385; x_wconf 86' lang='lat' dir='ltr'>Merces</span> <span class='ocrx_word' id='word_1_1389' title='bbox 1583 2353 1618 2384; x_wconf 91' lang='lat' dir='ltr'>ad</span> <span class='ocrx_word' id='word_1_1390' title='bbox 1634 2353 1684 2383; x_wconf 86' lang='lat' dir='ltr'>alia</span> <span class='ocrx_word' id='word_1_1391' title='bbox 1700 2351 1780 2382; x_wconf 89' lang='lat' dir='ltr'>Loca</span> <span class='ocrx_word' id='word_1_1392' title='bbox 1796 2350 1829 2381; x_wconf 90' lang='lat'>&amp;</span> <span class='ocrx_word' id='word_1_1393' title='bbox 1845 2348 1962 2388; x_wconf 81' lang='lat' dir='ltr'>Regna,</span> <span class='ocrx_word' id='word_1_1394' title='bbox 1980 2351 2013 2381; x_wconf 69' lang='grc' dir='ltr'>ὃ(</span> <span class='ocrx_word' id='word_1_1395' title='bbox 2029 2351 2057 2380; x_wconf 90' lang='lat' dir='ltr'>in</span> <span class='ocrx_word' id='word_1_1396' title='bbox 2071 2349 2162 2388; x_wconf 88' lang='lat' dir='ltr'>specie</span> <span class='ocrx_word' id='word_1_1397' title='bbox 2175 2353 2204 2382; x_wconf 90' lang='lat' dir='ltr'>in</span> <span class='ocrx_word' id='word_1_1398' title='bbox 2220 2353 2404 2387; x_wconf 81' lang='lat' dir='ltr'>Hollandiam</span> 
     </span>
     <span class='ocr_line' id='line_1_161' title="bbox 1344 2388 2404 2431; baseline -0.002 -7"><span class='ocrx_word' id='word_1_1399' title='bbox 1344 2395 1378 2426; x_wconf 93' lang='lat'>&amp;</span> <span class='ocrx_word' id='word_1_1400' title='bbox 1402 2393 1584 2431; x_wconf 80' lang='lat' dir='ltr'>zelandiam,</span> <span class='ocrx_word' id='word_1_1401' title='bbox 1600 2392 1777 2428; x_wconf 89' lang='lat' dir='ltr'>deferantur,</span> <span class='ocrx_word' id='word_1_1402' title='bbox 1794 2388 1965 2419; x_wconf 89' lang='lat' dir='ltr'>conclusum</span> <span class='ocrx_word' id='word_1_1403' title='bbox 1986 2389 2027 2419; x_wconf 87' lang='lat' dir='ltr'>est</span> <span class='ocrx_word' id='word_1_1404' title='bbox 2043 2389 2123 2427; x_wconf 79' lang='lat' dir='ltr'>quod</span> <span class='ocrx_word' id='word_1_1405' title='bbox 2139 2390 2209 2421; x_wconf 69' lang='lat' dir='ltr'>dicti</span> <span class='ocrx_word' id='word_1_1406' title='bbox 2226 2391 2404 2426; x_wconf 58' lang='lat' dir='ltr'>Mercator&amp;</span> 
     </span>
     <span class='ocr_line' id='line_1_162' title="bbox 1344 2426 2405 2472; baseline 0.001 -8"><span class='ocrx_word' id='word_1_1407' title='bbox 1344 2434 1370 2464; x_wconf 78' lang='lat' dir='ltr'>ie</span> <span class='ocrx_word' id='word_1_1408' title='bbox 1384 2434 1569 2472; x_wconf 85' lang='lat' dir='ltr'>obligabunt,</span> <span class='ocrx_word' id='word_1_1409' title='bbox 1588 2440 1718 2469; x_wconf 89' lang='lat' dir='ltr'>ternpore</span> <span class='ocrx_word' id='word_1_1410' title='bbox 1737 2437 1796 2468; x_wconf 89' lang='lat' dir='ltr'>quo</span> <span class='ocrx_word' id='word_1_1411' title='bbox 1811 2428 1972 2470; x_wconf 86' lang='lat' dir='ltr'>onerabunt</span> <span class='ocrx_word' id='word_1_1412' title='bbox 1985 2426 2086 2458; x_wconf 84' lang='lat' dir='ltr'>Naves</span> <span class='ocrx_word' id='word_1_1413' title='bbox 2097 2429 2127 2459; x_wconf 92' lang='lat' dir='ltr'>in</span> <span class='ocrx_word' id='word_1_1414' title='bbox 2146 2427 2299 2471; x_wconf 83' lang='lat' dir='ltr'>Hilpania,</span> <span class='ocrx_word' id='word_1_1415' title='bbox 2316 2434 2360 2464; x_wconf 91' lang='lat' dir='ltr'>vel</span> <span class='ocrx_word' id='word_1_1416' title='bbox 2373 2443 2405 2465; x_wconf 86' lang='lat' dir='ltr'>a·</span> 
     </span>
     <span class='ocr_line' id='line_1_163' title="bbox 1344 2464 2407 2511; baseline 0 -9"><span class='ocrx_word' id='word_1_1417' title='bbox 1344 2474 1386 2503; x_wconf 91' lang='lat' dir='ltr'>liis</span> <span class='ocrx_word' id='word_1_1418' title='bbox 1408 2472 1516 2510; x_wconf 81' lang='lat' dir='ltr'>Regnis</span> <span class='ocrx_word' id='word_1_1419' title='bbox 1534 2471 1567 2501; x_wconf 94' lang='lat'>&amp;</span> <span class='ocrx_word' id='word_1_1420' title='bbox 1590 2469 1737 2500; x_wconf 86' lang='lat' dir='ltr'>Dominiis</span> <span class='ocrx_word' id='word_1_1421' title='bbox 1753 2465 1825 2496; x_wconf 60' lang='lat' dir='ltr'>dieti</span> <span class='ocrx_word' id='word_1_1422' title='bbox 1845 2464 2015 2509; x_wconf 73' lang='lat' dir='ltr'>Serenissimi</span> <span class='ocrx_word' id='word_1_1423' title='bbox 2037 2468 2102 2503; x_wconf 88' lang='lat' dir='ltr'>Regi</span> <span class='ocrx_word' id='word_1_1424' title='bbox 2114 2466 2326 2510; x_wconf 80' lang='lat' dir='ltr'>Hispaniarum,</span> <span class='ocrx_word' id='word_1_1425' title='bbox 2344 2472 2407 2511; x_wconf 89' lang='lat' dir='ltr'>qui-</span> 
     </span>
     <span class='ocr_line' id='line_1_164' title="bbox 1346 2503 2403 2548; baseline -0.001 -7"><span class='ocrx_word' id='word_1_1426' title='bbox 1346 2512 1398 2541; x_wconf 84' lang='lat' dir='ltr'>bus</span> <span class='ocrx_word' id='word_1_1427' title='bbox 1410 2511 1505 2547; x_wconf 89' lang='lat' dir='ltr'>supra,</span> <span class='ocrx_word' id='word_1_1428' title='bbox 1524 2518 1623 2539; x_wconf 90' lang='lat' dir='ltr'>coram</span> <span class='ocrx_word' id='word_1_1429' title='bbox 1639 2505 1847 2547; x_wconf 82' lang='lat' dir='ltr'>Magistratibus</span> <span class='ocrx_word' id='word_1_1430' title='bbox 1860 2503 1935 2534; x_wconf 86' lang='lat' dir='ltr'>Loci</span> <span class='ocrx_word' id='word_1_1431' title='bbox 1950 2514 1978 2533; x_wconf 92' lang='lat' dir='ltr'>in</span> <span class='ocrx_word' id='word_1_1432' title='bbox 1995 2514 2053 2542; x_wconf 91' lang='lat' dir='ltr'>quo</span> <span class='ocrx_word' id='word_1_1433' title='bbox 2068 2504 2185 2536; x_wconf 87' lang='lat' dir='ltr'>Merces</span> <span class='ocrx_word' id='word_1_1434' title='bbox 2196 2506 2329 2539; x_wconf 86' lang='lat' dir='ltr'>levabunt</span> <span class='ocrx_word' id='word_1_1435' title='bbox 2338 2532 2347 2548; x_wconf 94' lang='lat'>,</span> <span class='ocrx_word' id='word_1_1436' title='bbox 2366 2512 2403 2540; x_wconf 92' lang='lat' dir='ltr'>de</span> 
     </span>
     <span class='ocr_line' id='line_1_165' title="bbox 1344 2544 2404 2584; baseline -0.004 -6"><span class='ocrx_word' id='word_1_1437' title='bbox 1344 2548 1481 2578; x_wconf 87' lang='lat' dir='ltr'>solvendo</span> <span class='ocrx_word' id='word_1_1438' title='bbox 1503 2547 1580 2577; x_wconf 70' lang='lat' dir='ltr'>dieto</span> <span class='ocrx_word' id='word_1_1439' title='bbox 1603 2544 1738 2582; x_wconf 62' lang='lat' dir='ltr'>Vectigali</span> <span class='ocrx_word' id='word_1_1440' title='bbox 1762 2550 1872 2581; x_wconf 82' lang='lat' dir='ltr'>triginta</span> <span class='ocrx_word' id='word_1_1441' title='bbox 1892 2552 1946 2579; x_wconf 84' lang='lat' dir='ltr'>pro</span> <span class='ocrx_word' id='word_1_1442' title='bbox 1968 2551 2102 2584; x_wconf 68' lang='lat' dir='ltr'>ceritum,</span> <span class='ocrx_word' id='word_1_1443' title='bbox 2122 2545 2168 2573; x_wconf 89' lang='lat' dir='ltr'>ubi</span> <span class='ocrx_word' id='word_1_1444' title='bbox 2182 2544 2274 2576; x_wconf 66' lang='lat' dir='ltr'>dictas</span> <span class='ocrx_word' id='word_1_1445' title='bbox 2288 2546 2404 2578; x_wconf 77' lang='lat' dir='ltr'>Merces</span> 
     </span>
     <span class='ocr_line' id='line_1_166' title="bbox 1345 2580 2402 2619; baseline 0.001 -2"><span class='ocrx_word' id='word_1_1446' title='bbox 1345 2586 1378 2617; x_wconf 90' lang='lat' dir='ltr'>ad</span> <span class='ocrx_word' id='word_1_1447' title='bbox 1402 2587 1465 2616; x_wconf 90' lang='lat' dir='ltr'>alias</span> <span class='ocrx_word' id='word_1_1448' title='bbox 1490 2584 1656 2615; x_wconf 85' lang='lat' dir='ltr'>Provincias</span> <span class='ocrx_word' id='word_1_1449' title='bbox 1676 2584 1816 2617; x_wconf 79' lang='lat' dir='ltr'>deferant,</span> <span class='ocrx_word' id='word_1_1450' title='bbox 1834 2581 1868 2610; x_wconf 92' lang='lat'>&amp;</span> <span class='ocrx_word' id='word_1_1451' title='bbox 1891 2580 1926 2610; x_wconf 90' lang='lat' dir='ltr'>de</span> <span class='ocrx_word' id='word_1_1452' title='bbox 1946 2581 2134 2619; x_wconf 73' lang='lat' dir='ltr'>consignanda</span> <span class='ocrx_word' id='word_1_1453' title='bbox 2149 2581 2367 2616; x_wconf 84' lang='lat' dir='ltr'>Certificatione</span> <span class='ocrx_word' id='word_1_1454' title='bbox 2385 2589 2402 2618; x_wconf 71' lang='lat' dir='ltr'>a</span> 
     </span>
     <span class='ocr_line' id='line_1_167' title="bbox 1345 2618 2402 2664; baseline -0.004 -11"><span class='ocrx_word' id='word_1_1455' title='bbox 1345 2624 1558 2664; x_wconf 82' lang='lat' dir='ltr'>Magistratibus</span> <span class='ocrx_word' id='word_1_1456' title='bbox 1585 2623 1732 2652; x_wconf 88' lang='lat' dir='ltr'>Locorum</span> <span class='ocrx_word' id='word_1_1457' title='bbox 1754 2618 2137 2661; x_wconf 32' lang='lat' dir='ltr'>obtiiiendaDexonerationis</span> <span class='ocrx_word' id='word_1_1458' title='bbox 2158 2619 2295 2652; x_wconf 60' lang='lat' dir='ltr'>diciarum</span> <span class='ocrx_word' id='word_1_1459' title='bbox 2318 2623 2402 2656; x_wconf 80' lang='lat' dir='ltr'>Mer-</span> 
     </span>
     <span class='ocr_line' id='line_1_168' title="bbox 1344 2656 2400 2699; baseline 0 -5"><span class='ocrx_word' id='word_1_1460' title='bbox 1344 2665 1441 2699; x_wconf 79' lang='lat' dir='ltr'>cium,</span> <span class='ocrx_word' id='word_1_1461' title='bbox 1459 2662 1505 2693; x_wconf 90' lang='lat' dir='ltr'>vel</span> <span class='ocrx_word' id='word_1_1462' title='bbox 1530 2663 1559 2691; x_wconf 89' lang='lat' dir='ltr'>in</span> <span class='ocrx_word' id='word_1_1463' title='bbox 1584 2660 1692 2697; x_wconf 77' lang='lat' dir='ltr'>Regno</span> <span class='ocrx_word' id='word_1_1464' title='bbox 1711 2658 1838 2697; x_wconf 79' lang='lat' dir='ltr'>Angiiae,</span> <span class='ocrx_word' id='word_1_1465' title='bbox 1857 2657 1900 2687; x_wconf 90' lang='lat' dir='ltr'>vel</span> <span class='ocrx_word' id='word_1_1466' title='bbox 1918 2665 1946 2684; x_wconf 91' lang='lat' dir='ltr'>in</span> <span class='ocrx_word' id='word_1_1467' title='bbox 1962 2656 2102 2687; x_wconf 75' lang='lat' dir='ltr'>Portubus</span> <span class='ocrx_word' id='word_1_1468' title='bbox 2119 2657 2335 2692; x_wconf 86' lang='lat' dir='ltr'>Provinciarum</span> <span class='ocrx_word' id='word_1_1469' title='bbox 2350 2663 2400 2694; x_wconf 87' lang='lat' dir='ltr'>sub</span> 
     </span>
     <span class='ocr_line' id='line_1_169' title="bbox 1345 2694 2402 2741; baseline 0 -9"><span class='ocrx_word' id='word_1_1470' title='bbox 1345 2702 1515 2732; x_wconf 86' lang='lat' dir='ltr'>Obedientia</span> <span class='ocrx_word' id='word_1_1471' title='bbox 1545 2699 1690 2730; x_wconf 60' lang='lat' dir='ltr'>dierorum</span> <span class='ocrx_word' id='word_1_1472' title='bbox 1721 2694 1967 2740; x_wconf 71' lang='lat' dir='ltr'>Sereniffimorum</span> <span class='ocrx_word' id='word_1_1473' title='bbox 1995 2694 2183 2726; x_wconf 83' lang='lat' dir='ltr'>Archiducum</span> <span class='ocrx_word' id='word_1_1474' title='bbox 2205 2699 2402 2741; x_wconf 81' lang='lat' dir='ltr'>existentium,</span> 
     </span>
     <span class='ocr_line' id='line_1_170' title="bbox 1344 2732 2403 2777; baseline -0.001 -6"><span class='ocrx_word' id='word_1_1475' title='bbox 1344 2742 1467 2771; x_wconf 87' lang='lat' dir='ltr'>termino</span> <span class='ocrx_word' id='word_1_1476' title='bbox 1488 2738 1643 2769; x_wconf 88' lang='lat' dir='ltr'>duodecim</span> <span class='ocrx_word' id='word_1_1477' title='bbox 1666 2735 1830 2771; x_wconf 88' lang='lat' dir='ltr'>Mensium,</span> <span class='ocrx_word' id='word_1_1478' title='bbox 1848 2743 1903 2771; x_wconf 86' lang='lat' dir='ltr'>qua</span> <span class='ocrx_word' id='word_1_1479' title='bbox 1925 2732 2140 2776; x_wconf 54' lang='lat' dir='ltr'>(fertificatione</span> <span class='ocrx_word' id='word_1_1480' title='bbox 2152 2736 2293 2777; x_wconf 76' lang='lat' dir='ltr'>exhibita,</span> <span class='ocrx_word' id='word_1_1481' title='bbox 2314 2739 2403 2772; x_wconf 77' lang='lat' dir='ltr'>Obli—</span> 
     </span>
     <span class='ocr_line' id='line_1_171' title="bbox 1343 2770 2401 2819; baseline 0.001 -10"><span class='ocrx_word' id='word_1_1482' title='bbox 1343 2782 1471 2819; x_wconf 87' lang='lat' dir='ltr'>gationes</span> <span class='ocrx_word' id='word_1_1483' title='bbox 1483 2779 1556 2816; x_wconf 88' lang='lat' dir='ltr'>prius</span> <span class='ocrx_word' id='word_1_1484' title='bbox 1571 2777 1643 2805; x_wconf 75' lang='lat' dir='ltr'>dane</span> <span class='ocrx_word' id='word_1_1485' title='bbox 1660 2773 1779 2804; x_wconf 86' lang='lat' dir='ltr'>eandem</span> <span class='ocrx_word' id='word_1_1486' title='bbox 1796 2770 2044 2802; x_wconf 81' lang='lat' dir='ltr'>Certificationem</span> <span class='ocrx_word' id='word_1_1487' title='bbox 2059 2773 2245 2806; x_wconf 83' lang='lat' dir='ltr'>adserentibus</span> <span class='ocrx_word' id='word_1_1488' title='bbox 2259 2780 2401 2810; x_wconf 80' lang='lat' dir='ltr'>retraden—</span> 
     </span>
     <span class='ocr_line' id='line_1_172' title="bbox 1345 2809 2404 2856; baseline 0.006 -13"><span class='ocrx_word' id='word_1_1489' title='bbox 1345 2827 1406 2855; x_wconf 73' lang='lat' dir='ltr'>tur,</span> <span class='ocrx_word' id='word_1_1490' title='bbox 1443 2816 1593 2856; x_wconf 75' lang='lat' dir='ltr'>Quodque</span> <span class='ocrx_word' id='word_1_1491' title='bbox 1614 2811 1809 2844; x_wconf 85' lang='lat' dir='ltr'>Sereniffimus</span> <span class='ocrx_word' id='word_1_1492' title='bbox 1829 2812 1890 2854; x_wconf 67' lang='lat' dir='ltr'>Rex</span> <span class='ocrx_word' id='word_1_1493' title='bbox 1914 2809 2030 2847; x_wconf 82' lang='lat' dir='ltr'>Angliae</span> <span class='ocrx_word' id='word_1_1494' title='bbox 2051 2812 2215 2848; x_wconf 87' lang='lat' dir='ltr'>prohibebit</span> <span class='ocrx_word' id='word_1_1495' title='bbox 2231 2814 2325 2847; x_wconf 87' lang='lat' dir='ltr'>statim</span> <span class='ocrx_word' id='word_1_1496' title='bbox 2339 2818 2404 2856; x_wconf 87' lang='lat' dir='ltr'>post</span> 
     </span>
     <span class='ocr_line' id='line_1_173' title="bbox 1345 2848 2384 2892; baseline -0.002 -5"><span class='ocrx_word' id='word_1_1497' title='bbox 1345 2856 1535 2887; x_wconf 86' lang='lat' dir='ltr'>firmationem</span> <span class='ocrx_word' id='word_1_1498' title='bbox 1551 2852 1690 2892; x_wconf 73' lang='lat' dir='ltr'>praesentis</span> <span class='ocrx_word' id='word_1_1499' title='bbox 1705 2849 1880 2880; x_wconf 78' lang='lat' dir='ltr'>Concordiae</span> <span class='ocrx_word' id='word_1_1500' title='bbox 1895 2849 1974 2884; x_wconf 81' lang='lat' dir='ltr'>quod</span> <span class='ocrx_word' id='word_1_1501' title='bbox 1990 2848 2081 2880; x_wconf 88' lang='lat' dir='ltr'>nullus</span> <span class='ocrx_word' id='word_1_1502' title='bbox 2093 2854 2252 2888; x_wconf 81' lang='lat' dir='ltr'>exportabit</span> <span class='ocrx_word' id='word_1_1503' title='bbox 2269 2854 2384 2888; x_wconf 80' lang='lat' dir='ltr'>Merces</span> 
     </span>
     <span class='ocr_line' id='line_1_174' title="bbox 1345 2881 2402 2932; baseline -0.004 -6"><span class='ocrx_word' id='word_1_1504' title='bbox 1345 2905 1379 2926; x_wconf 87' lang='lat' dir='ltr'>ex</span> <span class='ocrx_word' id='word_1_1505' title='bbox 1393 2894 1533 2932; x_wconf 82' lang='lat' dir='ltr'>Hispaniis</span> <span class='ocrx_word' id='word_1_1506' title='bbox 1549 2892 1593 2922; x_wconf 87' lang='lat' dir='ltr'>vel</span> <span class='ocrx_word' id='word_1_1507' title='bbox 1606 2892 1663 2921; x_wconf 87' lang='lat' dir='ltr'>aliis</span> <span class='ocrx_word' id='word_1_1508' title='bbox 1676 2889 1784 2928; x_wconf 83' lang='lat' dir='ltr'>Regnis</span> <span class='ocrx_word' id='word_1_1509' title='bbox 1797 2886 2062 2931; x_wconf 21' lang='lat' dir='ltr'>SereniffimitRegis</span> <span class='ocrx_word' id='word_1_1510' title='bbox 2076 2890 2272 2928; x_wconf 72' lang='lat' dir='ltr'>Hispaniarum</span> <span class='ocrx_word' id='word_1_1511' title='bbox 2287 2881 2402 2926; x_wconf 46' lang='lat' dir='ltr'>aliunde?</span> 
     </span>
     <span class='ocr_line' id='line_1_175' title="bbox 1344 2926 2403 2972; baseline -0.003 -8"><span class='ocrx_word' id='word_1_1512' title='bbox 1344 2933 1520 2970; x_wconf 79' lang='lat' dir='ltr'>deferendas,</span> <span class='ocrx_word' id='word_1_1513' title='bbox 1540 2931 1625 2968; x_wconf 66' lang='lat' dir='ltr'>quam</span> <span class='ocrx_word' id='word_1_1514' title='bbox 1647 2929 1680 2958; x_wconf 92' lang='lat' dir='ltr'>ad</span> <span class='ocrx_word' id='word_1_1515' title='bbox 1702 2927 1804 2971; x_wconf 81' lang='lat' dir='ltr'>Regna</span> <span class='ocrx_word' id='word_1_1516' title='bbox 1825 2926 1888 2970; x_wconf 74' lang='lat' dir='ltr'>sua,</span> <span class='ocrx_word' id='word_1_1517' title='bbox 1907 2927 1942 2957; x_wconf 89' lang='lat'>&amp;</span> <span class='ocrx_word' id='word_1_1518' title='bbox 1955 2926 2047 2957; x_wconf 67' lang='lat' dir='ltr'>dictos</span> <span class='ocrx_word' id='word_1_1519' title='bbox 2063 2926 2166 2960; x_wconf 85' lang='lat' dir='ltr'>Portus</span> <span class='ocrx_word' id='word_1_1520' title='bbox 2179 2930 2333 2972; x_wconf 78' lang='lat' dir='ltr'>Flandriae,</span> <span class='ocrx_word' id='word_1_1521' title='bbox 2352 2935 2403 2966; x_wconf 74' lang='lat' dir='ltr'>sub</span> 
     </span>
     <span class='ocr_line' id='line_1_176' title="bbox 1344 2964 2401 3011; baseline -0.001 -9"><span class='ocrx_word' id='word_1_1522' title='bbox 1344 2972 1435 3002; x_wconf 87' lang='lat' dir='ltr'>Poena</span> <span class='ocrx_word' id='word_1_1523' title='bbox 1461 2968 1682 3001; x_wconf 78' lang='lat' dir='ltr'>Confiscationis</span> <span class='ocrx_word' id='word_1_1524' title='bbox 1706 2974 1841 2996; x_wconf 88' lang='lat' dir='ltr'>omnium</span> <span class='ocrx_word' id='word_1_1525' title='bbox 1862 2964 1983 3011; x_wconf 63' lang='lat' dir='ltr'>ipsarum</span> <span class='ocrx_word' id='word_1_1526' title='bbox 2003 2964 2151 2998; x_wconf 89' lang='lat' dir='ltr'>Merciurn</span> <span class='ocrx_word' id='word_1_1527' title='bbox 2173 2970 2264 3000; x_wconf 89' lang='lat' dir='ltr'>versus</span> <span class='ocrx_word' id='word_1_1528' title='bbox 2287 2971 2401 3004; x_wconf 86' lang='lat' dir='ltr'>Fiscurn</span> 
     </span>
     <span class='ocr_line' id='line_1_177' title="bbox 1345 3002 2410 3048; baseline 0.002 -7"><span class='ocrx_word' id='word_1_1529' title='bbox 1345 3011 1415 3041; x_wconf 68' lang='lat' dir='ltr'>dieti</span> <span class='ocrx_word' id='word_1_1530' title='bbox 1431 3008 1602 3040; x_wconf 81' lang='lat' dir='ltr'>Serenissiini</span> <span class='ocrx_word' id='word_1_1531' title='bbox 1619 3009 1695 3043; x_wconf 76' lang='lat' dir='ltr'>Regis</span> <span class='ocrx_word' id='word_1_1532' title='bbox 1709 3002 1910 3048; x_wconf 39' lang='lat' dir='ltr'>AninaeJdata</span> <span class='ocrx_word' id='word_1_1533' title='bbox 1923 3002 2080 3047; x_wconf 84' lang='lat' dir='ltr'>Medietate</span> <span class='ocrx_word' id='word_1_1534' title='bbox 2096 3005 2237 3038; x_wconf 66' lang='lat' dir='ltr'>dictarum</span> <span class='ocrx_word' id='word_1_1535' title='bbox 2253 3008 2410 3042; x_wconf 77' lang='lat' dir='ltr'>Mercium</span> 
     </span>
     <span class='ocr_line' id='line_1_178' title="bbox 1345 3042 2401 3087; baseline -0.001 -7"><span class='ocrx_word' id='word_1_1536' title='bbox 1345 3053 1390 3081; x_wconf 91' lang='lat' dir='ltr'>seu</span> <span class='ocrx_word' id='word_1_1537' title='bbox 1415 3050 1515 3079; x_wconf 86' lang='lat' dir='ltr'>valoris</span> <span class='ocrx_word' id='word_1_1538' title='bbox 1542 3045 1744 3081; x_wconf 80' lang='lat' dir='ltr'>Notificatori,</span> <span class='ocrx_word' id='word_1_1539' title='bbox 1763 3046 1796 3074; x_wconf 83' lang='lat'>&amp;</span> <span class='ocrx_word' id='word_1_1540' title='bbox 1814 3043 1946 3086; x_wconf 29' lang='lat' dir='ltr'>‘inp—rimis</span> <span class='ocrx_word' id='word_1_1541' title='bbox 1970 3042 2096 3073; x_wconf 63' lang='lat' dir='ltr'>deducio</span> <span class='ocrx_word' id='word_1_1542' title='bbox 2119 3044 2208 3076; x_wconf 78' lang='lat' dir='ltr'>Datio</span> <span class='ocrx_word' id='word_1_1543' title='bbox 2224 3048 2333 3086; x_wconf 79' lang='lat' dir='ltr'>triginta</span> <span class='ocrx_word' id='word_1_1544' title='bbox 2348 3060 2401 3087; x_wconf 90' lang='lat' dir='ltr'>pro</span> 
     </span>
     <span class='ocr_line' id='line_1_179' title="bbox 1344 3079 2403 3125; baseline -0.001 -6"><span class='ocrx_word' id='word_1_1545' title='bbox 1344 3097 1479 3124; x_wconf 87' lang='lat' dir='ltr'>centum,</span> <span class='ocrx_word' id='word_1_1546' title='bbox 1497 3085 1574 3124; x_wconf 89' lang='lat' dir='ltr'>quod</span> <span class='ocrx_word' id='word_1_1547' title='bbox 1596 3085 1716 3115; x_wconf 89' lang='lat' dir='ltr'>solvetur</span> <span class='ocrx_word' id='word_1_1548' title='bbox 1742 3080 1881 3112; x_wconf 87' lang='lat' dir='ltr'>Ministris</span> <span class='ocrx_word' id='word_1_1549' title='bbox 1900 3081 1935 3112; x_wconf 86' lang='lat'>&amp;</span> <span class='ocrx_word' id='word_1_1550' title='bbox 1957 3079 2108 3124; x_wconf 80' lang='lat' dir='ltr'>Deputatis</span> <span class='ocrx_word' id='word_1_1551' title='bbox 2131 3083 2303 3118; x_wconf 87' lang='lat' dir='ltr'>Sereniffimi</span> <span class='ocrx_word' id='word_1_1552' title='bbox 2325 3091 2403 3125; x_wconf 81' lang='lat' dir='ltr'>Regis</span> 
     </span>
     <span class='ocr_line' id='line_1_180' title="bbox 1347 3119 2403 3165; baseline 0.002 -9"><span class='ocrx_word' id='word_1_1553' title='bbox 1347 3126 1560 3165; x_wconf 75' lang='lat' dir='ltr'>Hispaniarum,</span> <span class='ocrx_word' id='word_1_1554' title='bbox 1578 3121 1715 3154; x_wconf 65' lang='lat' dir='ltr'>adhibitiii</span> <span class='ocrx_word' id='word_1_1555' title='bbox 1735 3121 1788 3150; x_wconf 87' lang='lat' dir='ltr'>fide</span> <span class='ocrx_word' id='word_1_1556' title='bbox 1811 3119 2028 3163; x_wconf 71' lang='lat' dir='ltr'>probationibus</span> <span class='ocrx_word' id='word_1_1557' title='bbox 2044 3120 2185 3158; x_wconf 79' lang='lat' dir='ltr'>legittime</span> <span class='ocrx_word' id='word_1_1558' title='bbox 2206 3125 2237 3155; x_wconf 87' lang='lat' dir='ltr'>in</span> <span class='ocrx_word' id='word_1_1559' title='bbox 2259 3124 2403 3164; x_wconf 83' lang='lat' dir='ltr'>Hispaniis</span> 
     </span>
     <span class='ocr_line' id='line_1_181' title="bbox 1347 3157 2322 3202; baseline -0.002 -6"><span class='ocrx_word' id='word_1_1560' title='bbox 1347 3166 1481 3202; x_wconf 79' lang='lat' dir='ltr'>receptis,</span> <span class='ocrx_word' id='word_1_1561' title='bbox 1500 3163 1556 3193; x_wconf 89' lang='lat' dir='ltr'>huc</span> <span class='ocrx_word' id='word_1_1562' title='bbox 1572 3164 1601 3192; x_wconf 89' lang='lat' dir='ltr'>in</span> <span class='ocrx_word' id='word_1_1563' title='bbox 1618 3160 1754 3196; x_wconf 85' lang='lat' dir='ltr'>Angliam</span> <span class='ocrx_word' id='word_1_1564' title='bbox 1772 3157 1989 3189; x_wconf 82' lang='lat' dir='ltr'>transmittendis</span> <span class='ocrx_word' id='word_1_1565' title='bbox 1999 3159 2030 3188; x_wconf 86' lang='lat' dir='ltr'>in</span> <span class='ocrx_word' id='word_1_1566' title='bbox 2045 3160 2206 3192; x_wconf 89' lang='lat' dir='ltr'>authentica</span> <span class='ocrx_word' id='word_1_1567' title='bbox 2220 3163 2322 3197; x_wconf 79' lang='lat' dir='ltr'>forma.</span> 
     </span>
    </p>

    <p class='ocr_par' dir='ltr' id='par_1_23' title="bbox 1347 3195 2404 3543">
     <span class='ocr_line' id='line_1_182' title="bbox 1384 3195 2402 3240; baseline 0.005 -10"><span class='ocrx_word' id='word_1_1568' title='bbox 1384 3203 1396 3233; x_wconf 91' lang='lat'><em>1</em></span> <span class='ocrx_word' id='word_1_1569' title='bbox 1409 3212 1432 3233; x_wconf 80' lang='grc' dir='ltr'><strong>τ</strong></span> <span class='ocrx_word' id='word_1_1570' title='bbox 1443 3213 1459 3233; x_wconf 72' lang='grc' dir='ltr'>Ε</span> <span class='ocrx_word' id='word_1_1571' title='bbox 1471 3211 1498 3233; x_wconf 83' lang='grc' dir='ltr'>Μ</span> <span class='ocrx_word' id='word_1_1572' title='bbox 1508 3224 1517 3237; x_wconf 87' lang='lat'>,</span> <span class='ocrx_word' id='word_1_1573' title='bbox 1537 3200 1630 3237; x_wconf 70' lang='lat' dir='ltr'>Quod</span> <span class='ocrx_word' id='word_1_1574' title='bbox 1653 3199 1742 3228; x_wconf 83' lang='lat' dir='ltr'>nullus</span> <span class='ocrx_word' id='word_1_1575' title='bbox 1765 3195 1948 3240; x_wconf 35' lang='lat' dir='ltr'>Magi-stratus</span> <span class='ocrx_word' id='word_1_1576' title='bbox 1971 3195 2110 3229; x_wconf 87' lang='lat' dir='ltr'>Villarum</span> <span class='ocrx_word' id='word_1_1577' title='bbox 2123 3199 2170 3231; x_wconf 88' lang='lat' dir='ltr'>vel</span> <span class='ocrx_word' id='word_1_1578' title='bbox 2185 3199 2346 3234; x_wconf 86' lang='lat' dir='ltr'>Civitatum</span> <span class='ocrx_word' id='word_1_1579' title='bbox 2359 3203 2402 3234; x_wconf 89' lang='lat' dir='ltr'>di-</span> 
     </span>
     <span class='ocr_line' id='line_1_183' title="bbox 1349 3233 2404 3276; baseline 0.002 -4"><span class='ocrx_word' id='word_1_1580' title='bbox 1349 3242 1465 3272; x_wconf 71' lang='lat' dir='ltr'>‹S’torum</span> <span class='ocrx_word' id='word_1_1581' title='bbox 1482 3240 1652 3276; x_wconf 83' lang='lat' dir='ltr'>Regnorum</span> <span class='ocrx_word' id='word_1_1582' title='bbox 1667 3237 1783 3266; x_wconf 90' lang='lat' dir='ltr'>suorum</span> <span class='ocrx_word' id='word_1_1583' title='bbox 1802 3245 1852 3273; x_wconf 89' lang='lat' dir='ltr'>qui</span> <span class='ocrx_word' id='word_1_1584' title='bbox 1869 3233 2094 3267; x_wconf 84' lang='lat' dir='ltr'>Certificationes</span> <span class='ocrx_word' id='word_1_1585' title='bbox 2106 3236 2322 3273; x_wconf 87' lang='lat' dir='ltr'>Exonerationis</span> <span class='ocrx_word' id='word_1_1586' title='bbox 2338 3241 2404 3274; x_wconf 81' lang='lat' dir='ltr'>Na-</span> 
     </span>
     <span class='ocr_line' id='line_1_184' title="bbox 1347 3272 2403 3315; baseline -0.001 -6"><span class='ocrx_word' id='word_1_1587' title='bbox 1347 3281 1428 3311; x_wconf 87' lang='lat' dir='ltr'>vium</span> <span class='ocrx_word' id='word_1_1588' title='bbox 1450 3278 1533 3308; x_wconf 85' lang='lat' dir='ltr'>faciet</span> <span class='ocrx_word' id='word_1_1589' title='bbox 1544 3299 1553 3312; x_wconf 85' lang='lat'>,</span> <span class='ocrx_word' id='word_1_1590' title='bbox 1571 3275 1711 3313; x_wconf 83' lang='lat' dir='ltr'>fidemque</span> <span class='ocrx_word' id='word_1_1591' title='bbox 1731 3274 1765 3303; x_wconf 91' lang='lat' dir='ltr'>de</span> <span class='ocrx_word' id='word_1_1592' title='bbox 1780 3272 1913 3312; x_wconf 84' lang='lat' dir='ltr'>Registro</span> <span class='ocrx_word' id='word_1_1593' title='bbox 1931 3273 2077 3306; x_wconf 87' lang='lat' dir='ltr'>Mercium</span> <span class='ocrx_word' id='word_1_1594' title='bbox 2091 3275 2184 3315; x_wconf 87' lang='lat' dir='ltr'>dabit,</span> <span class='ocrx_word' id='word_1_1595' title='bbox 2202 3280 2310 3312; x_wconf 87' lang='lat' dir='ltr'>nullam</span> <span class='ocrx_word' id='word_1_1596' title='bbox 2325 3281 2356 3311; x_wconf 82' lang='lat' dir='ltr'>in</span> <span class='ocrx_word' id='word_1_1597' title='bbox 2371 3290 2403 3312; x_wconf 88' lang='lat' dir='ltr'>ea</span> 
     </span>
     <span class='ocr_line' id='line_1_185' title="bbox 1348 3311 2404 3357; baseline 0 -9"><span class='ocrx_word' id='word_1_1598' title='bbox 1348 3328 1378 3349; x_wconf 90' lang='lat' dir='ltr'>re</span> <span class='ocrx_word' id='word_1_1599' title='bbox 1391 3317 1519 3347; x_wconf 88' lang='lat' dir='ltr'>admittat</span> <span class='ocrx_word' id='word_1_1600' title='bbox 1532 3314 1669 3344; x_wconf 87' lang='lat' dir='ltr'>Fraudem</span> <span class='ocrx_word' id='word_1_1601' title='bbox 1683 3313 1733 3343; x_wconf 91' lang='lat' dir='ltr'>sub</span> <span class='ocrx_word' id='word_1_1602' title='bbox 1747 3312 1839 3342; x_wconf 85' lang='lat' dir='ltr'>Poena</span> <span class='ocrx_word' id='word_1_1603' title='bbox 1854 3311 2057 3351; x_wconf 80' lang='lat' dir='ltr'>indignationis</span> <span class='ocrx_word' id='word_1_1604' title='bbox 2071 3314 2224 3355; x_wconf 88' lang='lat' dir='ltr'>Principis,</span> <span class='ocrx_word' id='word_1_1605' title='bbox 2243 3320 2404 3357; x_wconf 85' lang='lat' dir='ltr'>privationis</span> 
     </span>
     <span class='ocr_line' id='line_1_186' title="bbox 1349 3350 2401 3397; baseline 0.003 -11"><span class='ocrx_word' id='word_1_1606' title='bbox 1349 3355 1451 3388; x_wconf 88' lang='lat' dir='ltr'>Officii</span> <span class='ocrx_word' id='word_1_1607' title='bbox 1460 3377 1469 3390; x_wconf 83' lang='lat'>,</span> <span class='ocrx_word' id='word_1_1608' title='bbox 1489 3355 1522 3384; x_wconf 68' lang='grc' dir='ltr'>ὃς</span> <span class='ocrx_word' id='word_1_1609' title='bbox 1538 3354 1588 3383; x_wconf 90' lang='lat' dir='ltr'>alia</span> <span class='ocrx_word' id='word_1_1610' title='bbox 1599 3352 1718 3390; x_wconf 79' lang='lat' dir='ltr'>graviori</span> <span class='ocrx_word' id='word_1_1611' title='bbox 1732 3350 1858 3381; x_wconf 87' lang='lat' dir='ltr'>Arbitrio</span> <span class='ocrx_word' id='word_1_1612' title='bbox 1872 3350 1934 3389; x_wconf 90' lang='lat' dir='ltr'>suo,</span> <span class='ocrx_word' id='word_1_1613' title='bbox 1947 3360 1979 3381; x_wconf 91' lang='lat' dir='ltr'>ea</span> <span class='ocrx_word' id='word_1_1614' title='bbox 1990 3352 2177 3385; x_wconf 85' lang='lat' dir='ltr'>declaratione</span> <span class='ocrx_word' id='word_1_1615' title='bbox 2188 3357 2306 3395; x_wconf 60' lang='lat' dir='ltr'>adjecta,</span> <span class='ocrx_word' id='word_1_1616' title='bbox 2321 3359 2401 3397; x_wconf 71' lang='lat' dir='ltr'>quod</span> 
     </span>
     <span class='ocr_line' id='line_1_187' title="bbox 1349 3389 2400 3427; baseline 0.001 -2"><span class='ocrx_word' id='word_1_1617' title='bbox 1349 3397 1397 3427; x_wconf 91' lang='lat' dir='ltr'>ubi</span> <span class='ocrx_word' id='word_1_1618' title='bbox 1422 3393 1493 3424; x_wconf 69' lang='lat' dir='ltr'>dieti</span> <span class='ocrx_word' id='word_1_1619' title='bbox 1514 3390 1688 3422; x_wconf 84' lang='lat' dir='ltr'>Sereniffimi</span> <span class='ocrx_word' id='word_1_1620' title='bbox 1708 3393 1770 3420; x_wconf 86' lang='lat' dir='ltr'>Rex</span> <span class='ocrx_word' id='word_1_1621' title='bbox 1786 3391 1819 3421; x_wconf 88' lang='lat'>&amp;</span> <span class='ocrx_word' id='word_1_1622' title='bbox 1833 3389 2001 3420; x_wconf 86' lang='lat' dir='ltr'>Archiduces</span> <span class='ocrx_word' id='word_1_1623' title='bbox 2012 3393 2185 3423; x_wconf 89' lang='lat' dir='ltr'>conveniant</span> <span class='ocrx_word' id='word_1_1624' title='bbox 2198 3404 2266 3425; x_wconf 89' lang='lat' dir='ltr'>cum</span> <span class='ocrx_word' id='word_1_1625' title='bbox 2278 3396 2400 3426; x_wconf 88' lang='lat' dir='ltr'>Serenis·</span> 
     </span>
     <span class='ocr_line' id='line_1_188' title="bbox 1351 3428 2402 3471; baseline 0.001 -7"><span class='ocrx_word' id='word_1_1626' title='bbox 1351 3435 1425 3464; x_wconf 88' lang='lat' dir='ltr'>fimo</span> <span class='ocrx_word' id='word_1_1627' title='bbox 1447 3435 1516 3468; x_wconf 84' lang='lat' dir='ltr'>Rege</span> <span class='ocrx_word' id='word_1_1628' title='bbox 1529 3429 1689 3466; x_wconf 84' lang='lat' dir='ltr'>Gallorum,</span> <span class='ocrx_word' id='word_1_1629' title='bbox 1707 3429 1752 3458; x_wconf 89' lang='lat' dir='ltr'>vel</span> <span class='ocrx_word' id='word_1_1630' title='bbox 1768 3428 1904 3471; x_wconf 43' lang='lat' dir='ltr'>cum-alio</span> <span class='ocrx_word' id='word_1_1631' title='bbox 1917 3429 2018 3467; x_wconf 85' lang='lat' dir='ltr'>quovis</span> <span class='ocrx_word' id='word_1_1632' title='bbox 2033 3430 2110 3468; x_wconf 85' lang='lat' dir='ltr'>super</span> <span class='ocrx_word' id='word_1_1633' title='bbox 2124 3432 2276 3463; x_wconf 77' lang='lat' dir='ltr'>novissimo</span> <span class='ocrx_word' id='word_1_1634' title='bbox 2288 3433 2402 3465; x_wconf 74' lang='lat' dir='ltr'>Placat—</span> 
     </span>
     <span class='ocr_line' id='line_1_189' title="bbox 1348 3466 2401 3511; baseline 0.002 -9"><span class='ocrx_word' id='word_1_1635' title='bbox 1348 3482 1381 3502; x_wconf 91' lang='lat' dir='ltr'>ro</span> <span class='ocrx_word' id='word_1_1636' title='bbox 1403 3471 1534 3509; x_wconf 86' lang='lat' dir='ltr'>Triginta</span> <span class='ocrx_word' id='word_1_1637' title='bbox 1576 3478 1608 3498; x_wconf 87' lang='lat' dir='ltr'>ro</span> <span class='ocrx_word' id='word_1_1638' title='bbox 1631 3467 1774 3505; x_wconf 88' lang='lat' dir='ltr'>Centum,</span> <span class='ocrx_word' id='word_1_1639' title='bbox 1793 3468 1826 3498; x_wconf 91' lang='lat'>&amp;</span> <span class='ocrx_word' id='word_1_1640' title='bbox 1839 3475 1912 3497; x_wconf 89' lang='lat' dir='ltr'>inter</span> <span class='ocrx_word' id='word_1_1641' title='bbox 1926 3477 1975 3499; x_wconf 89' lang='lat' dir='ltr'>eos</span> <span class='ocrx_word' id='word_1_1642' title='bbox 1989 3466 2146 3500; x_wconf 87' lang='lat' dir='ltr'>restituatur</span> <span class='ocrx_word' id='word_1_1643' title='bbox 2158 3469 2377 3504; x_wconf 88' lang='lat' dir='ltr'>Commercium</span> <span class='ocrx_word' id='word_1_1644' title='bbox 2390 3495 2401 3511; x_wconf 92' lang='lat'>,</span> 
     </span>
     <span class='ocr_line' id='line_1_190' title="bbox 1349 3505 2400 3543; baseline 0 -3"><span class='ocrx_word' id='word_1_1645' title='bbox 1349 3519 1420 3540; x_wconf 91' lang='lat' dir='ltr'>tunc</span> <span class='ocrx_word' id='word_1_1646' title='bbox 1434 3508 1529 3538; x_wconf 90' lang='lat' dir='ltr'>licebit</span> <span class='ocrx_word' id='word_1_1647' title='bbox 1570 3506 1672 3537; x_wconf 87' lang='lat' dir='ltr'>ubditis</span> <span class='ocrx_word' id='word_1_1648' title='bbox 1690 3506 1758 3535; x_wconf 72' lang='lat' dir='ltr'>dieti</span> <span class='ocrx_word' id='word_1_1649' title='bbox 1774 3505 1945 3536; x_wconf 84' lang='lat' dir='ltr'>Sereniffimi</span> <span class='ocrx_word' id='word_1_1650' title='bbox 1960 3509 2038 3542; x_wconf 84' lang='lat' dir='ltr'>Regis</span> <span class='ocrx_word' id='word_1_1651' title='bbox 2051 3506 2165 3543; x_wconf 85' lang='lat' dir='ltr'>Angliae</span> <span class='ocrx_word' id='word_1_1652' title='bbox 2184 3510 2327 3540; x_wconf 85' lang='lat' dir='ltr'>transferre</span> <span class='ocrx_word' id='word_1_1653' title='bbox 2339 3511 2400 3543; x_wconf 87' lang='lat' dir='ltr'>suas</span> 
     </span>
    </p>
   </div>
   <div class='ocr_carea' id='block_1_17' title="bbox 1350 3544 2530 3586">
    <p class='ocr_par' dir='ltr' id='par_1_24' title="bbox 1350 3544 2530 3586">
     <span class='ocr_line' id='line_1_191' title="bbox 1350 3544 2530 3586; baseline -0.003 -7"><span class='ocrx_word' id='word_1_1654' title='bbox 1350 3549 1466 3579; x_wconf 86' lang='lat' dir='ltr'>Merces</span> <span class='ocrx_word' id='word_1_1655' title='bbox 1481 3545 1515 3576; x_wconf 89' lang='lat' dir='ltr'>ad</span> <span class='ocrx_word' id='word_1_1656' title='bbox 1529 3544 1629 3584; x_wconf 86' lang='lat' dir='ltr'>Regna</span> <span class='ocrx_word' id='word_1_1657' title='bbox 1642 3546 1676 3575; x_wconf 90' lang='lat'>&amp;</span> <span class='ocrx_word' id='word_1_1658' title='bbox 1692 3544 1830 3574; x_wconf 90' lang='lat' dir='ltr'>Dominia</span> <span class='ocrx_word' id='word_1_1659' title='bbox 1841 3544 1900 3582; x_wconf 84' lang='lat' dir='ltr'>ejus</span> <span class='ocrx_word' id='word_1_1660' title='bbox 1913 3554 1984 3575; x_wconf 90' lang='lat' dir='ltr'>curn</span> <span class='ocrx_word' id='word_1_1661' title='bbox 2001 3553 2060 3580; x_wconf 87' lang='lat' dir='ltr'>quo</span> <span class='ocrx_word' id='word_1_1662' title='bbox 2071 3546 2265 3577; x_wconf 86' lang='lat' dir='ltr'>restaurabitur</span> <span class='ocrx_word' id='word_1_1663' title='bbox 2275 3548 2294 3567; x_wconf 77' lang='lat'>²¹¹</span> <span class='ocrx_word' id='word_1_1664' title='bbox 2303 3547 2400 3581; x_wconf 87' lang='lat' dir='ltr'>Com-</span> <span class='ocrx_word' id='word_1_1665' title='bbox 2419 3559 2434 3575; x_wconf 68' lang='lat' dir='ltr'>a</span> <span class='ocrx_word' id='word_1_1666' title='bbox 2450 3558 2530 3586; x_wconf 49' lang='grc' dir='ltr'>ΧΠ·</span> 
     </span>
    </p>
   </div>
   <div class='ocr_carea' id='block_1_18' title="bbox 1351 3581 2410 4084">
    <p class='ocr_par' dir='ltr' id='par_1_25' title="bbox 1351 3581 2410 4084">
     <span class='ocr_line' id='line_1_192' title="bbox 1352 3581 2403 3622; baseline 0.014 -17"><span class='ocrx_word' id='word_1_1667' title='bbox 1352 3587 1491 3617; x_wconf 59' lang='lat' dir='ltr'>mercium</span> <span class='ocrx_word' id='word_1_1668' title='bbox 1511 3585 1613 3622; x_wconf 76' lang='lat' dir='ltr'>absque</span> <span class='ocrx_word' id='word_1_1669' title='bbox 1630 3583 1768 3613; x_wconf 90' lang='lat' dir='ltr'>solutione</span> <span class='ocrx_word' id='word_1_1670' title='bbox 1786 3583 1920 3622; x_wconf 87' lang='lat' dir='ltr'>Triginta</span> <span class='ocrx_word' id='word_1_1671' title='bbox 1933 3591 1985 3620; x_wconf 90' lang='lat' dir='ltr'>pro</span> <span class='ocrx_word' id='word_1_1672' title='bbox 2000 3581 2145 3620; x_wconf 90' lang='lat' dir='ltr'>Centum,</span> <span class='ocrx_word' id='word_1_1673' title='bbox 2161 3583 2206 3614; x_wconf 89' lang='lat' dir='ltr'>sed</span> <span class='ocrx_word' id='word_1_1674' title='bbox 2220 3584 2313 3616; x_wconf 88' lang='lat' dir='ltr'>solutis</span> <span class='ocrx_word' id='word_1_1675' title='bbox 2329 3597 2403 3619; x_wconf 91' lang='lat' dir='ltr'>cori-</span> 
     </span>
     <span class='ocr_line' id='line_1_193' title="bbox 1351 3621 2402 3665; baseline 0.009 -15"><span class='ocrx_word' id='word_1_1676' title='bbox 1351 3625 1431 3656; x_wconf 75' lang='lat' dir='ltr'>suetis</span> <span class='ocrx_word' id='word_1_1677' title='bbox 1454 3622 1583 3653; x_wconf 89' lang='lat' dir='ltr'>Teloniis</span> <span class='ocrx_word' id='word_1_1678' title='bbox 1605 3623 1637 3653; x_wconf 72' lang='grc' dir='ltr'>δε</span> <span class='ocrx_word' id='word_1_1679' title='bbox 1652 3621 1745 3652; x_wconf 85' lang='lat' dir='ltr'>Datiis</span> <span class='ocrx_word' id='word_1_1680' title='bbox 1758 3631 1823 3652; x_wconf 89' lang='lat' dir='ltr'>ante</span> <span class='ocrx_word' id='word_1_1681' title='bbox 1837 3621 2047 3658; x_wconf 86' lang='lat' dir='ltr'>impofitionem</span> <span class='ocrx_word' id='word_1_1682' title='bbox 2060 3621 2130 3651; x_wconf 68' lang='lat' dir='ltr'>dieti</span> <span class='ocrx_word' id='word_1_1683' title='bbox 2144 3621 2293 3661; x_wconf 69' lang='lat' dir='ltr'>Vectigalis</span> <span class='ocrx_word' id='word_1_1684' title='bbox 2306 3627 2402 3665; x_wconf 88' lang='lat' dir='ltr'>impo-</span> 
     </span>
     <span class='ocr_line' id='line_1_194' title="bbox 1352 3657 2405 3698; baseline 0.009 -11"><span class='ocrx_word' id='word_1_1685' title='bbox 1352 3663 1406 3694; x_wconf 63' lang='lat' dir='ltr'>sujs</span> <span class='ocrx_word' id='word_1_1686' title='bbox 1425 3662 1459 3693; x_wconf 93' lang='lat'>&amp;</span> <span class='ocrx_word' id='word_1_1687' title='bbox 1478 3660 1547 3691; x_wconf 90' lang='lat' dir='ltr'>solvi</span> <span class='ocrx_word' id='word_1_1688' title='bbox 1569 3660 1670 3697; x_wconf 71' lang='lat' dir='ltr'>solitis,</span> <span class='ocrx_word' id='word_1_1689' title='bbox 1707 3660 1799 3698; x_wconf 84' lang='lat' dir='ltr'>Quod</span> <span class='ocrx_word' id='word_1_1690' title='bbox 1822 3659 1933 3689; x_wconf 65' lang='lat' dir='ltr'>distum</span> <span class='ocrx_word' id='word_1_1691' title='bbox 1947 3657 1988 3688; x_wconf 89' lang='lat' dir='ltr'>est</span> <span class='ocrx_word' id='word_1_1692' title='bbox 2007 3658 2043 3688; x_wconf 87' lang='lat' dir='ltr'>de</span> <span class='ocrx_word' id='word_1_1693' title='bbox 2056 3658 2146 3689; x_wconf 86' lang='lat' dir='ltr'>libero</span> <span class='ocrx_word' id='word_1_1694' title='bbox 2158 3658 2304 3692; x_wconf 68' lang='lat' dir='ltr'>dictorum</span> <span class='ocrx_word' id='word_1_1695' title='bbox 2323 3664 2405 3698; x_wconf 85' lang='lat' dir='ltr'>Sere·</span> 
     </span>
     <span class='ocr_line' id='line_1_195' title="bbox 1353 3695 2406 3738; baseline 0.014 -17"><span class='ocrx_word' id='word_1_1696' title='bbox 1353 3701 1531 3732; x_wconf 63' lang='lat' dir='ltr'>niffimomm</span> <span class='ocrx_word' id='word_1_1697' title='bbox 1553 3698 1669 3737; x_wconf 84' lang='lat' dir='ltr'>Regum</span> <span class='ocrx_word' id='word_1_1698' title='bbox 1692 3699 1817 3729; x_wconf 89' lang='lat' dir='ltr'>Subditis</span> <span class='ocrx_word' id='word_1_1699' title='bbox 1829 3697 1967 3727; x_wconf 87' lang='lat' dir='ltr'>conceffo</span> <span class='ocrx_word' id='word_1_1700' title='bbox 1983 3695 2192 3735; x_wconf 89' lang='lat' dir='ltr'>Commercio,</span> <span class='ocrx_word' id='word_1_1701' title='bbox 2210 3699 2239 3728; x_wconf 92' lang='lat' dir='ltr'>id</span> <span class='ocrx_word' id='word_1_1702' title='bbox 2255 3701 2346 3738; x_wconf 89' lang='lat' dir='ltr'>ipsum</span> <span class='ocrx_word' id='word_1_1703' title='bbox 2361 3706 2406 3735; x_wconf 89' lang='lat' dir='ltr'>in-</span> 
     </span>
     <span class='ocr_line' id='line_1_196' title="bbox 1354 3734 2407 3780; baseline 0.007 -14"><span class='ocrx_word' id='word_1_1704' title='bbox 1354 3737 1538 3776; x_wconf 80' lang='lat' dir='ltr'>telligendum</span> <span class='ocrx_word' id='word_1_1705' title='bbox 1553 3739 1636 3767; x_wconf 84' lang='lat' dir='ltr'>etiam</span> <span class='ocrx_word' id='word_1_1706' title='bbox 1654 3739 1724 3767; x_wconf 88' lang='lat' dir='ltr'>inter</span> <span class='ocrx_word' id='word_1_1707' title='bbox 1738 3736 1873 3767; x_wconf 89' lang='lat' dir='ltr'>Subditos</span> <span class='ocrx_word' id='word_1_1708' title='bbox 1885 3734 2133 3765; x_wconf 83' lang='lat' dir='ltr'>Sereniffimorum</span> <span class='ocrx_word' id='word_1_1709' title='bbox 2148 3734 2243 3767; x_wconf 88' lang='lat' dir='ltr'>Princi</span> <span class='ocrx_word' id='word_1_1710' title='bbox 2265 3749 2314 3770; x_wconf 89' lang='lat' dir='ltr'>um</span> <span class='ocrx_word' id='word_1_1711' title='bbox 2330 3744 2407 3780; x_wconf 81' lang='lat' dir='ltr'>Regis</span> 
     </span>
     <span class='ocr_line' id='line_1_197' title="bbox 1354 3747 2404 3819; baseline 0.011 -11"><span class='ocrx_word' id='word_1_1712' title='bbox 1354 3777 1469 3815; x_wconf 77' lang='lat' dir='ltr'>Angliae</span> <span class='ocrx_word' id='word_1_1713' title='bbox 1487 3779 1581 3806; x_wconf 83' lang='lat' dir='ltr'>Scotiae</span> <span class='ocrx_word' id='word_1_1714' title='bbox 1601 3779 1723 3805; x_wconf 77' lang='lat' dir='ltr'>Franciae</span> <span class='ocrx_word' id='word_1_1715' title='bbox 1744 3775 1778 3806; x_wconf 88' lang='lat'>&amp;</span> <span class='ocrx_word' id='word_1_1716' title='bbox 1799 3773 1942 3804; x_wconf 58' lang='lat' dir='ltr'>Hiberniae</span> <span class='ocrx_word' id='word_1_1717' title='bbox 1964 3773 1998 3803; x_wconf 57' lang='grc' dir='ltr'>ὅ(</span> <span class='ocrx_word' id='word_1_1718' title='bbox 2011 3771 2211 3811; x_wconf 61' lang='lat' dir='ltr'>Ar‘hiducum3</span> <span class='ocrx_word' id='word_1_1719' title='bbox 2233 3747 2355 3819; x_wconf 47' lang='lat' dir='ltr'>gustet,</span> <span class='ocrx_word' id='word_1_1720' title='bbox 2372 3789 2404 3813; x_wconf 73' lang='lat' dir='ltr'>ut</span> 
     </span>
     <span class='ocr_line' id='line_1_198' title="bbox 1355 3810 2408 3858; baseline 0.022 -30"><span class='ocrx_word' id='word_1_1721' title='bbox 1355 3818 1459 3856; x_wconf 86' lang='lat' dir='ltr'>ubique</span> <span class='ocrx_word' id='word_1_1722' title='bbox 1472 3815 1605 3844; x_wconf 89' lang='lat' dir='ltr'>locorum</span> <span class='ocrx_word' id='word_1_1723' title='bbox 1621 3814 1646 3844; x_wconf 63' lang='lat' dir='ltr'>se</span> <span class='ocrx_word' id='word_1_1724' title='bbox 1661 3815 1785 3844; x_wconf 60' lang='lat' dir='ltr'>invicem</span> <span class='ocrx_word' id='word_1_1725' title='bbox 1804 3820 1929 3842; x_wconf 86' lang='lat' dir='ltr'>amanter</span> <span class='ocrx_word' id='word_1_1726' title='bbox 1944 3810 2117 3850; x_wconf 67' lang='lat' dir='ltr'>complecti,</span> <span class='ocrx_word' id='word_1_1727' title='bbox 2132 3812 2182 3843; x_wconf 81' lang='lat' dir='ltr'>sibi</span> <span class='ocrx_word' id='word_1_1728' title='bbox 2194 3813 2305 3856; x_wconf 89' lang='lat' dir='ltr'>favere,</span> <span class='ocrx_word' id='word_1_1729' title='bbox 2322 3819 2408 3858; x_wconf 85' lang='lat' dir='ltr'>seque</span> 
     </span>
     <span class='ocr_line' id='line_1_199' title="bbox 1358 3848 2408 3896; baseline 0.014 -12"><span class='ocrx_word' id='word_1_1730' title='bbox 1358 3856 1462 3885; x_wconf 90' lang='lat' dir='ltr'>mutuis</span> <span class='ocrx_word' id='word_1_1731' title='bbox 1486 3852 1599 3882; x_wconf 84' lang='lat' dir='ltr'>Officiis</span> <span class='ocrx_word' id='word_1_1732' title='bbox 1621 3852 1750 3890; x_wconf 90' lang='lat' dir='ltr'>prosequi</span> <span class='ocrx_word' id='word_1_1733' title='bbox 1763 3858 1925 3886; x_wconf 83' lang='lat' dir='ltr'>teneantur,</span> <span class='ocrx_word' id='word_1_1734' title='bbox 1945 3848 2105 3886; x_wconf 70' lang='lat' dir='ltr'>poffifltque</span> <span class='ocrx_word' id='word_1_1735' title='bbox 2124 3850 2214 3883; x_wconf 59' lang='lat' dir='ltr'>Terra</span> <span class='ocrx_word' id='word_1_1736' title='bbox 2227 3852 2361 3896; x_wconf 66' lang='lat' dir='ltr'>Mffl&#39;ique</span> <span class='ocrx_word' id='word_1_1737' title='bbox 2374 3858 2408 3889; x_wconf 64' lang='grc' dir='ltr'>ὅ(</span> 
     </span>
     <span class='ocr_line' id='line_1_200' title="bbox 1358 3886 2408 3932; baseline 0.021 -25"><span class='ocrx_word' id='word_1_1738' title='bbox 1358 3893 1448 3931; x_wconf 66' lang='lat' dir='ltr'>Aquis</span> <span class='ocrx_word' id='word_1_1739' title='bbox 1465 3890 1614 3928; x_wconf 78' lang='lat' dir='ltr'>dulcibus,</span> <span class='ocrx_word' id='word_1_1740' title='bbox 1631 3891 1686 3921; x_wconf 80' lang='lat' dir='ltr'>fine</span> <span class='ocrx_word' id='word_1_1741' title='bbox 1707 3891 1803 3927; x_wconf 70' lang='lat' dir='ltr'>aliquo</span> <span class='ocrx_word' id='word_1_1742' title='bbox 1824 3888 1898 3918; x_wconf 85' lang='lat' dir='ltr'>salvo</span> <span class='ocrx_word' id='word_1_1743' title='bbox 1922 3886 2099 3930; x_wconf 68' lang='lat' dir='ltr'>Conducstu,</span> <span class='ocrx_word' id='word_1_1744' title='bbox 2125 3897 2217 3927; x_wconf 87' lang='lat' dir='ltr'>neque</span> <span class='ocrx_word' id='word_1_1745' title='bbox 2240 3893 2296 3925; x_wconf 72' lang='lat' dir='ltr'>ulla</span> <span class='ocrx_word' id='word_1_1746' title='bbox 2320 3897 2408 3932; x_wconf 70' lang='lat' dir='ltr'>petita</span> 
     </span>
     <span class='ocr_line' id='line_1_201' title="bbox 1358 3924 2410 3966; baseline 0.016 -19"><span class='ocrx_word' id='word_1_1747' title='bbox 1358 3929 1488 3962; x_wconf 52' lang='lat' dir='ltr'>Licentia</span> <span class='ocrx_word' id='word_1_1748' title='bbox 1513 3929 1634 3965; x_wconf 69' lang='lat' dir='ltr'>generali</span> <span class='ocrx_word' id='word_1_1749' title='bbox 1656 3938 1702 3959; x_wconf 87' lang='lat' dir='ltr'>aut</span> <span class='ocrx_word' id='word_1_1750' title='bbox 1723 3926 1848 3965; x_wconf 87' lang='lat' dir='ltr'>speciali,</span> <span class='ocrx_word' id='word_1_1751' title='bbox 1865 3925 1898 3956; x_wconf 91' lang='lat' dir='ltr'>ad</span> <span class='ocrx_word' id='word_1_1752' title='bbox 1921 3924 1997 3955; x_wconf 71' lang='lat' dir='ltr'>dreia</span> <span class='ocrx_word' id='word_1_1753' title='bbox 2020 3925 2120 3962; x_wconf 83' lang='lat' dir='ltr'>Regna</span> <span class='ocrx_word' id='word_1_1754' title='bbox 2143 3927 2285 3962; x_wconf 88' lang='lat' dir='ltr'>Dominia</span> <span class='ocrx_word' id='word_1_1755' title='bbox 2307 3932 2410 3966; x_wconf 80' lang='lat' dir='ltr'>Terras</span> 
     </span>
     <span class='ocr_line' id='line_1_202' title="bbox 1358 3964 2407 4008; baseline 0.011 -17"><span class='ocrx_word' id='word_1_1756' title='bbox 1358 3969 1446 4000; x_wconf 78' lang='lat' dir='ltr'>vfflas</span> <span class='ocrx_word' id='word_1_1757' title='bbox 1467 3967 1580 4005; x_wconf 82' lang='lat' dir='ltr'>Oppida</span> <span class='ocrx_word' id='word_1_1758' title='bbox 1596 3966 1733 3998; x_wconf 86' lang='lat' dir='ltr'>Civitates</span> <span class='ocrx_word' id='word_1_1759' title='bbox 1746 3966 1854 3996; x_wconf 86' lang='lat' dir='ltr'>Littora</span> <span class='ocrx_word' id='word_1_1760' title='bbox 1865 3964 1967 4007; x_wconf 77' lang='lat' dir='ltr'>Portus</span> <span class='ocrx_word' id='word_1_1761' title='bbox 1978 3964 2011 3994; x_wconf 77' lang='grc' dir='ltr'>δε</span> <span class='ocrx_word' id='word_1_1762' title='bbox 2027 3964 2112 3995; x_wconf 88' lang='lat' dir='ltr'>Sinus</span> <span class='ocrx_word' id='word_1_1763' title='bbox 2122 3967 2304 4008; x_wconf 90' lang='lat' dir='ltr'>quoscunque</span> <span class='ocrx_word' id='word_1_1764' title='bbox 2318 3972 2407 4004; x_wconf 79' lang='lat' dir='ltr'>libere</span> 
     </span>
     <span class='ocr_line' id='line_1_203' title="bbox 1360 4001 2407 4049; baseline 0.013 -13"><span class='ocrx_word' id='word_1_1765' title='bbox 1360 4008 1420 4039; x_wconf 66' lang='lat' dir='ltr'>tute</span> <span class='ocrx_word' id='word_1_1766' title='bbox 1439 4016 1472 4037; x_wconf 87' lang='lat' dir='ltr'>ac</span> <span class='ocrx_word' id='word_1_1767' title='bbox 1494 4007 1588 4036; x_wconf 68' lang='lat' dir='ltr'>secure</span> <span class='ocrx_word' id='word_1_1768' title='bbox 1606 4005 1741 4036; x_wconf 77' lang='lat' dir='ltr'>accedere</span> <span class='ocrx_word' id='word_1_1769' title='bbox 1753 4005 1854 4036; x_wconf 75' lang='lat' dir='ltr'>intrare</span> <span class='ocrx_word' id='word_1_1770' title='bbox 1867 4010 2011 4040; x_wconf 74' lang='lat' dir='ltr'>navigare,</span> <span class='ocrx_word' id='word_1_1771' title='bbox 2030 4001 2144 4036; x_wconf 81' lang='lat' dir='ltr'>Merces</span> <span class='ocrx_word' id='word_1_1772' title='bbox 2158 4006 2311 4044; x_wconf 69' lang='lat' dir='ltr'>importare</span> <span class='ocrx_word' id='word_1_1773' title='bbox 2324 4019 2407 4049; x_wconf 75' lang='lat' dir='ltr'>atque</span> 
     </span>
     <span class='ocr_line' id='line_1_204' title="bbox 1361 4039 2407 4084; baseline 0.013 -19"><span class='ocrx_word' id='word_1_1774' title='bbox 1361 4053 1517 4084; x_wconf 57' lang='lat' dir='ltr'>reportare„</span> <span class='ocrx_word' id='word_1_1775' title='bbox 1537 4053 1631 4075; x_wconf 85' lang='lat' dir='ltr'>emere</span> <span class='ocrx_word' id='word_1_1776' title='bbox 1651 4053 1683 4074; x_wconf 83' lang='lat' dir='ltr'>ac</span> <span class='ocrx_word' id='word_1_1777' title='bbox 1705 4043 1846 4079; x_wconf 85' lang='lat' dir='ltr'>vendere,</span> <span class='ocrx_word' id='word_1_1778' title='bbox 1861 4042 1890 4071; x_wconf 84' lang='lat' dir='ltr'>in</span> <span class='ocrx_word' id='word_1_1779' title='bbox 1906 4039 2009 4071; x_wconf 86' lang='lat' dir='ltr'>eisdem</span> <span class='ocrx_word' id='word_1_1780' title='bbox 2026 4042 2161 4082; x_wconf 87' lang='lat' dir='ltr'>quamdiu</span> <span class='ocrx_word' id='word_1_1781' title='bbox 2175 4046 2313 4078; x_wconf 83' lang='lat' dir='ltr'>voluerint</span> <span class='ocrx_word' id='word_1_1782' title='bbox 2323 4047 2407 4078; x_wconf 83' lang='lat' dir='ltr'>subfi-</span> 
     </span>
    </p>
   </div>
   <div class='ocr_carea' id='block_1_19' title="bbox 2328 4084 2399 4125">
    <p class='ocr_par' dir='ltr' id='par_1_26' title="bbox 2328 4084 2399 4125">
     <span class='ocr_line' id='line_1_205' title="bbox 2328 4084 2399 4125; baseline 0.042 -10"><span class='ocrx_word' id='word_1_1783' title='bbox 2328 4084 2399 4125; x_wconf 65' lang='lat' dir='ltr'>stete</span> 
     </span>
    </p>
   </div>
  </div>
 </body>
</html>
