2557 4279
756 234 866 276 ΕΤ
949 222 1753 282 ACTA'PUBLJCA.

0 333 70 365 Anu.
85 330 128 362 D.
152 329 327 369 pendentur,
342 333 426 365 prout
445 324 550 356 Literae
566 322 755 362 Obligatoriae
770 322 870 353 Nobis
886 322 901 353 a
916 321 1027 360 praefata
1043 320 1212 365 sua-Sereni-

16 372 99 411 1613.
153 378 208 400 tate
222 368 322 403 Datae,
342 366 376 396 &
389 365 425 395 ab
440 362 625 394 illustrissimo
640 362 772 398 Principe
787 364 820 392 &
839 361 984 397 Domino,
1003 359 1139 390 Domino
1153 359 1210 402 Jo-

0 410 91 446 nJac.
105 419 127 436 ι.
150 407 242 437 banne
256 407 351 435 Sueciae
361 404 379 422 ³*
389 406 475 439 Regni
495 403 616 438 Princzpe
631 400 815 430 Haereditario
831 399 916 430 Duce
932 398 1206 444 Ostergothlandiae,

0 448 92 476 *XVI
148 456 182 476 ac
198 444 327 475 universo
343 442 452 473 Sueciae
471 440 564 478 Regni
582 439 698 476 Senatu,
713 448 780 468 ratae
796 438 898 467 habitae
914 437 1088 468 confirmatae
1103 437 1136 466 ὃ(
1151 446 1206 465 una

0 495 56 522 741.
98 473 105 479 ”
146 483 309 520 subfignatae
332 480 407 518 sunt,
428 480 528 517 quibus
553 477 705 508 declaratur
724 477 803 514 quod
827 475 962 519 Castrum
979 474 1117 518 Elsburgh⁴
1135 484 1203 517 curn

145 521 266 559 Oppidis
279 517 392 557 Niiloffi*
411 515 602 555 Garumelloffl’
618 518 651 547 &
669 514 855 550 Gottenburgh
874 524 944 544 cum
954 513 1132 558 infralcriptis
1148 512 1205 543 Di-

145 558 288 590 strlcffibus
311 559 346 589 δί
371 557 549 587 TerritoriiS‘
583 554 731 590 videlicet,
757 551 902 589 Sevedall,
921 552 1062 594 Askerris,
1079 550 1204 594 Htsp‘ng,

144 596 328 634 Ballebsidge,
357 594 445 632 Alle,
472 578 559 623 narse
583 593 617 622 &
639 591 770 634 Fl0u4er,
795 589 1044 633 cumbveengali,
1064 599 1149 634 certis
1169 592 1202 620 ὄσ

142 636 248 666 meritis
273 633 462 669 Redditibus,
480 642 546 670 qua:
569 638 734 660 memoratis
757 638 787 657 in
805 628 893 658 Locis
907 629 940 658 &
955 627 1140 658 Distriehbus
1153 638 1202 658 an-

142 675 252 704 nuatim
269 674 458 711 proveniunt,
476 671 546 701 utilis
562 668 742 708 Hypothecae
755 666 823 709 loco
838 665 938 709 Nobis
952 666 1056 709 dietam
1071 667 1111 696 ob
1126 666 1200 710 sum-

143 721 220 742 mam
246 719 427 747 remaneant,
447 709 525 739 hisce
548 706 683 737 nimirum
706 704 948 742 Conditionibus,
966 713 995 734 ut
1010 708 1049 741 li,
1069 705 1202 744 neglechs

141 750 306 787 Terminis,
326 749 529 787 praenominata
552 745 740 774 Pecuniarum
764 742 884 772 Summa
898 752 995 773 tenore
1014 742 1099 773 Datae
1114 743 1203 773 Obli-

142 790 265 824 gationis
287 788 362 819 haud
383 785 517 817 satisfacta
537 783 569 814 &
590 783 677 812 soluta
697 781 799 818 fuerit,
816 781 894 819 quod
920 789 991 811 tunc
1008 789 1201 811 memoratum

142 825 322 866 Elsburgense
345 824 465 863 Castrum
490 831 557 852 cum
577 820 702 856 subjeetis
716 818 838 857 Oppidis
855 818 1038 862 Districtibus
1053 820 1086 849 ὃ(
1101 820 1201 863 Terri-

143 867 221 897 toriis
235 865 335 896 Nobis
349 864 381 895 &
394 861 522 892 Corona:
539 859 643 890 Daniae
660 860 686 887 in
705 867 752 896 per
772 865 866 887 eruam
884 856 1090 894 Proprietatetn
1106 858 1201 888 vindi-

141 913 239 935 catum
260 904 419 938 censeatur,
438 907 522 936 prout
545 897 626 927 latinis
640 896 724 939 diessjae
741 867 1115 939 &bligationisDiplomate
1128 906 1201 940 con-

144 944 261 974 tinetur·
283 937 485 971 Eccleliasticae
500 945 596 967 tamen
607 933 814 974 Jurildiffioms
828 933 1043 977 Administratio
1060 944 1143 972 penes
1151 944 1202 977 ‘lp-

142 981 205 1011 sum
227 966 381 1016 Sc’arenfi’m
404 983 532 1012 maneat,
550 975 599 1013 qui
627 982 660 1003 ex
684 972 806 1004 Norma-
829 971 1066 1015 Ordinationibus
1080 972 1201 1003 Sueticae

142 1018 323 1050 Mandatariis
339 1014 441 1045 nostris
458 1011 704 1052 (quotiesJudicio
718 1020 883 1049 quempiam
898 1009 988 1042 listere
1005 1011 1135 1050 cupiunt)
1150 1010 1202 1054 Jus

142 1065 314 1096 aequumque
330 1053 471 1090 impertiat
489 1051 635 1082 Nobilitas
669 1051 702 1080 δε
720 1050 893 1088 quicumque
908 1048 1053 1088 Equestris
1069 1049 1202 1088 Dignita-

140 1097 176 1126 tis
199 1096 228 1124 in
255 1100 415 1124 memorato
438 1088 612 1129 Elsburgenfi
634 1073 776 1119 Distritstu
797 1087 942 1125 habitant,
968 1087 1141 1132 vel'P-raedia
1157 1088 1202 1118 sua

140 1133 248 1163 ibidem
272 1132 318 1162 sita
335 1130 460 1167 habent,
478 1130 577 1160 eadem
595 1128 628 1158 ad
642 1127 789 1157 Normam
805 1126 919 1164 Legum
934 1127 966 1157 δε
982 1126 1202 1170 Privilegiorum

139 1171 325 1202 Sueticorum
341 1167 534 1207 possidebunt,
553 1169 617 1203 Regi
636 1177 666 1196 ue
684 1169 780 1195 Suect'ae
796 1164 944 1203 Equestria
959 1165 1074 1195 Servrna
1090 1165 1203 1204 praesta-

139 1211 229 1247 bunt,
249 1207 375 1239 Comitia
397 1207 512 1246 publica
533 1206 613 1236 visita
636 1214 706 1242 unt,
725 1203 829 1242 absque
856 1203 982 1248 ullorvefll
1008 1213 1056 1244 per
1071 1203 1201 1250 Nos..V‘.³¹

137 1247 284 1278 Vicarium
308 1246 437 1276 nostrum
458 1244 574 1281 objeeto
591 1243 816 1281 impedimento,
835 1250 927 1272 caeteri
942 1242 1021 1280 alias,
1041 1250 1100 1273 tam
1117 1242 1204 1272 (nvt-

137 1288 242 1318 tatibus
264 1287 350 1323 quam
375 1283 527 1314 Districtui
547 1282 753 1320 Inhabitantes,
779 1280 937 1312 secundum
959 1281 1085 1312 Sueticas
1110 1280 1203 1320 Leges

134 1325 252 1364 Judicio
264 1324 447 1361 experientur.
693 1359 697 1364 ⁵
716 1358 721 1364 .
1127 1359 1132 1364 y
1162 1358 1167 1364 ¹

177 1363 293 1400 Naves,
308 1361 469 1392 Tormenta
481 1359 592 1398 bellica,
611 1358 816 1389 Munitionum
833 1366 990 1397 apparatus,
1008 1359 1042 1390 &
1056 1357 1107 1388 alla
1124 1356 1202 1388 istius

140 1402 266 1440 generis,
283 1410 413 1439 ternpore
437 1399 502 1430 Belli
521 1398 623 1436 hujus,
642 1398 685 1427 vel
705 1397 734 1427 in
761 1396 999 1441 PropugnaculiS,
1019 1398 1048 1427 in
1067 1396 1201 1434 Campo,

140 1443 170 1471 in
186 1440 278 1477 Mari,
297 1439 383 1469 aliave
398 1440 504 1469 ratione
519 1446 669 1474 occupata,
687 1435 755 1465 huic
773 1435 898 1472 Principi
914 1435 1054 1467 vindicata
1070 1435 1199 1466 censean-

139 1488 184 1510 tur
200 1487 246 1517 per
264 1487 350 1515 quem
364 1477 493 1515 acquisita
506 1475 582 1511 sunt,
601 1484 654 1504 nec
668 1483 791 1512 unquam
807 1483 978 1510 repetantur:
1002 1483 1103 1504 omnes
1121 1473 1201 1512 Cap-

141 1517 192 1548 tivi
216 1516 420 1553 cujulcumque
436 1513 523 1544 status
539 1514 582 1544 vel
597 1513 654 1543 loci
671 1513 740 1550 lint,
759 1513 860 1550 abique
875 1512 933 1543 ullo
949 1512 1080 1552 Lythro,
1099 1512 1199 1542 Liber-

141 1554 191 1587 tati
209 1555 401 1591 restituentur,
420 1563 473 1583 nec
490 1552 608 1582 Vidium
624 1550 730 1581 solvere
746 1552 927 1581 tenebuntur.

178 1592 330 1631 stetinense
352 1593 482 1629 Pastum,
508 1590 595 1620 Anno
617 1590 764 1619 millesimo
788 1588 1013 1627 quingentefirno
1035 1587 1200 1626 septuagefi-

142 1642 212 1670 m0,
231 1633 302 1662 intra
317 1629 419 1668 Regna
442 1629 553 1667 utrique
569 1628 722 1665 sancitum,
740 1627 837 1657 eadem
851 1628 976 1658 efficacia
990 1628 1023 1658 &
1040 1629 1137 1666 vigore
1152 1627 1199 1659 suo

141 1669 276 1700 omnibus
293 1669 386 1699 modis
403 1667 593 1698 illabefaehim
609 1667 838 1703 continuabitur,
857 1676 917 1703 quo
930 1675 995 1696 ante
1016 1664 1126 1696 Bellum
1141 1666 1200 1697 hoc

141 1718 176 1739 ce
198 1717 259 1738 tum
280 1708 390 1745 extitit,
405 1715 458 1736 nec
479 1704 573 1736 eidem
616 1704 750 1742 uidquam
770 1704 824 1734 hac
847 1705 971 1735 formula
989 1704 1068 1734 Pacis
1082 1704 1200 1735 decedet

139 1717 196 1777 vel,
207 1745 408 1785 derogabitur,
425 1753 545 1783 excepto
569 1743 647 1774 hice
671 1744 699 1772 in
719 1742 871 1782 Articulis,
890 1744 939 1781 qui
956 1743 1082 1782 praesenti
1097 1742 1202 1774 Pacifi-

140 1786 252 1816 catione
268 1784 420 1821 compositi
437 1784 470 1815 δε
485 1782 627 1821 lpeciatim
641 1782 738 1812 aboliti
751 1780 829 1824 sunt:

178 1824 224 1854 Ac
245 1822 429 1861 posteaquam
444 1845 453 1859 ‚
478 1820 681 1851 amantiffimus
705 1819 807 1849 Affinis
829 1821 862 1851 &
883 1819 979 1850 Frater
1002 1819 1113 1858 noster,
1140 1822 1201 1850 Rex

140 1865 255 1900 Magnae
277 1863 457 1896 Britannice,
476 1860 598 1889 maxima
614 1867 683 1890 cum
700 1857 854 1897 Diligentia
869 1859 926 1888 hoc
943 1858 1023 1889 Pacis
1039 1858 1202 1898 Negotium

140 1900 346 1940 promoverit,
367 1906 548 1929 conventum
571 1896 613 1927 est
636 1905 666 1927 ut
687 1900 824 1927 serenitas
849 1895 946 1939 ipsgus,
968 1898 1066 1935 primo
1088 1907 1202 1936 quoque

140 1948 270 1977 tempore
286 1937 321 1968 de
336 1937 410 1968 Pace
428 1937 482 1967 hac
497 1937 583 1973 inita,
602 1934 694 1966 Manu
712 1936 746 1967 &
763 1935 862 1974 Sigillo
877 1939 927 1965 luo
943 1934 1149 1972 confirmanda,
1168 1945 1203 1966 ex

142 1986 258 2016 utraque
279 1976 362 2007 Parte
384 1975 622 2012 interpellaretur,
641 1982 672 2008 ut
694 1973 810 2011 quisque
836 1972 984 2004 Nostrum
1008 1974 1042 2004 ad
1067 1975 1202 2012 majorem

142 2015 225 2047 Pacis
248 2015 329 2052 hujus
349 2013 629 2044 Corroborationem
652 2013 685 2044 &
699 2012 932 2042 Stabilimentum
945 2013 1080 2051 peculiare
1098 2012 1204 2044 Exem-

164 2053 201 2084 lar
223 2053 347 2084 nancisci
368 2052 475 2090 poffit3
503 2052 581 2082 hisce
604 2052 677 2089 jam,
702 2060 803 2081 omnes
826 2050 1018 2081 Dissensiones
1041 2050 1203 2082 Discordiae

179 2089 264 2122 isfidia
285 2090 446 2122 Inimicitiae
466 2089 540 2121 Bella
562 2091 596 2121 &
616 2089 806 2123 Hostilitates,
823 2099 886 2127 quae
906 2088 1006 2120 Nobis
1026 2088 1205 2129 Subditisque

138 2129 189 2160 Re
212 2139 315 2160 norum
340 2129 503 2160 nostrorum
526 2128 660 2159 hac‘tenus
684 2127 910 2165 intercesserunt,
928 2128 1040 2165 penitus
1061 2127 1149 2159 finitae
1168 2129 1203 2160 ὃς

139 2168 191 2199 sub
203 2175 255 2198 atae
271 2167 340 2205 sint,
359 2169 392 2198 &
405 2168 470 2198 vice
487 2167 562 2197 versa
580 2176 672 2204 eoque
685 2167 753 2198 loco
768 2174 827 2197 tuta
842 2166 936 2197 secura
954 2165 1033 2196 firma
1046 2166 1080 2197 &
1093 2168 1204 2204 irrevo-

143 2206 238 2238 cabilis
258 2204 318 2237 Pax
338 2205 472 2238 Amicitia
492 2205 526 2238 ὃς
547 2204 687 2236 Vicinitas
708 2205 802 2238 erecta
820 2204 974 2244 approbata
987 2205 1020 2236 ὃς
1035 2206 1205 2239 confirmata

320 2337 414 2380 Super
447 2333 586 2379 Expensts
606 2331 746 2379 praediei‘bae
761 2332 1028 2378 ‘Uanfhellionia

183 2420 245 2453 AM
255 2429 293 2452 Es
303 2443 312 2458 ,
329 2420 368 2458 by
388 2418 436 2449 the
459 2417 556 2449 Grace
569 2417 606 2448 of
615 2417 686 2449 God
695 2441 704 2455 ‚
722 2416 783 2452 &a
803 2426 835 2450 to
849 2428 903 2450 our
915 2417 1036 2450 Trustie
1052 2418 1106 2451 and
1119 2419 1204 2453 Wel-

195 2460 315 2491 beloved
331 2459 373 2489 Sir
387 2457 529 2486 Edwarde
544 2455 626 2486 Cerill
638 2455 768 2495 Knight,
788 2456 954 2495 Greetinge.

179 2498 236 2530 For
248 2498 392 2536 defraying
410 2495 445 2525 of
457 2496 506 2526 the
531 2494 669 2532 Chardge
690 2496 726 2525 of
734 2496 786 2526 the
800 2496 889 2525 Ladie
900 2495 1056 2527 Elizabeth
1071 2507 1125 2528 our
1139 2497 1204 2528 dea-

144 2536 199 2568 rest
227 2536 375 2576 Daughter
394 2533 447 2564 and
472 2534 522 2564 her
535 2533 692 2564 Husbande
707 2534 758 2564 the
774 2533 886 2564 EleHor
898 2533 1030 2565 Palatine
1044 2536 1099 2567 and
1113 2535 1203 2567 theire

142 2576 249 2607 Traine
259 2598 269 2614 ,
286 2574 341 2605 and
363 2572 435 2603 alsoe
455 2573 492 2603 of
507 2572 590 2603 suche
611 2572 781 2603 Noblemen
803 2582 856 2602 our
870 2572 1088 2612 Embassadors‚
1103 2575 1158 2604 and
1172 2573 1208 2604 of

145 2614 246 2646 Ladies
267 2613 323 2643 and
336 2612 430 2642 others
441 2621 470 2641 as
488 2620 533 2641 are
550 2620 581 2641 to
592 2610 705 2641 attende
723 2611 804 2641 them
822 2612 851 2641 in
865 2611 953 2642 theire
962 2611 1090 2652 Journey
1108 2620 1141 2643 to
1154 2612 1204 2644 the

146 2652 316 2683 Territories
336 2650 373 2681 of
389 2649 439 2679 the
458 2648 532 2679 saide
554 2648 664 2679 Elellor
682 2649 732 2679 her
750 2648 908 2687 Husband,
923 2652 977 2680 and
997 2650 1070 2682 alsoe
1090 2651 1136 2682 for
1153 2652 1204 2682 the

142 2689 289 2730 Chardges
308 2688 344 2719 of
363 2687 411 2719 the
426 2687 577 2718 Retourne
589 2687 627 2717 of
635 2697 688 2718 our
706 2687 780 2718 saide
794 2687 995 2720 Embaffadors
1005 2712 1015 2728 ,
1030 2689 1085 2720 and
1102 2690 1153 2720 the
1167 2690 1204 2720 is-

142 2729 249 2769 suynge
270 2727 306 2759 of
314 2728 398 2758 suche
416 2725 552 2757 Sommes
566 2727 602 2756 of
614 2725 727 2765 Money
741 2736 767 2756 as
779 2726 828 2757 the
841 2727 913 2757 saide
926 2726 1075 2767 Chardges
1088 2728 1156 2760 [hall
1172 2739 1203 2760 a-

145 2776 249 2797 mount
269 2774 359 2802 unto,
376 2764 454 2795 Wee
475 2765 548 2794 have
568 2765 722 2803 appointed
744 2772 804 2805 you
820 2774 851 2795 to
865 2766 902 2795 be
916 2766 1084 2804 Treasorer,
1102 2768 1158 2798 and
1172 2776 1204 2798 to

147 2805 221 2835 have
239 2805 289 2836 the
308 2804 448 2842 Receipte
459 2802 513 2833 and
529 2802 685 2843 Paymente
699 2802 735 2834 of
745 2804 814 2835 such
834 2804 963 2845 Moneys
975 2815 1003 2836 as
1020 2805 1078 2836 shal
1097 2806 1149 2837 bee
1161 2815 1204 2836 re·

146 2844 245 2882 quisite
257 2842 306 2872 for
318 2842 367 2873 the
383 2841 436 2871 said
451 2838 616 2880 Chardge53

181 2880 357 2912 Wherefore
376 2880 438 2911 We
451 2879 513 2909 will
528 2880 583 2910 and
601 2881 708 2918 require
721 2889 780 2921 you
796 2888 828 2911 to
844 2880 909 2912 take
923 2882 984 2913 into
1000 2891 1073 2923 your
1089 2881 1203 2913 Chard-

146 2928 196 2958 ge,
214 2929 242 2950 as
254 2919 320 2949 well
333 2918 384 2949 the
399 2917 519 2948 Somme
534 2917 571 2947 of
582 2921 649 2947 Two
663 2919 811 2958 Thoufiznd
825 2920 958 2959 Poundes,
976 2930 1045 2953 now
1062 2923 1100 2961 by
1117 2922 1205 2953 War-

146 2965 208 2987 rant
229 2966 261 2988 to
274 2967 328 2987 our
345 2955 532 2993 Exchecquer
548 2957 701 2995 appointed
716 2966 748 2988 to
760 2958 812 2988 bee
831 2957 973 2990 delivered
995 2967 1068 2990 unto
1089 2970 1163 2999 you,
1179 2970 1206 2991 as

145 2995 201 3025 also
215 2995 283 3026 such
296 2994 431 3025 Sommes
445 2995 481 3024 of
493 2993 607 3034 Money
623 3005 651 3026 as
667 3005 712 3025 are
729 3005 764 3026 or
780 2996 849 3027 {hau
863 2997 900 3027 be
915 2998 1070 3034 appointed
1086 3000 1124 3038 by
1142 3007 1206 3037 way

143 3034 183 3065 of
202 3032 357 3070 Exchange
379 3041 410 3062 to
431 3033 483 3062 bee
525 3032 585 3061 aide
604 3034 632 3062 in
655 3032 787 3064 Forraine
808 3033 918 3073 Partes,
934 3035 1032 3066 where
1044 3039 1125 3068 cause
1138 3037 1206 3068 ssiall

147 3073 199 3102 bee
213 3080 244 3102 to
259 3071 304 3101 use
318 3071 408 3106 them,
426 3070 481 3100 and
496 3041 544 3100 the
560 3069 633 3101 same
657 3079 687 3100 to
710 3071 780 3102 issue
798 3073 853 3103 and
869 3083 922 3113 pay
938 3074 983 3104 for
997 3074 1048 3105 the
1060 3076 1206 3116 defraying

147 3110 186 3140 of
197 3110 245 3141 the
260 3109 319 3139 laid
327 3107 470 3145 charges,
485 3107 524 3147 by
539 3106 608 3138 such
625 3109 772 3139 Warrants
787 3120 813 3138 as
831 3111 908 3140 from
918 3134 927 3148 ,
943 3121 995 3142 our
1010 3113 1102 3152 righte
1116 3115 1207 3145 Trus-

0 2435 66 2467 Rnn.
80 2433 122 2466 D.

11 2476 95 2514 1613.

0 2517 48 2542 Far.
67 2523 110 2541 ir.

0 2551 53 2588 Jac.
71 2561 93 2581 r.

0 2595 16 2616 b.
34 2599 77 2623 ¹5·

0 2637 20 2656 a.
37 2628 63 2656 8.

147 3150 188 3180 tie
208 3148 265 3178 and
288 3147 364 3185 right
383 3145 573 3177 Welbeloved
586 3145 695 3177 Coufin
717 3148 771 3177 and
794 3146 986 3187 Councellor,
1005 3152 1055 3181 the
1076 3154 1156 3183 Duke
1178 3152 1214 3191 of

147 3189 257 3224 Lenox,
273 3189 325 3215 our
341 3184 432 3223 righte
444 3183 559 3227 Trui'tie
572 3185 626 3215 and
639 3185 712 3224 right
726 3186 920 3218 Welbeloved
932 3187 1054 3228 Coufin,
1073 3191 1123 3222 the
1135 3191 1210 3221 Earl

148 3237 164 3255 o
203 3222 344 3254 Arundell
356 3245 365 3260 ,
391 3222 438 3253 the
459 3223 582 3260 Viscount
601 3223 691 3262 Lisle,
717 3224 771 3254 and
792 3225 840 3255 the
862 3226 943 3256 Lord
959 3230 1133 3266 Harrington
1154 3241 1209 3261 our

169 3262 371 3299 'mbaffadors,
389 3271 423 3290 or
443 3263 507 3291 anie
530 3261 607 3292 three
619 3262 655 3292 of
674 3262 772 3300 them,
791 3263 858 3293 shall
878 3264 931 3295 bee
954 3265 1078 3299 directed
1098 3277 1130 3300 to
1149 3277 1208 3308 you

150 3301 239 3333 under
258 3300 332 3331 their
346 3299 464 3329 Handes
479 3299 525 3329 for
540 3300 655 3339 making
670 3310 724 3341 any
739 3302 808 3332 such
824 3302 986 3342 Payments.

173 3340 218 3371 ¹In
236 3341 339 3371 witnes
356 3337 502 3375 whereof,
515 3336 575 3372 &c.

145 3433 153 3455 :
185 3416 304 3448 Witnes
321 3425 375 3447 our
392 3414 446 3445 self
457 3421 486 3445 at
506 3413 691 3454 Wstmynster
702 3439 711 3454 ,
727 3416 777 3448 the
792 3418 873 3449 tenth
894 3418 969 3450 Daie
984 3419 1020 3450 of
1033 3420 1133 3460 Aprill.

549 3492 603 3532 J’er
622 3493 717 3522 Breve
730 3493 763 3522 de
777 3496 895 3525 Privato
911 3495 1013 3534 Sigillo.

197 3615 359 3661 Commfflo
390 3616 434 3650 ad
465 3614 682 3698 conducegdazu
716 3619 918 3698 ''Zinfflfflffl'm
940 3620 992 3654 'ad
1014 3623 1162 3670 Oppidum

613 3677 648 3697 ac
669 3677 742 3698 arae
765 3692 773 3701 .

10 3723 75 3792 Ἧι
84 3721 132 3801 31).
160 3759 318 3825 JAcobus,
343 3760 402 3792 Dei
425 3759 547 3803 Gratia,
568 3763 682 3798 Magnae
706 3764 841 3792 Britaniae
862 3766 986 3796 Franciae
1008 3764 1046 3801 ό
1068 3769 1210 3800 Hiberniae

39 3805 98 3828 Rot.
229 3800 288 3827 Rex
300 3820 310 3835 ,
325 3797 404 3830 Fidei
420 3799 579 3839 Delensor,
596 3801 658 3830 &c.
676 3801 811 3832 omnibus
823 3801 855 3832 δί
871 3801 981 3841 singulis
1001 3805 1035 3836 ad
1050 3816 1121 3845 quos
1136 3818 1209 3848 prte-

12 3841 118 3866 sractat.
159 3833 246 3865 sentes
260 3836 362 3867 Litetae
377 3839 573 3877 pervenerint,
592 3838 731 3870 Salutem.

12 3875 37 3903 rb
55 3879 128 3903 Anno
197 3870 280 3903 Cum
292 3874 474 3914 iampridem,
607 3885 613 3893 ’

13 3915 133 3950 r.Jac.i.
191 3908 270 3953 inter
280 3910 458 3956 Cpnfiliarios
472 3915 506 3946 δι
522 3915 744 3955 Procuratores,
763 3924 823 3947 tam
838 3916 948 3948 nostros
962 3919 1046 3957 quam
1061 3921 1208 3953 Illustriffi-

13 3952 43 3979 ad
56 3956 113 3980 An-
158 3956 198 3976 ml
219 3948 356 3991 Principis
396 3952 529 3991 ohannis,
546 3954 602 3984 Dei
618 3954 716 3985 Gratia
726 3978 736 3993 ,
754 3958 865 3985 comitis
878 3955 1003 3987 Palatini
1017 3959 1057 3988 ad
1067 3960 1208 3999 Rhenum,

14 3999 71 4017 num
88 4000 132 4019 22.
158 3984 279 4016 Tutorls
301 3988 333 4017 &
371 3989 515 4021 ‘leetoralis
535 3992 706 4024 Palatinatsis
730 3993 987 4033 Administratoris,
1008 3996 1101 4029 Ducis
1124 4000 1208 4029 Bava-

14 4035 44 4056 m.
53 4037 98 4063 29.
159 4024 225 4061 riae,
243 4022 292 4054 Co

2229 256 2300 294 ¹91

1250 319 1300 358 sit,
1319 321 1356 351 ita
1372 330 1402 351 ut
1420 321 1565 364 Principes
1578 325 1718 365 utriusque
1731 325 1784 355 sese
1798 326 1923 357 invicem
1942 335 2039 358 mutua
2060 327 2193 359 Amicitia
2211 329 2305 367 prose·
2323 327 2455 359 Ann.D⁶

1247 367 1385 401 quantur,
1407 358 1513 402 Verbis*
1524 360 1667 398 Fric‘tilque
1682 362 1849 394 Commoda
1867 367 1899 396 &
1916 363 2056 396 Utilitates
2071 367 2225 397 alterutrius
2243 377 2302 396 non
2343 367 2427 406 1613.

1244 404 2124 475 5¹33&OEafieffiffim{223²i322e‘303013'332532{Jacps‘ffiff²
2133 405 2302 473 ἓὲἓζᾋῖἓῗὲ
2326 402 2455 447 '‘JM

1343 458 1348 464 .
2085 459 2093 472 ι
2107 453 2117 472 5
2170 464 2177 472 ι

1244 472 1434 541 &dDarnpuo
1449 473 1504 503 else
1520 475 1642 512 poterit,
1661 484 1712 513 pro
1726 477 1796 506 virili
1811 477 1873 515 sua,
1889 488 1920 509 ut
1937 489 2063 518 oportet,
2081 454 2233 512 avertatl&
2247 482 2303 511 im-

1262 521 1277 542 e
1298 520 1343 542 mr.

1241 519 1261 550 p
1281 549 1312 579 [n
1330 549 1498 586 ampliorem
1514 549 1733 581 Attestationem
1749 551 1782 580 &
1797 551 2060 585 Confirmationem
2076 557 2156 594 quod
2170 556 2234 587 haec
2252 557 2305 587 Pa-

1241 588 1281 618 cis
1305 587 1518 619 Reconciliatio
1531 590 1547 618 a
1566 588 1680 625 Nobis,
1699 588 1854 626 nostrisque
1868 592 2083 623 Succefforibus
2099 599 2204 625 Dauiae
2222 596 2300 631 Regi-

1241 626 1303 664 bus,
1322 626 1401 656 firma
1425 628 1458 657 &
1479 628 1586 666 integra
1603 626 1743 657 omnibus
1764 626 1862 657 Verbis
1877 629 1992 659 Puncstis
2007 633 2039 662 ὃς
2057 632 2191 664 Articulis
2204 634 2302 664 obser-

1240 666 1367 702 vabitur,
1385 664 1507 695 eandem
1524 665 1619 696 Manu
1637 668 1670 695 ὃς
1688 664 1787 703 Sigillo
1801 666 1899 695 nostro
1917 667 2028 706 Regio,
2047 669 2177 706 adiuncta
2195 672 2300 702 Consi·

1239 704 1385 747 liariorum·
1407 702 1503 745 Regni
1523 703 1612 734 nostri
1627 703 1852 741 subsignatione,
1872 705 2104 737 confirmavimus
2118 711 2149 739 &
2167 710 2301 742 stabilivia

1242 744 1452 820 [1]ῗώῧίἳὲφὶἳὲ
1455 751 1538 810 t1⁹⁷rii5
1555 780 1587 809 de
1606 780 1749 825 qurebii,
1763 779 1952 825 Cancellarius
1967 781 2061 813 noster
2073 793 2209 825 magnus,

1279 817 1374 856 Uffeld
1387 818 1418 847 de
1435 817 1532 857 Sielfh,
1551 818 1649 858 Regni
1664 819 1836 850 Adm1raltus
1850 819 1883 850 &
1900 819 2055 850 Praefeetus
2069 830 2098 850 in
2115 822 2285 863 Tranckier,

1274 860 1358 886 Stena
1374 856 1469 886 Brahe
1484 857 1515 885 de
1531 858 1622 887 Kund
1643 865 1710 896 rap,
1729 855 1887 888 Praefestus
1904 858 1932 887 in
1949 856 2144 897 Callingborg,

1278 894 1456 933 Mandropius
1472 895 1589 932 Pasberg
1651 892 1843 934 Hagtfholme,
1860 895 2018 926 Praefec'tus
2036 898 2064 926 in
2082 897 2273 937 Aalborghus,

1278 933 1377 962 Brerde
1393 935 1522 963 Ranzow
1537 933 1569 962 de
1586 933 1818 973 Ranzowgfholm,
1837 934 1963 966 Vicarius
1976 936 2007 965 in
2022 934 2109 965 Urbe
2127 937 2220 967 nostra
2229 935 2301 967 Haf-

1242 971 1345 1008 nienli,
1363 971 1395 1002 ὃς
1409 970 1565 1002 Praefeetus
1581 971 1680 1002 Insulae
1696 973 1809 1011 Moen,

1279 1012 1408 1045 Georgius
1422 1009 1454 1038 de
1471 1009 1643 1048 Krapstrup,
1657 1009 1812 1042 Praefectus
1825 1010 1855 1041 in
1872 1010 1910 1042 Se
1930 1009 2052 1050 elstrup,

1279 1047 1452 1077 Praebiornus
1468 1047 1654 1088 Gyldenstiern
1668 1049 1700 1079 de
1717 1049 1890 1088 W'olsborgh,
1937 1051 2067 1082 raefec‘ltus
2081 1051 2111 1081 in
2127 1048 2269 1092 Boyling,

1279 1085 1400 1115 Axelius
1417 1086 1513 1115 Brahe
1527 1086 1559 1115 de
1575 1086 1681 1125 Elvid,
1702 1088 1861 1120 Praefectus
1876 1088 2021 1120 Coenobii
2037 1089 2185 1129 Dalenfis,

1271 1122 1366 1153 ‘olaus
1382 1122 1535 1164 Rofinparr
1554 1125 1586 1154 de
1600 1125 1736 1164 Scarrolt,
1756 1126 1912 1158 Praefec'tus
1925 1128 1954 1157 in
1971 1127 2151 1166 Draxholm,

1278 1160 1392 1200 Eschius
1410 1164 1501 1192 Brock
1516 1163 1549 1192 de
1567 1163 1683 1231 {frah
1702 1164 1859 1197 Praefestus
1875 1167 1905 1196 in
1921 1165 2208 1207 Dronningsborgh,

1279 1200 1451 1238 christianus
1470 1200 1557 1231 Holck
1624 1202 1735 1240 Soeboe,
1751 1202 1908 1234 Praefectus
1924 1205 1953 1234 in
1969 1204 2121 1243 Silkborg,

1242 1238 1415 1308 &choifff‘
1428 1238 1525 1307 Lglfeld
1544 1239 1577 1269 de
1594 1239 1789 1280 Uffelayholm,
1809 1241 1906 1280 Regni
1925 1242 2136 1282 Cancellarius,
2154 1243 2187 1274 &
2201 1241 2306 1274 Praefe·

1275 1288 1304 1307 us
1319 1287 1348 1306 in
1398 1287 1434 1307 11e
1456 1287 1486 1308 ur

1276 1316 1295 1335 ³*
1316 1315 1464 1346 Envaldus
1485 1286 1566 1359 {fuse
1587 1316 1620 1360 de
1632 1317 1903 1358 Hiermilzlofigaard
1915 1318 2013 1360 Regni
2033 1319 2124 1351 nostri
2135 1319 2307 1360 Norwegiae
2327 1329 2440 1362 *XVL

1240 1353 1371 1386 Vicarius
1390 1356 1423 1387 &
1438 1356 1593 1386 Praefectus
1608 1365 1638 1385 in
1656 1356 1829 1396 Aggeribus.
2328 1379 2394 1406 742-

1277 1429 1386 1462 Datum
1405 1432 1435 1461 in
1457 1433 1535 1462 Arce
1553 1431 1646 1471 nestra
1663 1433 1808 1472 Haffiziae,
1827 1434 1966 1466 vicesimo
1980 1434 2039 1466 Die
2054 1434 2178 1474 Januarii
2196 1435 2308 1468 millesi-

1240 1478 1293 1500 mo
1309 1469 1509 1501 sexcentesimo
1525 1471 1726 1502 tertiodecimo
1736 1495 1746 1511 ,
1760 1472 1811 1503 sub
1828 1474 1926 1512 Sigillo
1942 1474 2050 1504 nostro.

1277 1546 1553 1578 Suenascmprus
1574 1547 1669 1579 Pacis
1686 1547 1946 1588 CONTRACTUS,
1973 1551 2217 1589 quemadmodum
2237 1552 2309 1584 inter

1237 1586 1367 1624 praefatos
1391 1585 1588 1616 Sereniffimos
1611 1587 1645 1618 δε
1672 1586 1887 1619 Potentiffimos
1914 1588 2059 1628 Principes
2083 1599 2115 1620 ac
2144 1589 2309 1629 Dominos,

1241 1623 1407 1654 Dominum
1429 1623 1611 1662 Christianum
1637 1625 1783 1663 ¹Quartum
1807 1630 1910 1658 Daniae
1936 1629 2101 1665 Norvegiae,
2118 1629 2178 1659 &o
2199 1628 2231 1658 &
2249 1631 2308 1658 Gu-

1231 1660 1348 1701 stavum
1367 1661 1524 1700 Adolphum
1542 1666 1639 1693 Sueciae
1650 1685 1659 1700 ,
1677 1665 1739 1694 &c.
1759 1664 1875 1704 Reges,
1893 1673 2051 1704 eorumque
2069 1666 2169 1705 Regna
2186 1666 2308 1697 Provin-

1239 1701 1294 1730 cias
1312 1702 1345 1731 ὃς
1364 1700 1500 1731 Subditos
1516 1701 1607 1730 Terra
1630 1700 1781 1740 Marique,
1798 1704 1967 1735 memoratis
1985 1704 2081 1735 Paetis
2099 1706 2131 1735 &
2153 1704 2309 1736 Conditio-

1239 1739 1323 1768 nibus
1347 1738 1485 1769 institutus
1509 1739 1541 1769 ὃ(
1557 1739 1694 1770 absolutus
1711 1740 1770 1779 est,
1792 1742 1827 1772 ita
1853 1741 1923 1771 Nos
1944 1742 2088 1780 Jacohus,
2109 1742 2168 1774 Dei
2191 1742 2311 1782 Gratia,

1241 1779 1354 1815 Magnae
1379 1779 1539 1807 Britannice
1558 1780 1681 1808 Francia
1705 1776 1744 1812 (ῥ’
1763 1780 1907 1810 Hiberniae
1929 1782 2012 1819 Rex,
2056 1782 2141 1812 Fidei
2164 1781 2318 1820 Defensor,

1241 1825 1301 1852 quo
1317 1816 1478 1852 hujusmodi
1492 1815 1664 1846 Contractus
1676 1825 1757 1847 tanto
1771 1819 1945 1856 accuratiuS,
1964 1819 2072 1850 sincera
2085 1819 2172 1857 Fide,
2191 1820 2311 1852 firmiter

1241 1855 1273 1884 &
1295 1854 1458 1885 constanter
1473 1878 1482 1891 ,
1508 1862 1628 1892 utraque
1650 1863 1684 1885 ex
1705 1855 1806 1893 Parte,
1831 1856 1992 1888 secundum
2018 1855 2114 1888 Verba
2134 1858 2310 1899 Sensumque

1240 1892 1320 1923 suum
1345 1894 1506 1932 genuinum
1530 1893 1729 1930 inperpetuum
1752 1894 1934 1933 observetur,
1955 1895 2071 1933 Paxque
2097 1896 2152 1935 ipsa
2166 1897 2262 1928 secura
2277 1899 2314 1930 ὅτ.

1242 1931 1377 1962 inviolata
1393 1932 1502 1970 semper
1516 1931 1651 1970 subsistat,
1671 1941 1829 1973 mutuoque
1844 1932 1978 1964 Candore
1992 1934 2025 1964 &
2039 1933 2152 1974 optima
2167 1935 2313 1967 Affectio-

1242 1979 1279 2000 ne
1296 1969 1422 2007 colatur,
1439 1969 1581 2009 eundem,
1601 1969 1699 2007 Regia
1717 1970 1811 2002 Manu
1825 1971 1932 2010 nostra,
1951 1971 2120 2012 Magnoque
2135 1973 2235 2014 Regni
2249 1974 2312 2006 Bri-

1241 2009 1349 2039 tannici
1362 2008 1451 2038 nostri
1468 2007 1569 2047 Sigillo
1607 2009 1853 2041 confirmavimus.

1281 2046 1355 2077 Data
1370 2047 1399 2076 in
1416 2046 1510 2083 Regia
1527 2031 1620 2078 nostra
1636 2047 1874 2089 Wstmonasterie',
1892 2048 2013 2081 secunda
2028 2049 2087 2081 Die
2104 2049 2210 2081 Mensis
2227 2051 2312 2088 Apri·

1240 2084 1290 2123 lis,
1309 2086 1397 2115 Anno
1413 2085 1535 2115 Domini
1552 2085 1704 2117 millesimo
1723 2087 1931 2119 sexcentelimo
1945 2088 2060 2119 decimo
2078 2090 2162 2119 tertio
2173 2112 2183 2127 ,
2197 2089 2231 2120 ὃς
2247 2089 2310 2121 Re-

1240 2132 1364 2193 gncglrurn
1378 2123 1545 2155 nostrorum
1561 2123 1684 2164 Magnae
1697 2124 1852 2158 Britanniae
1868 2126 1995 2158 Franciae
2009 2127 2043 2159 &
2060 2126 2226 2166 Hiberniae,
2243 2128 2308 2160 δίε.
2322 2146 2325 2148 -

1243 2171 1283 2193 un
1303 2171 1409 2194 ec1m0.

1292 2330 1401 2366 Ordre
1431 2330 1481 2366 sur
1501 2331 1529 2366 le
1554 2331 1710 2379 paiement
1730 2331 1783 2368 des
1801 2333 1880 2368 fraix
1898 2333 1944 2368 du
1962 2332 2058 2369 susdit
2074 2333 2263 2392 Transport.

1283 2417 1311 2448 A
1320 2426 1371 2455 Qu
1381 2425 1400 2448 Ε
1413 2425 1426 2448 s
1456 2426 1511 2457 par
1527 2417 1556 2448 la
1571 2420 1658 2448 Grace
1674 2418 1707 2448 de
1719 2421 1802 2457 Dim,
1822 2420 1882 2452 &c.
1901 2419 1920 2449 ἃ
1935 2426 2013 2451 notre
2019 2418 2105 2461 fidele
2116 2419 2154 2456 (γ
2164 2420 2313 2452 bien-aime'

1292 2455 1318 2486 le
1333 2440 1481 2487 chevaiter
1497 2456 1629 2487 Edouard
1651 2457 1752 2495 cecil,
1766 2457 1856 2488 Salat,

1246 2502 1250 2506 ⁴
1279 2496 1360 2524 Nous
1373 2505 1441 2524 vous
1452 2505 1543 2524 avons
1557 2495 1663 2534 dffigne‘
1667 2505 1738 2534 pour
1749 2495 1809 2526 etre
1822 2496 1956 2535 Tre'sbrier
1965 2493 2074 2545 &pour
2090 2495 2255 2532 recevoir&
2263 2497 2311 2527 de'-

1241 2531 1350 2571 bourser
1362 2531 1399 2562 les
1405 2532 1522 2571 memes
1531 2532 1660 2571 d’argent
1672 2538 1718 2573 qui
1725 2533 1826 2572 strant
1840 2538 1900 2564 ne‘ce
1922 2539 1992 2564 aires
2006 2548 2024 2564 a
2034 2543 2074 2572 pa
2090 2546 2119 2564 er
2135 2535 2172 2565 les
2188 2536 2310 2575 de'pensex

1241 2571 1274 2600 de
1288 2570 1316 2600 la
1332 2570 1429 2601 Darne
1445 2570 1605 2610 Elizabeth,
1614 2580 1692 2602 notre
1704 2572 1762 2602 tres
1776 2572 1854 2601 chere
1866 2572 1890 2612 fi
1911 2584 1924 2601 e
1934 2572 1989 2610 ,ό
2003 2574 2036 2602 de
2042 2546 2094 2612 ὦ
2104 2577 2183 2603 Mari
2196 2575 2309 2605 l‘Elcc-

1241 2617 1303 2640 teur
1325 2607 1451 2646 Palatin,
1467 2607 1506 2644 ὠ·
1528 2609 1562 2638 de
1584 2617 1658 2640 toute
1683 2609 1741 2640 leur
1756 2609 1851 2649 fhite,
1870 2621 1965 2640 comme
1991 2612 2059 2652 auffi
2085 2612 2129 2640 des
2147 2613 2252 2643 Nobles
2264 2623 2312 2643 nos

1242 2646 1459 2715 Amhalsadeurs
1473 2645 1511 2682 ό·
1528 2647 1574 2677 der
1587 2651 1690 2678 Damas
1702 2647 1740 2683 ὀ·
1757 2656 1867 2686 autres,
1902 2653 1929 2678 ui
1945 2649 2059 2680 doivent
2072 2650 2108 2680 les
2124 2659 2311 2689 accompagner

1240 2686 1313 2716 dans
1340 2696 1386 2715 eur
1408 2696 1508 2725 voyage
1515 2685 1578 2724 jus
1587 2697 1631 2716 ues
1644 2685 1698 2726 fitr
1718 2686 1756 2716 les
1770 2694 1857 2717 terres
1887 2699 1904 2716 u
1919 2688 1961 2717 dit
1978 2688 2111 2719 Eletsteur
2119 2690 2173 2727 an
2190 2691 2309 2727 Epoux,

1239 2722 1277 2758 ὠ·
1291 2735 1383 2754 encore
1399 2723 1434 2754 les
1442 2723 1530 2764 fraix
1551 2697 1587 2754 dic
1608 2733 1700 2754 retour
1718 2725 1751 2755 de
1763 2725 1920 2764 nosfhfiz'its
1938 2726 2169 2765 Amhaffizdeurs,
2189 2725 2226 2760 ό·
2236 2737 2305 2767 pour

1235 2761 1385 2841 je'bourser
1411 2773 1452 2793 ces
1468 2763 1584 2801 ftmmes
1612 2763 1741 2801 d’argent
1760 2762 1919 2805 auxquelles
1940 2774 1979 2793 ces
1999 2765 2096 2804 clepens
2118 2766 2267 2797 viendront
2287 2766 2307 2796 ὰ

1254 2814 1267 2831 e
1281 2809 1408 2838 monter5

1280 2878 1349 2917 c'est
1365 2881 1497 2922 pourquoi
1516 2888 1580 2909 nour
1603 2877 1719 2909 voulons
1741 2874 1779 2912 (θ’
1799 2888 1828 2908 re
1847 2889 1944 2909 uerons
1966 2878 1998 2908 de
2021 2889 2092 2909 vous
2116 2879 2228 2918 charger
2241 2888 2308 2912 tant

1240 2916 1286 2946 des
1307 2919 1381 2948 deux
1403 2917 1480 2947 mille
1499 2916 1600 2955 livres,
1616 2928 1667 2958 que
1690 2923 1767 2947 notre
1791 2889 1938 2959 Ecziqm'er
1961 2929 1979 2946 a
2002 2918 2079 2946 ordre
2105 2919 2136 2947 de
2153 2929 2221 2948 vous
2228 2919 2309 2959 faire

1243 2955 1338 2984 rendre
1362 2955 1380 2984 ὰ
1400 2954 1512 2993 present
1526 2978 1535 2993 ,
1552 2967 1602 2997 que
1624 2957 1669 2985 des
1688 2962 1780 2985 autres
1788 2954 1901 2994 sbmmes
1917 2955 2045 2992 d'argent
2062 2959 2108 2995 qui
2121 2957 2234 2987 doivent
2249 2957 2309 2989 e'tre

1236 2995 1334 3033 paye‘es
1347 2994 1416 3023 dans
1432 2993 1469 3022 les
1483 2995 1555 3031 Pays
1569 2995 1712 3031 estrangers
1722 3001 1775 3030 par
1791 3004 1859 3033 voye
1873 2994 1905 3022 de
1920 2994 2034 3031 change,
2052 2997 2085 3023 oia
2102 2993 2125 3023 il
2137 3005 2152 3031 y
2169 3006 2240 3025 aura
2259 2999 2309 3026 ne‘-

1242 3031 1330 3070 ceffite‘
1350 3031 1382 3060 de
1401 3031 1457 3061 s’en
1475 3030 1586 3069 servir,
1603 3030 1642 3066 ὠ
1659 3032 1691 3061 de
1705 3032 1744 3062 les
1759 3030 1899 3071 debourfi‘r
1913 3032 1931 3060 ἃ
1947 3032 2077 3072 defrayer
2091 3031 2128 3062 les
2141 3033 2197 3063 dits
2213 3035 2308 3074 de‘pens

1235 3069 1289 3109 ficr
1312 3069 1349 3099 les
1370 3070 1563 3099 Ordonnances
1585 3073 1630 3111 qui
1648 3081 1717 3100 vous
1732 3068 1827 3108 serant
1852 3070 1981 3109 adreffe‘es
1998 3072 2029 3100 de
2055 3070 2084 3101 la
2099 3080 2166 3110 part
2181 3074 2212 3102 de
2228 3082 2309 3103 notre

1244 3108 1302 3138 tres
1314 3107 1402 3149 fidele
1423 3105 1462 3143 ὠ
1482 3107 1541 3137 tres
1563 3109 1713 3138 bien-aime‘
1725 3108 1818 3148 Coufin
1840 3108 1877 3144 ὠ
1893 3108 2054 3149 Corfiiller,
2073 3111 2098 3140 le
2119 3109 2185 3141 Duc
2200 3111 2236 3142 de
2251 3112 2307 3142 Le-

1244 3156 1318 3185 nox,
1336 3147 1369 3175 de
1389 3155 1466 3176 notre
1487 3146 1544 3176 tres
1550 3146 1634 3187 fidele
1650 3145 1688 3181 ό·
1705 3147 1765 3176 tres
1784 3147 1933 3177 bien-aime
1942 3148 2035 3189 Coufin
2045 3170 2054 3184 ,
2072 3147 2097 3177 le
2113 3147 2220 3180 Comte
2235 3150 2306 3179 d’A-

1246 3184 1345 3216 rundel
1356 3207 1365 3222 ,
1383 3185 1419 3214 du
1440 3184 1577 3216 Vicomte
1597 3185 1670 3215 Lille
1685 3182 1723 3219 ό·
1736 3185 1771 3214 du
1790 3185 1866 3216 Lord
1881 3185 2060 3225 Harrington
2070 3210 2080 3225 ,
2095 3197 2143 3217 nor
2157 3187 2306 3226 Ambaffa-

1244 3225 1335 3263 deurs,
1354 3234 1386 3253 ou
1402 3224 1434 3253 de
1448 3227 1515 3253 trois
1528 3223 1704 3262 d'entr'eux,
1721 3227 1767 3264 qui
1774 3223 1839 3263 filus
1853 3223 1910 3254 leur
1919 3223 1997 3264 fiing
2010 3235 2079 3255 vous
2091 3233 2257 3265 ‚requerront
2271 3226 2305 3255 de

1235 3261 1316 3302 faire
1334 3273 1372 3292 ces
1380 3270 1536 3302 payemens.

1284 3341 1330 3369 En
1340 3338 1387 3379 foi
1401 3338 1434 3368 de
1452 3342 1531 3380 quoi,
1549 3339 1610 3370 &c.

1282 3417 1405 3447 Temoinr
1419 3415 1594 3447 nous-memes
1607 3416 1625 3446 d
1642 3415 1847 3449 Westminster
1865 3415 1889 3446 le
1903 3416 2016 3448 dixieme
2032 3414 2163 3447 d'Avril.

1700 3493 1754 3524 Per
1772 3492 1864 3525 Breve
1880 3493 1917 3524 dc
1931 3492 2046 3525 Privato
2064 3492 2176 3531 Sigillo.

1283 3616 1371 3648 Pana
1391 3615 1520 3654 quaedam
1534 3616 1567 3646 ὅτ
1582 3613 1821 3653 conventiones„
1840 3614 1876 3646 de
1889 3616 1922 3646 &
1937 3614 2015 3652 super
2029 3614 2241 3657 Matrimonio,
2259 3620 2302 3650 in-

1243 3662 1286 3686 ter
1306 3653 1525 3686 Illustriffimum
1549 3652 1712 3691 Principem
1733 3653 1919 3691 Fredericum,
1948 3654 2006 3684 Dei
2030 3653 2145 3694 Gratia,
2171 3660 2303 3687 Comitem

1246 3693 1408 3724 Palatinum
1425 3692 1526 3726 Rheni,
1551 3690 1664 3722 Ducem
1680 3692 1699 3710 ³*
1719 3692 1857 3727 Bavariae,
1876 3691 1954 3721 Sacri
1972 3692 2098 3724 Romani
2114 3694 2225 3734 Imperii
2246 3697 2302 3726 Ar·
2324 3705 2437 3737 4XV1·

1243 3732 1449 3768 chidapiferum
1462 3731 1495 3761 &
1509 3729 1690 3767 Elec‘torem‚
1707 3730 1768 3773 βεε.
1789 3731 1822 3761 &
1837 3729 2045 3761 Serenislimam
2062 3731 2222 3772 Principem
2240 3734 2300 3764 Eli·
2339 3757 2373 3784 4.
2427 3728 2436 3742 '¹

1244 3770 1392 3800 zabetham
1407 3769 1505 3799 Filiam
1521 3767 1647 3797 nostram
1666 3778 1780 3797 unicam
1791 3789 1800 3804 ,
1820 3768 2035 3807 contrahendo,
2049 3771 2113 3801 inita
2131 3771 2247 3803 tractata
2263 3774 2297 3804 &
2362 3769 2388 3786 ν

1244 3809 1375 3839 conclusa
1390 3808 1508 3843 fuerint,
1528 3814 1612 3843 prout
1625 3806 1654 3835 in
1673 3806 1771 3836 Literis
1788 3805 2005 3845 Ratificatoriis,
2022 3817 2079 3838 tam
2098 3809 2197 3840 nostris
2213 3810 2301 3849 quam

1246 3847 1373 3885 praedicti
1393 3844 1565 3875 illustriffimi
1591 3843 1849 3879 Administratoris,
1871 3855 1985 3874 necnon
2009 3844 2202 3879 Illustriffimte
2216 3849 2301 3881 Prin-

1245 3887 1315 3923 cipis
1336 3885 1484 3914 Ludovicae
1510 3881 1639 3920 Julianae
1663 3882 1798 3921 Araufini
1815 3883 1945 3922 Principis
1960 3883 2065 3922 Natae,
2085 3884 2232 3917 Electricis
2248 3888 2301 3919 Vi-

1245 3924 1310 3954 duae
1329 3925 1362 3955 δε
1385 3922 1501 3956 Matris,
1522 3922 1554 3951 &
1572 3921 1651 3958 ipsius
1673 3919 1847 3950 Illustriffimi
1870 3923 2001 3960 Principis
2018 3923 2150 3954 Elecloris
2168 3925 2231 3955 Filii
2246 3937 2300 3958 no·

1246 3962 1313 4000 stri,
1334 3960 1450 3997 Magnis
1465 3959 1564 3997 sigillis
1589 3959 1720 3996 munitis,
1738 3961 1771 3990 δε
1799 3958 1934 3990 Manibus
1961 3961 2062 3992 nostris
2083 3963 2218 3993 lincinde
2233 3966 2298 3995 sub-

1245 4001 1369 4038 scriptis,
1387 3998 1467 4028 latius
1486 3998 1668 4035 continetur,
1704 3997 1794 4036 Qiod
1818 3998 1933 4035 quidem
1952 3998 2175 4031 Matrimonium
2190 4005 2304 4041 nuperi⁴¹

293 4026 368 4056 mitis
391 4028 421 4057 in
441 4027 585 4061 Veldentz
604 4033 637 4064 ὃς
661 4032 838 4072 Sponheim‚
864 4033 1030 4065 authoritate
1049 4037 1084 4067 ὃς
1107 4039 1212 4068 virtute
1248 4040 1297 4069 me
1316 4037 1483 4072 (videlicet)
1500 4035 1715 4078 decimo-quarto
1736 4038 1789 4064 Die
1811 4035 1951 4066 Februarii
1970 4037 2073 4069 ultimo
2096 4042 2242 4078 praeteriti,
2269 4043 2299 4070 in

15 4065 135 4097 ²8.Anno
159 4061 405 4095 Commiffionum
423 4067 440 4095 a
460 4066 559 4099 Nobis
572 4072 606 4104 ὃς
622 4070 703 4104 disto
715 4070 905 4103 Illustriffimo
922 4071 1160 4108 Administratore
1174 4078 1214 4108 eis
1250 4077 1333 4107 Facie
1358 4074 1510 4111 Eccleliae,
1536 4073 1651 4103 Divinis
1670 4074 1856 4104 annuentibus
1882 4075 2034 4115 Auspiciis,
2058 4078 2091 4107 &
2114 4078 2226 4108 lummo
2249 4088 2302 4108 no·

16 4110 54 4130 u.
160 4099 314 4141 respective
325 4103 521 4136 concessarum
529 4127 540 4144 ,

1251 4114 1328 4153 stro,
1343 4113 1546 4151 Bonorumque
1559 4112 1705 4150 omnium,
1722 4122 1791 4144 curn
1805 4111 1933 4151 Gaudio,
1947 4116 2021 4153 apud
2035 4115 2174 4147 Palatium
2189 4115 2304 4154 nostrum

2233 4152 2315 4193 ''bste
