2557 4279
64 249 144 284 Ann.
154 245 197 279 D.

89 296 174 331 1599:

69 338 116 365 4¹-
133 328 202 355 Elia.

107 370 166 403 Reg.

77 1221 96 1241 ⁸
126 1220 211 1251 xvt.

117 1263 181 1289 2⁶2.

76 1336 152 1368 Anii.
165 1335 206 1366 D.

74 1384 186 1449 rilffigi'.

74 1452 145 1480 Elia.
165 1458 191 1490 p.

79 1499 121 1526 ³9·
131 1491 192 1529 dors.

153 3890 172 3908 ο
187 3889 242 3917 xv

159 3930 223 3966 3⁶3·

612 126 1274 191 CONVENTIO

220 173 304 204 210

221 280 391 316 Confimilia
408 275 511 311 Brevia
525 273 686 313 diriguntur
699 266 895 306 Escaetoribus
912 264 1069 304 subscriptis
1082 264 1112 295 in
1128 259 1284 294 eomitati-

362 322 415 353 bus
431 316 607 354 subscriptis,
630 314 682 345 sub
709 312 787 344 Data
804 308 966 349 praedicta,
985 303 1139 340 videlicet,

260 397 406 440 Efiaetori
414 393 466 436 fica
483 397 515 425 in
531 397 604 424 Com.
618 389 734 431 SomerJ]
749 387 788 424 &
807 385 895 427 Dorsf
969 416 971 418 ,

259 434 461 478 Efiaetorifico
474 438 505 464 in
524 436 597 463 corn.
612 430 743 461 Southam
761 435 783 458 t.
800 425 839 461 ό·
860 427 903 456 W
902 421 978 464 iltefi

261 475 460 517 Efiaetorisuo
474 477 504 503 in
521 476 593 502 Com,
609 472 699 500 Oxon.
768 465 851 497 Berk-

258 511 459 555 Efiaetorifieo
473 515 502 542 in
515 507 725 540 Com.Lincoln.
921 536 924 538 ,
1065 537 1070 542 ι

260 553 404 595 Escaetorz
412 551 464 592 [κο
476 562 506 581 m
521 553 594 579 Com.
609 547 701 578 Glouc.
725 555 757 575 ac
781 540 896 573 March.
916 535 1028 570 Walliae
1044 533 1130 566 erdem
1143 535 1216 563 Com.
1236 527 1287 559 ad-

308 603 353 622 ace
378 614 381 618 .

260 604 373 664 Dilebffz
390 628 430 666 όν
444 626 523 668 fideli
528 626 581 666 suo
596 623 743 662 Stephano
756 620 864 651 Soarrie
874 617 980 654 Majori
994 613 1131 643 Civitatis
1137 608 1200 650 [ἷκε
1208 608 1286 637 Lon·-

298 671 363 701 don.
377 680 411 699 ac
426 668 620 706 Escaetorijuo
634 660 711 702 infra
726 659 836 689 eandem
852 658 1017 686 Civitatem.

735 737 828 768 liberis
843 730 1040 767 Hominibus,
1057 728 1092 759 ὅ(
1106 724 1242 756 omnibus
1257 730 1288 752 a*-

225 787 270 820 liis
282 785 461 819 Tenentibus
474 783 510 813 de
523 781 691 819 Episcopatu
705 774 846 818 praedit-sto
854 795 863 810 ,
881 769 961 814 quod
973 767 1065 798 eidem
1087 765 1201 800 Elem,
1217 770 1288 806 'tan-

220 831 311 870 qam
331 823 475 863 Episcopo
493 822 527 852 &
547 821 682 862 Domino
701 820 768 858 luo,
799 822 829 842 in
846 809 999 850 omnibus,
1023 815 1089 844 quae
1106 804 1141 834 ad
1167 801 1290 840 Episco*

222 871 324 904 patum
350 861 519 903 praedm‘lum
542 864 683 896 pertinent
700 876 711 893 ,
746 850 924 883 intendentes
949 850 1004 877 iant
1028 846 1062 877 ὃ(
1087 842 1290 880 respondentes

224 912 314 945 prout
330 901 422 934 decet.

263 747 302 781 Et
317 745 486 779 mandatum
501 742 542 774 est
557 740 718 776 Militibus,

262 977 298 1012 In
314 979 394 1017 cujus
411 977 467 1015 rei,
483 972 546 1008 &ci

263 1055 356 1089 Teste
375 1065 404 1085 ut
422 1053 512 1091 supra.

232 1129 1294 1161 ύ--ῤ--ῤ--ᾒ

230 1209 259 1237 ’1‘
286 1204 447 1251 Commfflo
473 1203 614 1252 specialis
638 1199 682 1233 ad
703 1196 888 1232 audiendum
911 1197 1128 1244 Qerimonias
1151 1191 1295 1227 Subdita·

592 1263 662 1285 rum
688 1252 774 1294 Regis
797 1250 913 1281 Daniae.

226 1339 439 1399 ELizabeth,
458 1337 517 1372 Dei
532 1335 653 1373 Gratia,
671 1334 785 1372 Angliae
803 1335 925 1363 Franciae
947 1328 986 1366 εἴ),
1008 1326 1152 1360 Hibernae
1174 1329 1296 1364 Regina,

286 1381 367 1412 Fidei
384 1378 537 1415 Defensor,
547 1378 608 1407 &c.
627 1373 739 1405 dilectis
750 1374 783 1404 &
799 1372 928 1402 fidelibus
943 1369 1059 1407 nostris,
1075 1367 1205 1407 Johanni
1218 1368 1293 1395 Her-

225 1423 286 1453 bert
303 1420 456 1459 Armigero
470 1417 519 1448 uni
536 1412 744 1452 Magistroi-um
759 1410 923 1441 nostrorum
939 1410 954 1439 ὲ
969 1408 1139 1445 Supplicum
1157 1404 1292 1440 Libellis,

224 1459 308 1501 Julio
323 1457 419 1498 Cefhri
435 1457 546 1495 Legum
565 1452 694 1483 Doctori
707 1452 784 1481 alteri
803 1447 1183 1489 Magistrorumnoitrorum
1200 1444 1294 1480 asup‘·

248 1500 340 1531 licum
359 1496 476 1529 Libellis
487 1495 519 1525 &
533 1492 681 1529 Supremae
698 1489 795 1520 Curiae
811 1485 1014 1518 Admiralitatis
1026 1484 1131 1514 nostrae
1142 1482 1238 1520 judici
1248 1488 1293 1511 ieu

225 1510 339 1570 ssraesidi
349 1558 360 1574 ‚
377 1535 495 1566 Roberto
510 1531 596 1561 Beale
612 1530 764 1568 Armigero
782 1526 940 1558 Secretario
949 1522 1164 1554 Coiililiinostri
1180 1522 1209 1551 in
1227 1521 1291 1550 Par-

224 1578 301 1610 tibus
318 1573 492 1610 Borealibus,
512 1569 657 1609 Cristoftro
671 1567 785 1597 Perkinr
803 1565 915 1604 Legum
929 1562 1056 1594 Doctori
1079 1560 1204 1592 Decano
1221 1558 1293 1589 Car-⁴

226 1614 328 1653 lienfi,
350 1614 384 1644 &
405 1609 521 1642 Danieli
540 1612 609 1639 Dun
636 1607 747 1645 Legum
767 1605 854 1635 etiam
873 1602 1003 1634 Dmstori
1019 1600 1119 1632 Curiae
1141 1599 1293 1630 audientiae

227 1651 438 1687 cantuariensis
446 1647 561 1689 Judici,
577 1647 610 1678 ὅτ,
625 1654 725 1676 eorum
741 1643 875 1680 cuilibet,
893 1641 1029 1672 Salutem.

264 1692 308 1724 Ex
327 1691 434 1723 crebris
449 1686 584 1727 querelis,
616 1693 675 1714 tarn
695 1682 883 1714 Subditorum
903 1679 1084 1716 nostrorum,
1115 1676 1202 1716 quam
1218 1676 1292 1707 Sub-

225 1731 352 1763 dirorum
369 1723 586 1769 praechariffimi
605 1722 708 1754 Fratris
726 1720 816 1752 nostri
839 1722 918 1757 Regis
938 1721 1040 1749 Daniae
1060 1718 1222 1754 accepimus
1241 1725 1293 1746 eo-

227 1780 293 1802 rum
318 1766 496 1808 quamplures
515 1787 525 1802 ‚
562 1762 633 1793 dum
660 1760 751 1800 pacati
778 1761 808 1789 in
832 1757 911 1798 Mari
936 1757 1104 1795 navigarent
1119 1777 1129 1792 ,
1166 1755 1293 1791 direptos

225 1819 260 1841 ac
286 1807 372 1840 Bonis
393 1807 428 1838 &
454 1802 644 1834 Facultatibus
669 1808 769 1830 exutos
789 1821 799 1837 ,
834 1797 921 1835 longe
947 1796 1024 1826 aliter
1049 1804 1083 1825 ac
1111 1792 1205 1823 nostra
1224 1803 1292 1824 cum

225 1846 365 1890 praecipito
381 1844 475 1876 Fiatre
489 1840 589 1874 nostro
607 1837 830 1870 Confoederatio
855 1845 889 1867 ac
913 1833 1090 1866 neceffitudo
1106 1831 1229 1870 postulat
1247 1839 1293 1863 aut

278 1893 382 1917 mittit:

226 1896 365 1963 Peltaque
376 1945 387 1962 ,
397 1930 462 1954 tum
476 1918 600 1959 publicis
615 1914 719 1947 emissis
733 1914 863 1953 Ediciis,
876 1921 938 1944 turn
956 1912 1040 1943 certis
1056 1908 1293 1947 datisJudicibus,

230 1964 279 2004 qui
295 1963 332 1994 de
349 1961 473 1993 Piratica
487 1958 631 1989 Pravitate
646 1954 872 1994 cognoscerent,
889 1952 1009 1983 antehac
1019 1974 1027 1989 ‚
1047 1958 1187 1987 quantum
1204 1947 1294 1986 licuit,

227 2003 298 2033 huic
316 1999 394 2032 malo
409 1997 604 2038 prospeximus
618 1994 651 2025 &
670 1993 866 2030 subvenimus3
894 1992 927 2023 δε
945 2000 1023 2020 nunc
1037 1990 1124 2019 etiam
1147 1987 1225 2017 civili
1242 1986 1293 2025 Ju-

228 2041 326 2079 dicio‚
346 2048 377 2070 ut
392 2048 435 2070 res
450 2035 559 2068 amissa!
585 2033 780 2068 restituantur,
808 2030 1025 2069 Cogitationem
1051 2026 1220 2063 Curamque
1240 2034 1294 2055 no-

229 2078 313 2112 stram
338 2075 567 2111 committimus,
599 2082 634 2103 ac
662 2072 734 2101 bene
755 2072 893 2112 speramus
914 2077 948 2098 ac
968 2065 1141 2098 confidimus
1168 2064 1294 2094 Fratrem

230 2117 361 2149 nostrum
377 2114 550 2154 praediffltum
564 2111 642 2142 idem
657 2111 760 2144 etiarn,
781 2108 858 2146 quod
874 2106 906 2136 ad
930 2107 954 2136 se
968 2107 1108 2146 pertinet,
1125 2103 1180 2133 effe
1203 2102 1295 2133 faetu-

228 2167 313 2195 rum,
330 2155 442 2186 idcirco
457 2162 509 2182 vos
525 2149 672 2189 praefaros,
690 2147 852 2186 Johannem
868 2146 1004 2183 Haben,
1023 2143 1136 2182 Julium
1155 2139 1296 2180 Cesbrem,

230 2195 381 2226 Robertum
399 2190 500 2228 Beale,
519 2187 692 2230 cristoferum
709 2186 835 2223 Perkins,
852 2186 885 2216 δε
902 2184 1048 2214 Danielem
1071 2185 1139 2212 Dun
1160 2184 1297 2218 (quorum

230 2235 316 2266 nobis
331 2231 474 2270 perspecta
489 2229 522 2260 &
540 2229 658 2266 probata
673 2224 713 2256 est
728 2226 889 2262 integritas,
906 2233 940 2253 ac
963 2224 992 2252 in
1010 2222 1074 2259 jure
1091 2231 1149 2251 tam
1171 2219 1298 2251 dicendo

228 2274 315 2312 quani
339 2266 551 2309 interpretando
576 2265 719 2296 D0&rina
738 2273 820 2302 atque
843 2261 1009 2298 Prudentia)
1030 2269 1063 2290 ex
1077 2269 1153 2291 certa
1174 2258 1298 2289 Scientia

230 2321 314 2342 mero
334 2309 424 2340 Motu
438 2308 471 2338 &
488 2303 670 2337 Plenitudine
687 2301 833 2332 Potestatis
849 2300 953 2332 nostrae
974 2298 1197 2330 Commissarios
1216 2297 1300 2335 Judi-

230 2360 278 2381 ces
293 2348 406 2380 nostros
428 2344 589 2382 Delegatos
614 2343 646 2373 ὃ(
669 2341 842 2372 Substitutos
863 2340 982 2371 facimus
997 2346 1081 2376 atque
1097 2336 1302 2368 constituimus

229 2399 264 2421 ac
282 2388 370 2419 Vices
385 2384 494 2417 nostras
511 2382 724 2413 committimus
739 2390 789 2418 per
807 2379 978 2410 Praeseiites:

271 2427 381 2458 Dantes
396 2425 428 2456 &
442 2420 634 2454 concedentes
650 2420 752 2456 vobis,
769 2427 815 2448 aut
832 2418 944 2448 duobus
966 2414 1092 2447 vestrum
1113 2414 1250 2452 (quorum
1275 2421 1303 2443 te

235 2465 347 2498 dictum
369 2461 481 2502 Julium
501 2457 626 2500 cesarem
645 2457 782 2497 judicem
812 2456 948 2494 supremae
979 2455 1079 2485 Cmae
1104 2453 1304 2483 Admiralitatis

236 2503 344 2537 tiostrae
357 2510 450 2532 unuin
466 2498 577 2535 semper
593 2497 648 2527 esic
662 2494 808 2531 volumus)
831 2492 1005 2524 Potestatem
1021 2493 1054 2522 ὃ(
1072 2491 1302 2521 Aucthoritatem

235 2543 273 2573 de
288 2540 422 2580 Qierelis
435 2544 687 2578 quorumcumque
702 2533 892 2564 Subditorum
909 2531 978 2561 dicti
1002 2528 1215 2567 praecharissimi
1238 2528 1306 2557 Fra-

236 2581 285 2613 tris
307 2578 397 2610 nostri
417 2576 448 2608 R
486 2576 508 2606 is
527 2574 654 2615 Dani-x,
671 2573 720 2611 qui
745 2572 771 2601 se
792 2572 828 2601 ab
842 2570 980 2608 aliquibus
995 2578 1030 2598 ex
1056 2567 1160 2597 nostris
1179 2566 1306 2596 Subditis

235 2619 368 2658 spoliatos
390 2624 439 2647 aut
482 2615 587 2650 ireptos
608 2611 664 2641 elie
687 2618 914 2648 conqueruntur,
939 2617 997 2638 tarn
1014 2606 1142 2636 adversus
1157 2604 1308 2634 Praedones

236 2666 286 2690 aut
302 2656 468 2693 Direptores
489 2652 577 2692 ipsos,
595 2651 681 2688 quam
696 2658 797 2680 eorum
814 2647 968 2685 Adjutores
989 2654 1036 2676 aut
1059 2644 1255 2681 Receptores,
1274 2643 1308 2674 δε

238 2704 358 2729 caeteros
374 2692 567 2733 quoscumqie
576 2712 587 2728 ,
602 2687 636 2719 ad
652 2697 723 2726 quos
742 2687 831 2725 aliqua
846 2696 906 2723 pars
922 2684 1071 2715 Bonorum
1085 2691 1233 2720 raptorum
1247 2691 1308 2719 per-

239 2736 372 2771 venerit,
389 2742 421 2763 ac
438 2731 474 2762 de
488 2729 595 2760 Piratiis
612 2726 829 2766 Direptionibus
843 2734 876 2754 ac
894 2722 1179 2761 Depraedationibus,
1197 2730 1246 2758 per
1271 2730 1299 2749 a·

240 2775 334 2813 liquos
347 2781 380 2803 ex
396 2769 522 2801 Subditis
539 2766 610 2797 dieti
627 2763 840 2804 praechariss'imi
864 2762 965 2793 Fratris
988 2760 1077 2791 nostri
1099 2758 1257 2790 commissis
1274 2767 1307 2788 ac

241 2815 286 2852 pei
294 2811 424 2850 penatis,
443 2818 511 2839 cuin
527 2814 626 2836 eorum
642 2803 833 2833 incidentibus
848 2801 1060 2837 emergentibus
1075 2798 1228 2829 annexis&
1237 2806 1311 2827 cori-

244 2853 321 2883 nexis
335 2847 580 2888 quibuscumque,
607 2842 759 2874 summarie
782 2842 814 2872 ὅ(
837 2840 872 2870 de
889 2840 993 2877 plano,
1013 2848 1046 2867 ac
1062 2837 1118 2866 sine
1132 2837 1257 2874 strepitu
1277 2836 1310 2867 &

243 2890 335 2928 figura
345 2886 475 2928 judicii,
492 2894 524 2916 ac
539 2882 597 2914 sola
611 2881 680 2912 fa&i
693 2880 806 2910 veritate
822 2878 960 2916 inspecta,
976 2878 1068 2907 levato
1082 2875 1146 2905 velo
1167 2875 1312 2905 omnibus-

244 2939 300 2968 que
317 2925 491 2958 recusatione
505 2920 693 2960 appellatione
707 2918 909 2958 supplicatione
924 2925 971 2946 aut
987 2915 1036 2945 alia
1049 2915 1145 2953 quavis
1157 2913 1314 2952 oppositio⁴

246 2978 283 2998 ne
296 2966 342 2997 vel
354 2965 489 2996 dilatione
505 2970 564 2991 non
578 2957 732 2990 necessaria
749 2957 860 2994 penitus
878 2955 1007 2992 semotis,
1029 2963 1067 2983 co
1090 2952 1225 2983 noscendi
1248 2961 1314 2983 exa·

249 3003 377 3037 minandi
400 3003 433 3034 ὃ(
454 3000 511 3031 fine
530 2998 628 3029 debito
651 2995 824 3028 terminandi
846 3004 878 3024 ac
899 2992 1052 3024 definiendi
1123 2991 1230 3022 realiter
1244 2999 1312 3021 exe-

249 3042 374 3083 quendi,
394 3037 604 3074 Sententiasque
618 3045 676 3066 tam
695 3034 920 3064 interlocutorias
936 3034 1022 3069 quani
1039 3029 1132 3060 finales
1147 3029 1252 3060 serendi
1264 3030 1315 3067 ,&

250 3085 280 3114 in
297 3081 496 3113 executionem
515 3074 664 3112 mittendi,
683 3082 750 3104 cum
760 3070 902 3102 Potestate
916 3069 1141 3106 Contemptores
1154 3067 1316 3099 Contuma-

252 3131 299 3154 ces
313 3122 346 3152 ὃς
363 3117 565 3149 inobedientes
580 3111 774 3151 quoscumque
787 3109 980 3139 incarcerandi
994 3109 1027 3139 &
1048 3108 1144 3146 quavis
1160 3108 1319 3144 pecuniaria

256 3159 373 3192 Muleta
394 3166 446 3194 pro
468 3152 558 3185 modo
581 3150 680 3182 detieti
702 3147 876 3185 coercendi,
900 3157 933 3177 ac
955 3156 1024 3177 cum
1047 3145 1194 3183 cujussibet
1211 3145 1321 3176 alterius

256 3198 413 3231 coertionis
431 3191 594 3230 Potestate·⁷
608 3198 641 3219 ac
657 3189 772 3218 ulterius
789 3187 887 3224 vobis,
903 3185 947 3216 seu
960 3185 1071 3216 duobus
1087 3183 1213 3214 vestrum
1231 3192 1261 3214 ut
1277 3183 1322 3213 su-

278 3249 323 3275 ra,
349 3236 462 3274 plenam
478 3229 654 3261 Potestatem
667 3226 788 3256 facimus
805 3225 996 3263 quascumque
1010 3221 1164 3261 Personas,
1185 3223 1201 3251 *a
1220 3222 1323 3259 quibus

256 3248 417 3308 {feritatem
431 3270 531 3302 melius
544 3267 651 3306 exquiri
666 3266 699 3297 &
714 3263 850 3304 cognosci
872 3263 950 3301 polse
974 3263 1134 3298 comperiet
1148 3284 1157 3298 ,
1181 3260 1322 3298 vocandi,

261 3317 295 3347 δε
318 3313 349 3350 (si
367 3320 441 3350 opus
457 3307 553 3344 fuerit)
572 3307 670 3346 vigore
683 3304 838 3342 juramenti
855 3300 1195 3339 supervquibuscumque,
1211 3309 1260 3337 pei·
1273 3308 1326 3329 vos

262 3355 309 3385 seu
325 3349 456 3382 vestrum
473 3347 545 3378 duos
566 3353 597 3375 ut
618 3346 697 3381 iupra
719 3341 930 3379 proponendis,
949 3338 1147 3376 examinandi,
1167 3347 1326 3376 caeieraque

265 3392 364 3423 omnia
386 3390 420 3420 &
441 3385 545 3426 singula
564 3382 687 3413 faciendi
709 3380 742 3411 &
762 3379 930 3416 expediendi
954 3387 1018 3415 quae
1032 3377 1066 3407 ad
1082 3376 1274 3407 commodam
1292 3378 1326 3407 &

265 3436 439 3467 oportunam
454 3422 669 3456 Praemifforum
687 3418 898 3456 expeditionem
912 3416 1149 3447 &executionem
1165 3415 1246 3444 vobis
1254 3424 1328 3444 con-

266 3468 341 3499 ferre
356 3466 546 3501 videbuntur,
564 3459 689 3500 Legibus
703 3456 962 3488 Consuetudinibus
979 3453 1210 3484 ordinationibus
1226 3453 1330 3483 &Sta-

268 3507 332 3537 tutis
348 3514 394 3534 aut
409 3502 569 3539 Privilegiis
584 3499 808 3537 qulbuicumque
821 3496 849 3525 in
865 3494 1042 3526 contrarium
1058 3501 1119 3522 non
1137 3490 1331 3529 obstantibus3

270 3543 412 3580 assumpto
431 3541 513 3571 vobis
530 3562 540 3578 ,
569 3539 599 3568 in
616 3535 830 3567 Praemifforum
847 3534 1065 3568 executionem,
1090 3529 1222 3560 Gulielmo
1238 3532 1332 3559 Hare-

272 3582 358 3612 ward
375 3579 501 3610 Notario
514 3579 547 3608 &
560 3574 732 3607 Tabellione
749 3573 864 3610 publico
876 3582 909 3602 ac
933 3569 1032 3601 Curiae
1054 3568 1157 3599 nostra:
1177 3567 1334 3599 Admiralis

274 3621 337 3655 eatis
355 3617 576 3654 Regiitore,seu
591 3616 647 3653 ejus
654 3613 819 3651 Deputato,
834 3614 863 3642 iii
879 3610 1012 3641 afforum
1027 3607 1189 3639 vestrorum
1200 3607 1334 3637 Scribam

274 3661 310 3692 &
330 3657 521 3695 Registoreni.
1122 3678 1125 3680 ,

319 3695 357 3727 Et
390 3705 432 3724 uia
445 3697 473 3724 in
489 3692 583 3723 Causis
598 3690 758 3728 supradietis
773 3688 953 3726 Quaestiones
968 3685 1093 3716 incidere
1105 3683 1214 3721 solent,
1229 3684 1259 3713 iri
1269 3684 1334 3722 quia

277 3736 333 3766 bus
387 3742 546 3763 creatorum
561 3730 648 3768 opera
661 3731 695 3761 ὅ(
711 3727 844 3758 industria
857 3727 897 3757 uti
918 3736 936 3756 0
977 3725 1079 3762 rtebit3
1098 3723 1214 3753 Idcirco
1235 3724 1334 3760 vobis,

282 3773 411 3812 Juhanni
428 3769 559 3807 Burnell,
579 3771 609 3807 f
620 3768 706 3797 hanni
721 3765 871 3804 Highlord,
889 3767 932 3795 Gu
950 3764 1019 3792 'elmo
1032 3760 1216 3798 Greenewell,
1233 3761 1334 3791 Rober-

284 3820 312 3841 το
328 3814 414 3850 Ciarr²
432 3808 561 3838 Gunelaeuo
576 3807 690 3836 Cokaine
700 3829 708 3843 ,
726 3810 756 3835 ὗε
773 3805 879 3834 Thomae
895 3806 914 3833 S
917 3812 1018 3841 fluens,
1037 3799 1159 3830 Civibus
1173 3800 1205 3830 ὅ(-
1217 3800 1332 3830 Merca-

285 3852 395 3880 toribus
417 3848 544 3878 Civ'itatis
563 3845 668 3875 nostrie
690 3844 852 3874 Loiidoiiiae
873 3845 1006 3880 (quorum
1023 3839 1101 3869 usum
1131 3839 1160 3868 in
1181 3847 1335 3869 mercatura

249 3887 272 3916 Ι.
286 3897 425 3924 magnum
444 3888 462 3904 ¹⁸
484 3887 537 3915 elle
551 3885 727 3923 accepimus)
750 3883 782 3913 &
797 3882 913 3912 cuilibet
929 3877 1054 3910 vestriim
1077 3876 1241 3907 mandamus
1262 3887 1336 3914 prae-

283 3929 406 3964 cipimus
426 3926 458 3956 &
481 3926 652 3960 imperamus
673 3931 701 3951 ut
714 3921 795 3950 dietis
809 3920 952 3957 Delegatis
967 3917 1070 3947 nostris
1083 3915 1205 3945 assistatis
1225 3916 1254 3944 in
1270 3925 1336 3946 exe-

283 3966 399 3997 cutione
412 3962 640 3993 Praemiilorum:

321 4003 485 4032 inhibentes
498 3999 621 4035 expresse
637 3997 772 4028 omnibus
782 3995 930 4034 Judicibus
943 3994 975 4024 &
987 3992 1148 4031 Jiisticiariis
1164 3991 1264 4021 nostris
1271 3993 1336 4029 qui-

282 4041 475 4080 bustumque,
491 4046 607 4069 necnon
623 4034 730 4073 Majori
744 4035 785 4072 ,ὃς
808 4033 1036 4065 vicecomitibus
1051 4031 1183 4062 Civitatis
1197 4030 1335 4061 London.

1325 121 1550 183 Nes,
1615 123 2052 176 LITERAE,

1333 215 1525 264 omnibusque
1536 217 1572 249 ec·
1587 215 1702 257 singulis
1719 214 1779 247 aliis
1795 211 1962 253 Justiciariis
1985 212 2150 252 Majoribus
2162 208 2397 245 Viceeoinitibiis

1332 255 1449 287 Bathis
1469 255 1634 288 benescallis
1652 254 1687 286 δε
1708 255 1817 285 caeteris
1837 252 1994 284 Officiariis
2015 262 2050 283 ac
2065 251 2205 283 Ministris
2221 250 2325 283 nostris
2336 253 2398 290 qui-

1334 294 1532 337 buscumque,
1556 302 1615 326 tam
1636 293 1710 323 infra
1729 292 1888 323 Libertates
1909 292 1995 330 quam
2008 299 2101 330 extra,
2124 300 2312 331 quocumque
2328 289 2399 321 Mu-

1333 333 1464 378 nere-vel
1478 332 1595 365 Officio
1607 331 1810 370 iungentibus,
1826 331 1864 361 ne
1879 330 2042 369 hujusmodi
2056 331 2201 362 causarum
2219 338 2268 361 aut
2276 328 2396 369 ipsarum

1333 371 1470 417 alicuius,
1485 381 1550 410 quae
1564 377 1742 414 concernent
1749 367 1886 400 Subditos
1898 369 2007 406 praefati
2019 368 2174 400 chariffimi
2191 368 2292 400 Fratris
2308 367 2399 399 nostri

1334 411 1547 453 Regis-Diania,
1563 408 1777 454 Cognitionem
1790 407 1841 438 sub
1855 407 1959 445 quovis
1972 407 2072 439 colore
2087 409 2117 438 in
2131 407 2159 438 se
2167 407 2305 440 assumant
2313 430 2323 446 ‚
2341 406 2398 438 sive

1334 449 1370 494 de
1384 448 1436 494 illis
1450 458 1498 481 aut
1511 458 1613 481 eorum
1626 448 1718 485 aliqua
1732 445 1908 485 cognoscant
1919 445 1966 476 vel
1977 446 2108 484 judicent
2116 470 2126 484 ‚
2144 445 2189 477 seu
2202 447 2285 478 vobis
2297 447 2354 477 sive
2364 445 2401 476 li-

1335 489 1488 528 tigantibus
1502 489 1531 519 in
1549 486 1646 519 causis
1661 484 1815 518 Praemiffis
1828 484 2023 528 quovismodo
2039 485 2249 523 impedimento
2261 487 2314 518 sint
2346 487 2400 517 ali-

1335 534 1463 566 quamve
1475 528 1560 559 vobis
1573 524 1786 566 litigantibusve
1795 522 1954 561 hujusmodi
1969 522 2091 554 inferant
2105 524 2264 554 molestiam
2280 511 2404 565 seu’gra-

1336 572 1458 605 stamen,
1475 566 1522 598 sed
1537 567 1622 598 vobis
1636 566 1667 595 in
1682 563 1860 595 Executione
1875 560 2093 593 Praemifforum
2107 562 2270 594 obedientes
2283 565 2335 595 sint
2353 566 2400 595 in-

1335 606 1483 637 tendentes
1505 606 1540 637 &
1560 603 1727 636 auxiliantes
1744 602 1776 633 in
1796 600 1951 638 omnibus,
1971 607 2058 640 prout
2071 600 2180 640 decet;
2205 601 2280 633 hanc
2302 612 2400 634 autem

1337 639 1583 675 Commiffionem
1600 644 1635 675 δε
1659 641 1880 680 Delegationem
1903 637 2033 670 nostram
2053 638 2091 670 ad
2110 638 2328 680 Beneplacitutn
2349 651 2403 674 nos

1336 682 1428 715 strum
1439 682 1649 714 tantummodo
1663 681 1763 712 durare
1773 677 1916 712 volumusi

1371 759 1407 792 In
1424 761 1503 799 cujus
1519 760 1578 798 rei,
1599 760 1662 792 &a

1370 838 1462 870 Teste
1478 837 1596 877 Regina
1608 835 1684 876 apud
1701 825 1979 876 westmonasterium,
1999 834 2085 866 tertio
2098 834 2145 865 die
2156 834 2292 873 Januatii.

1982 914 2037 942 Per
2054 911 2140 952 ipftam
2159 914 2300 950 Reginam.

1342 1066 1504 1111 Cotfimilis
1541 1061 1704 1108 Commifflo
1737 1061 1783 1096 ad
1811 1060 1998 1096 audiendum
2028 1063 2183 1112 Querelas
2205 1062 2407 1099 Subditorum

1739 1115 1829 1159 Regis
1852 1114 1998 1146 Franciae.

1343 1196 1553 1258 ELiaalqeth,
1572 1198 1632 1230 Dei
1647 1197 1766 1238 Gratia,
1791 1191 1907 1236 Angiiae
1924 1200 2049 1230 Francia
2067 1197 2107 1234 ὠ·
2122 1194 2270 1231 Hiberniae
2287 1202 2391 1240 Regina

1409 1242 1485 1273 Fidei
1509 1238 1669 1284 Defensor,
1689 1239 1755 1281 ·&c.
1789 1236 1906 1280 *dilectis
1925 1237 1959 1267 &
1981 1237 2112 1269 fidelibus
2133 1238 2235 1270 nostris
2277 1224 2411 1279 Johann}

1345 1281 1466 1313 Herbm
1482 1279 1631 1316 Armigero
1645 1285 1695 1306 uni
1713 1274 1919 1312 Magistrorurn
1933 1275 2098 1306 nostrorum
2108 1263 2301 1316 {Supplic'um
2311 1279 2409 1310 Libel-

1346 1323 1396 1358 lis,
1413 1318 1496 1357 Julio
1505 1315 1599 1361 Cesqri
1609 1315 1720 1360 Legum
1740 1313 1868 1345 Bodlori
1887 1314 1965 1344 alteri
1982 1313 2192 1354 Magistrorum
2208 1316 2374 1348 nostrorum
2392 1318 2409 1349 ὲ

1346 1353 1849 1401 8υργ1ὶςυῐηῲΔὺε11ιεδίὃυρτεῐηπ
1865 1351 1965 1383 Curiae
1973 1352 2175 1385 Admiralitatis
2192 1354 2296 1385 nostrae
2311 1355 2411 1394 judici

1344 1399 1388 1429 seu
1416 1396 1549 1434 Praeiidi,
1573 1391 1689 1424 Roberto
1715 1390 1800 1422 Beale
1830 1393 1980 1429 armigero
2002 1391 2162 1424 Secretario
2180 1392 2302 1424 Consilii
2320 1395 2412 1426 nostri

1345 1438 1374 1467 in
1395 1436 1526 1471 Partibus
1543 1432 1704 1465 Borealibus
1720 1454 1731 1470 ‚
1763 1429 1906 1470 Cristqfero
1925 1430 2042 1461 Perkins
2062 1432 2177 1472 Legum
2199 1431 2329 1464 Doctori
2350 1433 2412 1464 De·'

1345 1485 1418 1507 cano
1432 1473 1587 1511 Carlierisi,
1607 1472 1641 1503 &
1658 1469 1772 1500 Danieli
1788 1472 1854 1499 Dun
1874 1469 1985 1508 Legum
2010 1469 2138 1501 Doctori
2157 1469 2257 1502 Curiae
2281 1471 2413 1504 Audien-

1345 1517 1391 1546 tice
1405 1511 1615 1544 Cantuariensis
1636 1510 1743 1547 ludici,
1764 1509 1796 1540 &
1810 1517 1912 1539 eorum
1927 1508 2059 1548 cuilibet,
2085 1509 2224 1541 Salutem.

1382 1553 1424 1584 Ex
1444 1552 1551 1583 crebris
1571 1550 1720 1589 Qierelis,
1748 1557 1807 1577 tam
1827 1546 2020 1578 Subditorum
2046 1547 2210 1579 nostrorum
2231 1550 2316 1587 quam
2336 1549 2413 1582 Subi

1343 1593 1471 1624 dirorum
1492 1587 1702 1628 praechariffimi
1723 1586 1825 1616 Fratris
1843 1585 1950 1624 nostri,
1975 1589 2052 1623 Regis
2070 1586 2303 1627 Christianiffi'rm',
2331 1599 2414 1621 acce-

1344 1633 1437 1669 pimus
1455 1638 1558 1661 eorum
1579 1627 1774 1673 quamplures,
1800 1624 1871 1669 dum
1889 1625 1979 1663 pacati
1995 1626 2026 1655 in
2054 1625 2132 1657 Mari
2156 1628 2326 1667 navigarent
2369 1629 2414 1659 di-

1343 1680 1437 1709 reptos
1461 1679 1494 1699 ac
1520 1670 1603 1698 bonis
1628 1667 1661 1698 ὃ(
1688 1664 1868 1696 facultatibus
1892 1670 1991 1694 exutos
2008 1686 2018 1702 ,
2044 1664 2135 1702 longe
2159 1664 2238 1695 aliter
2256 1671 2290 1696 ac
2316 1650 2417 1699 n'ostra

1343 1719 1412 1779 {nil-n
1432 1707 1571 1747 praedfflo
1592 1704 1688 1750 Fratre
1706 1701 1805 1734 nostro
1825 1701 2051 1734 Confoederatio
2076 1713 2111 1734 ac
2136 1703 2330 1736 Neceffitudo
2358 1713 2415 1744 900*

1370 1756 1425 1779 uat
1442 1756 1489 1778 aut
1545 1753 1661 1775 rmittir·

1381 1787 1495 1825 itaque,
1509 1754 1574 1815 {lim
1591 1766 1713 1825 pubiicis
1728 1778 1834 1811 emiffis
1848 1778 1976 1818 Editus,
1995 1787 2057 1811 tum
2074 1782 2156 1812 emis
2169 1781 2240 1813 datis
2248 1781 2402 1821 judicibus

1344 1827 1393 1864 qui
1407 1826 1443 1856 de
1460 1822 1582 1854 Piratica
1598 1821 1740 1852 pravitate
1755 1818 1982 1858 cognoscerent,
2000 1818 2121 1850 antehac
2134 1843 2144 1859 ‚
2161 1829 2300 1858 quantum
2316 1806 2414 1853 licuit,

1344 1866 1412 1896 huic
1431 1863 1508 1894 malo
1521 1861 1717 1900 prospeximus
1732 1858 1765 1888 ὃ(
1782 1857 1983 1896 subvenimus;
2000 1856 2039 1888 Et
2054 1868 2131 1889 nunc
2155 1861 2242 1890 etiam
2259 1858 2349 1891 Civili
2360 1843 2415 1899 Ju³

1343 1905 1443 1942 dicio,
1468 1910 1499 1932 ut
1525 1911 1567 1931 res
1587 1898 1694 1930 aniiffae
1717 1896 1913 1933 restituantur,
1936 1895 2159 1933 Cogitationem
2177 1897 2344 1936 Curamque
2359 1909 2416 1930 no·

1345 1943 1429 1973 stram
1454 1939 1687 1975 committimus,
1717 1944 1750 1966 ac
1773 1934 1848 1965 bene
1869 1934 2011 1972 speramus
2032 1945 2064 1966 ac
2088 1936 2263 1968 confidimus
2287 1938 2415 1969 Fratrem

1344 1981 1476 2012 nostrum
1493 1977 1664 2019 praedietum
1679 1973 1758 2006 idem
1774 1975 1861 2004 etiam
1872 1996 1881 2011 ‚
1901 1974 1978 2010 quod
1997 1973 2030 2004 ad
2045 1974 2070 2004 se
2086 1976 2224 2013 pertinet,
2250 1975 2307 2007 effe
2323 1977 2417 2008 fadiuss

1345 2031 1426 2058 rum,
1443 2020 1552 2049 idcirco
1570 2025 1622 2047 vos
1638 2012 1788 2053 praefatos,-
1804 2012 1970 2050 Johannem
1984 2013 2124 2052 Herbert,
2150 2013 2261 2052 Julium
2276 2015 2398 2054 Cefizrem
2414 2035 2417 2038 -

1346 2059 1494 2090 Robertnm
1509 2055 1614 2093 BeaIe,
1632 2050 1805 2093 Crssefi’rnm
1823 2052 1959 2090 Perkins,
1978 2051 2011 2081 &
2026 2051 2177 2082 Danielem
2190 2056 2259 2084 Dum
2277 2039 2417 2092 (quorum,

1346 2099 1431 2129 nobis
1447 2096 1590 2135 perspecta
1609 2095 1642 2124 ἃ
1660 2093 1780 2130 probata
1795 2090 1836 2134 est
1856 2091 2013 2128 integritas,
2037 2100 2070 2121 ac
2088 2092 2116 2120 in
2129 2092 2192 2130 jure
2213 2101 2275 2123 tarn
2292 2093 2420 2125 dicendo'

1347 2138 1434 2176 quarn
1461 2132 1674 2172 interpretando
1696 2129 1842 2161 Doctrina
1869 2137 1952 2167 arque
1969 2128 2133 2167 Prudentia)
2155 2139 2188 2160 ex
2205 2139 2281 2162 certa
2295 2131 2419 2163 Scientia

1349 2185 1431 2207 mero
1448 2173 1535 2204 Motu
1551 2171 1584 2203 ὃς
1601 2169 1782 2202 Plenitudine
1797 2166 1949 2198 Potestatis
1970 2166 2076 2198 nostrae
2097 2167 2319 2201 Commiffarios
2338 2170 2422 2209 Judia

1348 2224 1395 2246 ces
1408 2212 1518 2245 nostros
1533 2211 1690 2250 Delegatos
1705 2206 1738 2238 δι
1753 2206 1929 2237 Substitutos
1943 2205 2065 2237 facimus
2088 2215 2173 2246 atque
2196 2208 2400 2240 constituimus

1348 2263 1382 2284 ac
1399 2253 1484 2284 Vices
1498 2249 1607 2282 nostras
1623 2246 1835 2278 committimus
1854 2255 1904 2285 per
1926 2244 2096 2284 Praesentes3
2407 2230 2419 2248 ²

1390 2291 1500 2322 Dantes
1514 2290 1547 2321 &
1563 2286 1757 2319 concedentes
1772 2285 1876 2322 vobis,
1895 2293 1941 2314 aut
1960 2284 2072 2314 duobus
2085 2282 2216 2315 vestrum
2237 2285 2369 2325 (quorum
2392 2286 2422 2317 te'

1351 2332 1465 2363 dielum
1487 2327 1601 2367 Julium
1620 2323 1746 2364 Cesarem
1764 2322 1899 2363 Jiidicem
1919 2321 2069 2360 Supremae
2097 2321 2195 2354 Curiae
2216 2324 2420 2356 Admiralitatis

1351 2370 1455 2401 nostrae
1470 2378 1560 2398 unum
1575 2366 1683 2402 semper
1695 2362 1752 2393 effe
1768 2361 1916 2397 volumus)
1937 2360 2109 2392 potestatem
2130 2363 2164 2394 ὅ(
2190 2361 2421 2394 Aueihoritatern

1352 2410 1388 2440 de
1404 2407 1538 2447 Querelis
1552 2411 1805 2443 quorumcumque
1829 2400 2016 2432 Subditorum
2038 2400 2109 2431 dieti
2125 2400 2340 2438 praechariffimi
2356 2401 2423 2433 Fra-

1354 2450 1403 2479 tris
1416 2445 1503 2476 nostri
1521 2447 1598 2482 Regis
1613 2439 1846 2481 Christianiffimi,
1865 2441 1914 2478 qui
1928 2441 1954 2470 ie
1969 2439 2007 2470 ab
2021 2439 2156 2479 aliquibus
2171 2449 2205 2470 ex
2230 2440 2332 2471 nostris
2345 2439 2422 2471 Sub-

1355 2487 1421 2516 ditis
1433 2485 1563 2524 spoliatos
1577 2491 1625 2512 aut
1638 2481 1765 2521 direptos
1784 2478 1841 2509 effe
1855 2486 2089 2517 conqueruntur,
2113 2479 2172 2509 tam
2191 2478 2321 2510 adversus
2343 2479 2424 2510 Prae-1

1355 2525 1446 2554 dones
1458 2531 1504 2552 aut
1522 2522 1686 2557 Direprores
1701 2520 1773 2554 ipios
1787 2517 1873 2555 quam
1886 2527 1990 2547 eoi-um
2007 2517 2158 2554 Adjutores
2175 2526 2221 2547 aut
2237 2517 2423 2556 Receptores‚

1356 2564 1389 2594 &
1401 2570 1519 2592 caeteros
1534 2558 1750 2597 quoscumque,
1769 2557 1802 2586 ad
1823 2565 1895 2593 quos
1910 2555 2002 2593 aliqua
2023 2565 2084 2594 pars
2105 2556 2251 2585 bonorum
2273 2564 2422 2593 raptorum

1356 2599 1537 2639 pervenerit,
1558 2606 1590 2627 ac
1606 2597 1641 2626 de
1658 2595 1767 2626 Piratiis
1784 2593 2002 2631 Direptionibus
2023 2595 2058 2624 ὅτ
2077 2592 2350 2631 Depraedationibus
2372 2605 2423 2632 per

1358 2641 1465 2677 aliquos
1482 2646 1516 2666 ex
1532 2634 1661 2678 Subdit'is
1676 2633 1777 2664 nostris
1795 2634 1822 2662 in
1837 2632 1946 2671 aliquos
1967 2641 2001 2662 ex
2018 2631 2146 2662 Subditis
2160 2632 2231 2662 dieti
2256 2633 2426 2673 praecharis-⁷

1358 2679 1422 2709 simi
1438 2675 1539 2707 Fratris
1555 2673 1643 2704 nostri
1658 2670 1820 2702 commissis
1835 2680 1868 2701 ac
1883 2672 2066 2708 perpetratis,
2085 2680 2155 2702 cum
2172 2678 2272 2702 eorum
2295 2672 2426 2703 inciden-

1358 2718 1434 2747 tibus
1447 2712 1660 2752 emergentibus
1673 2710 1787 2740 annexis
1801 2711 1834 2741 &
1849 2711 1986 2740 connexis
2002 2709 2246 2747 quibuscumque,
2273 2709 2424 2741 summarie

1360 2758 1393 2788 ὃς
1408 2754 1444 2784 de
1461 2753 1563 2797 planoh,
1580 2759 1613 2781 ac
1629 2749 1686 2780 sine
1700 2747 1816 2785 strepitu
1831 2750 1864 2780 ὅ(
1880 2746 1967 2787 figura
1978 2747 2104 2786 judicii,
2124 2757 2157 2778 ac
2181 2747 2235 2778 sola
2257 2747 2326 2780 faeti
2346 2750 2427 2780 Veri-

1359 2803 1417 2838 tate
1432 2790 1575 2837 inspeeta,
1592 2789 1687 2832 levato
1702 2787 1768 2830 velo
1784 2786 1970 2824 omnibusque
1983 2786 2155 2817 recusatione
2169 2786 2428 2826 appellationesup·

1360 2833 1515 2872 plicatione
1525 2852 1535 2867 ,
1552 2837 1599 2872 aut
1611 2827 1663 2858 alia
1679 2835 1777 2865 quavis
1794 2825 1976 2862 oppositione
1989 2825 2035 2856 vel
2047 2825 2184 2857 dilatione
2198 2835 2256 2856 non
2273 2827 2428 2858 necessarii

1361 2872 1474 2910 penitus
1490 2868 1624 2905 semotiS,
1651 2864 1848 2902 cognoscendi
1871 2864 2049 2894 examinandi
2077 2865 2110 2894 &
2133 2862 2189 2895 fine
2209 2864 2309 2896 debito
2327 2867 2428 2897 termi-

1362 2909 1448 2941 nandi
1462 2917 1495 2939 ac
1510 2903 1681 2950 definiendi,
1699 2904 1732 2935 δε
1746 2903 1853 2934 realiter
1865 2903 2039 2942 exequendi,
2065 2902 2278 2941 Sententiasque
2301 2912 2363 2935 tam
2382 2905 2427 2935 in-

1363 2948 1559 2980 terlocutorias
1573 2953 1659 2983 quam
1681 2941 1775 2973 finales
1797 2941 1923 2980 ferendi,
1937 2942 1969 2973 δι
1989 2942 2009 2961 ³⁸
2029 2943 2059 2972 in
2083 2943 2289 2973 executionem
2310 2944 2425 2974 mitten-

1364 2989 1412 3026 di,
1438 2995 1507 3017 curn
1527 2982 1673 3027 Potestate
1701 2979 1930 3018 Contemprores
1952 2979 2148 3011 Contumaces
2175 2981 2209 3011 &
2226 2979 2428 3012 Inobedientes

1365 3026 1563 3067 quoscumque
1586 3018 1781 3064 incarcerandi
1807 3021 1841 3052 ὃς
1866 3020 1964 3058 quavis
1984 3020 2143 3057 pecuniaria
2161 3018 2274 3050 Muieta
2289 3030 2343 3058 pro
2363 3030 2428 3051 mo-

1365 3062 1517 3134 dthdelidh
1537 3059 1691 3093 coercendi
1709 3081 1720 3097 ‚
1756 3068 1790 3090 ac
1809 3068 1879 3089 curn
1897 3058 2048 3097 cujussibet
2065 3058 2175 3090 alterius
2191 3059 2350 3090 coertionis
2368 3058 2429 3090 Po-

1365 3113 1396 3137 te
1421 3113 1483 3135 ate:
1870 3115 1878 3120 -

1407 3144 1452 3173 Ac
1472 3141 1586 3172 ulterius
1603 3140 1707 3177 vobis,
1724 3139 1769 3170 seu
1786 3135 1900 3166 duobus
1918 3133 2048 3166 vestrum
2066 3144 2098 3166 ut
2114 3133 2210 3174 supra,
2234 3135 2350 3174 plenam
2369 3135 2429 3167 Po·

1369 3182 1498 3213 testatem
1517 3179 1640 3210 facimus
1659 3177 1850 3215 quascumque
1869 3173 2022 3212 Personas,
2039 3174 2054 3203 a
2075 3175 2178 3212 quibus
2193 3174 2349 3206 Veritatem
2369 3185 2431 3207 me-

1370 3222 1423 3252 lius
1442 3219 1551 3257 exquiri
1569 3216 1601 3247 &
1620 3216 1758 3253 cognosci
1775 3212 1856 3251 poffe
1879 3222 1947 3243 com
1986 3214 2048 3252 riet,
2066 3214 2211 3251 vocandi,
2241 3214 2276 3244 &
2304 3213 2341 3251 (fi
2361 3224 2434 3254 opus

1371 3267 1487 3297 quoque
1513 3255 1617 3291 fuerit)
1647 3255 1747 3293 vigore
1762 3252 1924 3292 juramenti
1955 3262 2022 3290 uper
2045 3251 2285 3291 quibuscumque,
2310 3261 2360 3290 per
2380 3262 2435 3284 vos

1372 3299 1419 3329 seu
1438 3293 1569 3339 yestriim
1588 3293 1659 3323 duos
1677 3302 1708 3324 ut
1725 3293 1804 3330 supra
1820 3291 2030 3329 proponendis,
2054 3291 2253 3329 examinandi3
2276 3300 2435 3330 caeteraque

1373 3344 1472 3367 omnia
1496 3334 1530 3365 ὃς
1556 3331 1802 3376 Γιηςυὶαῃῐειςςὶεηάἰ
1821 3330 1854 3360 &
1871 3329 2036 3367 expediendi
2055 3338 2118 3366 quae
2133 3329 2167 3360 ad
2192 3330 2382 3360 commodam
2399 3331 2434 3361 ὃς

1374 3381 1545 3412 oportunam
1572 3370 1785 3402 Praemissorum
1809 3369 2020 3406 expeditionem
2053 3369 2086 3399 &
2120 3369 2321 3398 executionem
2349 3369 2434 3399 vobis

1377 3412 1509 3444 conferre
1532 3409 1727 3452 videbuntur,
1763 3409 1891 3446 Legibus
1916 3406 2176 3438 Consuetudinibus
2198 3406 2435 3438 ordinationibus

1377 3454 1412 3484 &
1430 3450 1544 3494 Statutis
1565 3457 1612 3490 aut
1634 3448 1794 3484 Privilegiis
1815 3445 2040 3485 quibuscumque
2062 3447 2091 3475 iri
2106 3445 2281 3475 contrarium
2305 3454 2365 3475 non
2377 3440 2434 3475 ob-

1379 3489 1534 3527 stantibu53
1552 3488 1644 3517 assum
1668 3495 1699 3517 to
1714 3488 1814 3524 vobis,
1832 3488 1860 3516 in
1877 3484 2089 3516 Piaemissorum
2099 3484 2314 3520 executionem,
2330 3482 2436 3514 Guliel-

1379 3538 1422 3559 mo
1442 3526 1606 3558 Hareward
1623 3525 1750 3556 hotario
1773 3526 1806 3556 &
1826 3524 1997 3555 Tabellione
2017 3522 2136 3559 publico
2157 3530 2191 3551 ac
2213 3519 2308 3551 Curiae
2330 3522 2436 3553 nostra:

1381 3566 1584 3611 Admiralitatis
1599 3564 1765 3603 Registore‚
1782 3564 1828 3596 seu
1843 3563 1901 3601 ejus
1914 3561 2080 3599 Deputato,
2097 3560 2266 3589 iunctorum
2276 3560 2437 3592 vestrorum

1379 3606 1509 3638 Scribam
1523 3607 1555 3637 ὅ(
1574 3603 1768 3639 Registorem.
2082 3620 2094 3636 0

1418 3643 1455 3675 Et
1476 3645 1542 3682 quia
1566 3644 1594 3673 in
1620 3641 1716 3675 Cauiis
1734 3638 1896 3681 supradietis
1919 3636 2103 3677 Quaestiones
2121 3635 2247 3667 incidere
2266 3637 2357 3668 solent
2371 3661 2380 3676 ,
2405 3639 2437 3669 in

1383 3685 1486 3723 quibus
1505 3681 1705 3713 Mercatorum
1724 3680 1813 3720 operi
1830 3679 1862 3710 δε
1887 3676 2022 3707 industria
2047 3677 2087 3706 uti
2111 3676 2254 3712 oportebit
2272 3687 2283 3714 3
2320 3675 2438 3707 Idcirco

1382 3723 1485 3760 vobis,
1502 3720 1630 3759 Johanni
1648 3723 1770 3757 Garret,
1793 3717 1908 3748 Roberto
1922 3718 1996 3754 Lee,
2017 3712 2148 3743 Gulielmo
2170 3716 2310 3752 Bennett,
2329 3714 2436 3745 Thomae

1382 3764 1486 3798 Lowe,
1505 3762 1537 3791 δί
1552 3758 1682 3798 Johanni
1697 3761 1808 3795 Moore,
1824 3754 2019 3787 Aldermannis
2031 3752 2161 3782 Civitatis
2175 3752 2279 3783 nostrae
2295 3754 2436 3784 London.

1385 3801 1518 3837 (quorum
1534 3798 1615 3828 usum
1632 3800 1660 3828 in
1677 3805 1835 3829 mercatura
1848 3800 1989 3830 magnum
2004 3789 2060 3821 effe
2076 3792 2249 3830 accepimus)
2269 3792 2301 3822 &
2317 3792 2435 3822 cuilibet

1383 3836 1509 3869 vestrsim
1527 3837 1692 3867 mandamus
1706 3835 1886 3874 praecipimus
1901 3832 1934 3863 &
1949 3832 2121 3867 imperamus
2137 3838 2167 3860 ut
2184 3829 2269 3860 dietis
2290 3830 2440 3870 Delegatis

1382 3876 1486 3908 nostris
1497 3875 1621 3906 assistatis
1635 3876 1665 3906 in
1679 3875 1846 3906 executione
1860 3868 2095 3901 Praemissorum:

1419 3914 1582 3945 Inhibentes
1595 3914 1721 3952 expresse
1735 3912 1873 3943 omnibus
1882 3907 2031 3947 judicibus
2043 3907 2076 3936 &
2085 3904 2247 3944 justiciariis
2261 3905 2362 3937 nostris
2376 3907 2439 3945 qui-

1385 3953 1575 3990 buscumque,
1601 3962 1716 3982 necnon
1741 3950 1846 3988 Majori
1869 3948 1902 3979 ὃς
1924 3946 2152 3977 vicecomitibus
2179 3944 2312 3975 Civitatis
2331 3946 2438 3975 nostrae

1384 3991 1520 4035 London.
1535 3992 1725 4028 omnibuique
1737 3990 1770 4020 &
1785 3988 1902 4024 lingulis
1915 3985 1973 4015 aliis
1983 3983 2149 4022 justiciariis
2174 3982 2335 4021 Majoribus
2352 3983 2439 4013 Vice-

1384 4030 1543 4062 comitibus
1562 4028 1676 4060 Ballivis
1694 4026 1858 4059 Senescanis
1881 4025 1915 4057 δι
1935 4023 2045 4055 caeteris
2066 4021 2222 4054 Officiariis
2242 4031 2276 4053 ac
2296 4021 2440 4052 Ministris

2337 4060 2443 4092 nostris

2417 213 2495 248 Ann.
2505 213 2545 249 D:

2418 264 2457 331 41¹
2463 262 2545 325 5332.

2454 337 2514 371 Reg.

2461 1202 2526 1243 im.

2448 2961 2468 2979 ⁴³
2496 2957 2557 2988 XV.

2488 3000 2550 3036 364.
