2557 4279
223 71 304 119 246
690 55 1933 107 CONVENTIONE5,L1TERAE‚·

72 153 147 188 Anii.
161 153 203 184 D.
221 151 303 182 ἀίἇῒο
318 149 441 181 dicendo
456 156 502 179 aut
518 146 619 185 injuste
634 146 797 183 reddendo,
816 145 1008 176 Imbraciarias
1021 143 1231 180 Cambipartias.
1244 143 1277 172 δε
1317 152 1351 173 ac
1370 151 1471 172 omnes
1488 141 1522 172 &
1544 140 1728 172 omnimodas
1747 140 1847 171 Exitus
1868 140 2010 171 Redditus
2029 139 2225 172 Reventiones
2238 143 2271 175 ὃ(
2290 142 2381 174 Profi-
2400 141 2476 172 Ann.
2492 141 2535 176 D.

95 194 179 223 1622.
225 188 458 220 Manutentiones
478 195 655 225 quaecunque
673 195 720 221 per
738 186 830 214 dietos
846 183 1003 222 Francificm
1017 186 1078 213 Van
1093 183 1203 218 Acker,
1221 181 1281 220 Ja-
1321 190 1374 210 cua
1386 181 1519 210 omnium
1537 180 1570 209 &
1592 180 1767 216 singulorum
1784 178 1993 209 Dominiorum
2014 178 2210 208 Maneriorum
2226 182 2380 213 Terrarum
2424 179 2507 211 1622.

76 231 207 270 aoJam.
221 229 310 258 cobum
327 231 444 257 Herium
455 247 464 261 ,
484 224 629 254 Andream
645 225 738 252 Bocve
760 225 792 254 ὅ(
809 223 976 252 Lodovicnm
991 224 1102 257 Boeve,
1119 230 1165 250 aut
1181 230 1283 250 eorum
1323 218 1573 248 Tenementorum
1595 219 1628 248 &
1651 226 1822 247 caeterorum
1845 216 2057 247 Praemisibrum
2074 218 2107 248 ὃς
2122 216 2384 251 Haereditamento-
2408 221 2532 256 zoJam·

82 2852 101 2872 ἲ
119 2854 217 2881 XVll.

223 267 344 305 aliquem
364 265 406 293 vel
424 264 549 300 aliquos,
566 262 655 291 solum
672 271 720 298 per
739 261 765 291 se
780 270 827 292 aut
844 270 912 291 cum
923 260 1016 298 aliqua
1031 259 1082 290 alia
1096 257 1218 288 Persona
1232 266 1280 288 aut

223 315 293 336 cum
311 304 447 340 aliquibus
470 301 526 329 aliis
546 299 674 329 Personis
689 321 698 336 ‚
725 299 820 337 aliquo
842 308 970 336 tempore
984 298 1040 328 five
1054 297 1192 334 aliquibus
1208 305 1282 325 tem-

220 344 336 381 poribus
351 349 414 371 ante
428 339 536 369 dic'lum
544 341 662 378 primum
675 338 745 367 diem
761 337 854 377 Julii,
873 337 1104 375 qualitercunque
1118 335 1190 365 facta
1203 335 1283 364 habi-

222 385 251 413 ta
266 377 419 409 commissa
435 378 488 407 five
506 385 670 414 perpetrata.

262 418 455 448 Pardonamus
469 416 552 446 etiam
570 415 738 445 remittimus
755 416 788 447 ὃς
811 414 962 444 relaxamus
984 421 1031 450 per
1045 410 1198 441 Praesentes
1210 419 1282 448 prae-

225 457 287 487 fatis
306 453 444 493 Franctfio
459 457 517 484 Van
532 455 640 490 Acker,
658 453 765 492 Jacobo
777 455 915 489 Herwin,
929 451 1053 481 Andreae
1067 452 1162 478 Boeve
1178 450 1211 480 &
1225 451 1282 477 Lo-

222 496 317 525 dovico
333 496 442 529 Bam-e,
460 494 492 522 &
511 502 610 523 eorum
630 493 767 528 cuilibet,
786 501 887 521 omnes
902 492 935 521 ὃ(
954 487 1137 518 omnimodas
1152 486 1283 517 Offensas

222 535 255 566 ὃ(
271 530 511 569 Transgreffiones
528 540 581 568 pro
597 530 751 561 Abrafione
760 529 864 559 Rasura
880 529 912 558 ὅ(
930 526 1157 557 interlineatione
1173 525 1282 568 aliquo—

223 581 287 602 rum
313 571 492 601 Rotulorum
514 569 716 599 Recordorum
742 567 876 598 Brevium
893 565 1113 595 Warrantorum
1134 564 1278 601 Recogni-

222 611 336 641 tionum
353 610 409 638 five
424 609 542 638 aliorum
562 606 819 637 Meniorandorum
834 604 1016 642 nostrorum,
1030 611 1075 632 aut
1095 602 1210 640 alicujus
1221 601 1280 632 An-

222 648 395 679 tecessorum
415 646 461 676 seu
480 646 703 682 progenitorum
723 644 886 674 nostrorum
907 650 1145 680 quorumcunque
1159 663 1169 678 ,
1186 641 1215 670 in
1234 639 1284 670 ali-

221 687 278 725 qua
303 685 391 716 Curii
418 685 472 715 five
494 685 633 723 aliquibus
656 684 750 714 Curiis
767 681 868 712 nostris
884 703 894 719 ,
911 688 960 711 aut
978 679 1093 717 alicujus
1113 677 1284 708 Anteceffo-

222 735 284 755 rum
304 726 347 754 seu
367 721 591 762 progenitorum
613 721 795 758 nostrorum,
814 729 877 750 ante
895 717 1063 757 praedistum
1075 720 1193 757 primum
1210 716 1280 746 diem

221 764 293 802 Julii
308 764 465 801 perpetratis
483 762 539 791 five
557 760 650 798 faffls5

262 803 305 832 Ac
319 803 402 835 etiam
418 802 516 830 omnia
534 801 566 829 δε
584 797 690 835 singula
699 796 826 835 Judicia,
845 795 947 826 Poenas
966 794 1089 833 Mortis,
1105 794 1284 831 Punidones,

222 846 257 871 ac
276 839 373 871 Exitus
391 841 423 870 &
443 837 570 868 Proficua
586 838 719 867 omniurn
739 837 770 867 &
791 835 965 876 singulorum
986 834 1198 865 Dominiorum
1217 832 1285 862 Ma-

223 881 368 909 neriorum
384 879 538 907 Terrarum
556 876 804 906 Tenementorum
824 884 858 905 ac
873 882 1043 910 caeterorum
1059 871 1286 902 Haereditamen-

223 927 321 950 torum
350 917 473 954 ipsorum
494 914 628 952 Francifii
645 917 705 943 Van
725 914 818 942 Acker
834 935 843 951 ‚
868 911 973 951 Jacobi
996 913 1117 941 Herwin
1129 933 1138 948 ,
1157 910 1283 940 Andreae

224 959 318 985 Boeve
337 957 368 986 ἃ
390 954 522 983 Lodovjci
541 955 653 989 Boeve,
679 954 712 983 ὃς
729 961 831 981 eorum
851 950 1045 989 quorumlibet
1064 951 1096 981 &
1116 949 1286 987 cujussibet,

225 995 326 1025 Nobis
344 1002 389 1024 aut
408 992 488 1022 alicui
507 990 728 1029 progenitorum
747 989 910 1019 nostrorum
927 1011 936 1026 ‚
953 988 1104 1018 occasione
1126 988 1287 1018 Praemilio—

224 1043 288 1063 rum
309 1032 351 1063 seu
370 1040 467 1060 eorum
485 1029 597 1064 alicuius
616 1029 671 1058 sive
689 1029 847 1066 aliquorum
861 1050 872 1064 ‚
896 1038 945 1066 per
964 1026 1093 1064 praefatos
1117 1025 1286 1064 Francistum

226 1075 285 1102 Van
311 1071 405 1100 Askar
420 1092 428 1104 ,
452 1067 589 1105 Jacobum
607 1069 729 1096 Herwin
746 1089 756 1104 ,
782 1066 929 1095 Andream
954 1068 1045 1094 Boeve
1063 1066 1096 1095 &
1115 1065 1285 1094 Lodovicum

224 1113 339 1144 Breve,
364 1107 410 1137 scu
427 1116 528 1135 eorum
553 1107 675 1143 a'fqu'em
694 1105 738 1135 vel
757 1105 865 1143 aliquos
878 1127 888 1142 ,
913 1104 1126 1134 forisfactorum
1152 1103 1207 1134 five
1236 1105 1286 1134 de-

224 1149 398 1186 perditorum
414 1168 423 1183 ,
449 1144 481 1173 &
503 1143 600 1173 Nobis
620 1145 676 1174 sive
702 1143 785 1173 alicui
803 1143 1022 1174 Antecefiorum
1043 1142 1098 1172 five
1115 1141 1286 1181 Progenito-

225 1196 288 1216 runi
306 1184 468 1213 nostrorum
486 1205 494 1218 ,
520 1192 583 1212 anie
602 1182 712 1212 dierum
723 1186 840 1220 primum
860 1185 940 1211 Diem
960 1180 1037 1219 Julii
1050 1202 1059 1217 ‚
1079 1182 1187 1211 ratione
1206 1180 1286 1210 Prae-

225 1224 373 1255 miliorum
393 1222 557 1252 debitorum
578 1222 780 1257 pertinentium
801 1221 858 1250 five
879 1220 1075 1258 i'pee'kantium.

261 1261 297 1291 Et
326 1262 438 1291 ulterius
454 1283 462 1298 ‚
491 1259 525 1289 de
550 1261 672 1290 uberiori
698 1258 799 1289 Gratir‘i
825 1259 922 1288 nostra
946 1257 1079 1295 speciali,
1105 1267 1138 1288 ac
1156 1267 1190 1287 ex
1209 1256 1287 1287 certa

223 1299 346 1331 Scientifi
374 1300 404 1329 ὃ(
433 1308 512 1328 mero
540 1298 627 1328 Motu
649 1298 749 1327 nostris
765 1320 775 1334 ‚
797 1297 982 1333 pardonamus
1000 1295 1170 1325 remittimus
1190 1298 1223 1326 ὅ(
1245 1305 1287 1325 re-

224 1340 346 1370 iuramus
366 1337 486 1375 praefatis
503 1335 646 1376 Pras-:cisso
664 1339 724 1367 Van
742 1337 835 1365 Acker
848 1357 858 1371 ,
884 1334 988 1372 Jacobo
1005 1335 1144 1370 Herwin,
1161 1334 1287 1364 Andreae

225 1376 318 1407 zie-eve
337 1377 368 1407 ὅ(
389 1376 525 1415 Lodovico
543 1378 650 1412 Boeve,
671 1376 703 1407 ὃς
724 1384 824 1405 eorum
844 1371 960 1403 cuilibet
977 1396 985 1409 ,
1001 1381 1102 1401 omnes
1118 1373 1151 1411 ὃς
1171 1372 1210 1402 sin
1231 1373 1289 1407 uias

225 1416 320 1447 Sec-“tas
337 1417 369 1447 &
391 1414 492 1444 caulas
512 1413 680 1451 Seciarum,
698 1422 761 1443 ante
779 1411 946 1449 praeditftum
968 1411 1092 1448 primum
1108 1409 1198 1440 Diem
1212 1381 1289 1449 ffulii,

225 1464 346 1492 quarum
365 1454 495 1492 cognitio
516 1453 617 1488 {bestat
636 1453 670 1482 ad
690 1452 796 1481 Forum
817 1448 1047 1480 Ecclesiasticum
1063 1472 1073 1486 ,
1089 1449 1122 1480 &
1143 1459 1207 1486 quae
1226 1459 1289 1480 exa-

225 1493 373 1523 lirinabiles
392 1495 423 1522 b<
444 1491 667 1521 derel-iiiiiiabilcs
683 1489 803 1519 existunt
824 1489 851 1518 in
871 1487 964 1524 aliquit
983 1486 1071 1517 Curia
1092 1486 1288 1519 Christianita-

224 1532 329 1569 tis‚seu
345 1540 443 1560 corani
463 1529 671 1568 aliqroJudice
684 1525 884 1557 Ecclefiastico
898 1526 942 1556 {eu
960 1525 1175 1569 quibuscunque
1191 1525 1288 1563 Com-

224 1569 401 1600 misfionariix
428 1567 625 1598 Eccleriziiticis
641 1567 711 1596 infra
734 1566 868 1603 Regnum
891 1565 1003 1602 Angliae
1018 1587 1026 1601 ‚
1055 1564 1088 1594 &
1111 1572 1175 1603 quae
1193 1564 1286 1595 adhuc

224 1609 386 1646 dependent
413 1616 458 1636 aut
482 1613 625 1646 remanent
651 1604 807 1635 indiscuil'ae
833 1603 1034 1634 tantummodo
1051 1604 1144 1640 quoad
1163 1604 1286 1641 aliquam

225 1647 340 1678 Set-&tam
356 1669 364 1683 ,
392 1645 435 1675 scu
456 1644 671 1673 Exiiibitioncm
691 1643 735 1673 seu
759 1641 992 1672 prosecutionem
1012 1641 1126 1677 alicujus
1144 1641 1237 1673 Seetae
1258 1644 1285 1672 in

224 1686 317 1723 aliqua
333 1684 420 1715 (juria
440 1681 648 1718 Ecclesiasticii,
668 1682 713 1711 seu
729 1691 827 1712 coram
843 1681 936 1718 aliquo
950 1679 1054 1718 Judice
1072 1679 1287 1718 Ecclefiastico,

224 1726 270 1755 seu
295 1723 507 1761 qiii'biilcunque
533 1720 792 1751 Commissionariis
819 1719 1017 1749 Ecclefiallicis
1033 1742 1042 1756 ‚
1069 1729 1102 1750 ac
1129 1729 1231 1750 ornnes
1253 1721 1286 1751 &

226 1763 349 1801 singulos
363 1761 555 1796 Contemptus
568 1758 603 1789 de
617 1769 664 1789 aut
680 1769 733 1796 pro
748 1758 851 1788 eisdem
867 1766 912 1787 aut
927 1766 1029 1787 eorum
1044 1750 1156 1795 aliqu03

265 1804 308 1831 Ac
323 1809 423 1829 omnes
439 1801 472 1830 ὃς
486 1797 668 1828 omnimodas
684 1795 815 1827 offensis
830 1795 1070 1834 Transgreffiones
1091 1795 1286 1835 Contemptus

225 1840 258 1871 ὅτ,
278 1839 473 1878 Negligentias
488 1860 497 1874 ,
523 1845 620 1866 contra
644 1836 767 1866 formam
791 1843 1029 1873 quorumcunque
1051 1833 1227 1865 Statutorum
1250 1837 1286 1866 de

226 1878 394 1908 Liberaruris
412 1876 504 1915 Signis
521 1877 552 1907 Sc
572 1874 665 1912 Bagis,
684 1884 717 1904 ac
735 1883 832 1904 contra
846 1873 971 1903 formam
991 1873 1106 1911 alicujus
1119 1874 1221 1905 Statuti
1234 1883 1287 1912 pro

224 1916 398 1947 Retentione
415 1915 499 1945 facias
514 1915 569 1944 five
585 1922 773 1952 perpetratas3
790 1921 822 1942 ac
840 1920 940 1942 contra
955 1910 1104 1949 Adjutores
1114 1912 1289 1949 Receptores

225 1957 259 1988 δε
276 1955 445 1986 Retentores
460 1952 647 1989 eorumdem,
667 1960 733 1983 ante
745 1951 855 1982 dietum
870 1951 997 1990 primum
1016 1950 1105 1980 Diem
1117 1950 1201 1989 Julii,
1221 1951 1290 1982 No-

225 1995 267 2025 bis
281 2003 326 2026 aut
341 1994 423 2025 alicui
443 1991 665 2023 Antecefiorum
690 1989 747 2022 sive
770 1989 990 2031 Progenitorum
1007 1988 1190 2028 nostrorum,
1208 1989 1288 2020 foris-

227 2033 312 2064 factas
329 2034 383 2064 five
398 2032 570 2070 deperditis:

268 2072 399 2102 Necnon
414 2081 513 2102 omnes
528 2072 561 2103 &
576 2069 764 2101 omnimodos
773 2068 964 2109 Contemptus
978 2070 1012 2102 ὅ(
1028 2069 1228 2107 Negligentias
1242 2079 1292 2110 per

227 2111 359 2148 praefatos
377 2112 545 2148 Francijcum
564 2112 623 2139 Van
638 2110 748 2146 Acker,
767 2108 905 2147 Jacobum
918 2108 1213 2147 Herwin,Andream
1222 2111 1292 2138 Boe-

228 2160 267 2179 ve
282 2150 315 2180 &
334 2150 500 2179 Lodovicum
518 2150 608 2177 Boeve
623 2171 632 2184 ,
659 2157 705 2178 aut
729 2158 830 2178 eorum
855 2148 979 2186 aliquem
993 2147 1038 2178 vel
1053 2147 1181 2186 aliquos,
1196 2147 1291 2178 solum

226 2190 272 2218 seu
290 2188 487 2226 conjunc‘tim,
504 2197 572 2217 cum
589 2186 678 2225 aliqua
693 2186 746 2216 alia
765 2185 891 2217 Person&
913 2187 969 2217 five
985 2195 1055 2216 cum
1076 2187 1215 2224 aliquibus
1232 2186 1292 2217 aliis

227 2226 372 2264 Personis,
390 2235 489 2256 contra
503 2225 627 2255 foi-mam
645 2225 677 2255 ὅ(
699 2223 837 2255 effectum
855 2233 1095 2263 quorumcunque
1114 2226 1291 2256 Statutorum

227 2267 262 2296 de
279 2265 347 2295 saliis
364 2265 539 2295 Ponderibus
555 2266 587 2295 ὃς
605 2262 748 2293 Mensuris
764 2273 825 2293 non
839 2264 966 2302 utendis,

265 2304 396 2334 Necnon
414 2313 516 2333 omnes
532 2304 564 2333 ἃ
580 2303 760 2332 omnimodas
774 2302 897 2340 Usuras,
914 2301 1074 2333 contrazstus
1086 2301 1209 2342 Usurae,
1225 2302 1292 2334 Bar-

227 2343 319 2380 ganias
335 2352 498 2379 corruptaS,
517 2342 549 2372 &
567 2340 757 2371 Clievisantias
775 2341 896 2379 illicita53

268 2381 313 2411 Ac
330 2390 429 2410 omnes
450 2382 481 2410 &
497 2379 677 2409 omnimodas
695 2379 893 2409 Forisfaeturas
906 2379 1001 2411 debita
1016 2381 1048 2411 ὃ(
1064 2380 1216 2411 Demanda
1225 2379 1293 2411 No-

229 2420 273 2450 bis
287 2419 379 2448 debita
394 2419 559 2456 pertinentia
575 2418 628 2447 five
643 2418 795 2454 specstantia
810 2418 918 2448 ratione
931 2419 1086 2456 aliquarum
1102 2419 1294 2458 Recognitio-

230 2467 304 2489 num
328 2457 563 2493 Allumptionum
590 2455 852 2492 Manucaptionum
877 2456 1093 2493 lnjrineti‘onum
1109 2458 1292 2495 Scriptorum

227 2495 432 2534 Obligatoruni
456 2503 501 2524 aut
524 2494 641 2524 aliorum
663 2493 842 2531 Scriptorum
864 2504 1103 2532 quorumcunque
1125 2495 1224 2525 Nobis
1243 2505 1291 2526 aut

228 2535 312 2564 alicui
331 2532 548 2564 Antecellbrum
564 2533 620 2561 five
637 2531 858 2570 progenitorum
877 2532 1038 2562 nostrorum
1054 2555 1064 2570 ,
1084 2533 1140 2563 five
1153 2534 1236 2564 alicui
1248 2535 1293 2564 alii

228 2572 360 2603 Persoiiae
379 2576 433 2601 live
448 2572 582 2607 aliquibus
592 2571 649 2599 aliis
660 2570 802 2606 Perlonis,
817 2570 852 2600 ad
865 2571 944 2600 usum
959 2571 1088 2600 nostrum
1105 2572 1150 2601 vel
1162 2573 1197 2602 ad
1213 2571 1293 2603 usum

229 2612 344 2649 alicujus
370 2609 588 2641 Anteceil'oruni
612 2608 667 2638 five
690 2608 909 2647 progenitorum
932 2609 1095 2639 nostrorum
1109 2619 1174 2640 ante
1192 2611 1294 2649 praedi-

230 2650 311 2681 &um
329 2651 453 2687 primum
472 2650 558 2678 Diem
571 2647 637 2685 julii
658 2649 874 2686 recognitorum
888 2647 1096 2685 arsumptorum
1110 2658 1294 2687 manucapto-

229 2699 293 2719 rum
308 2688 450 2717 saelorum
476 2687 530 2716 five
551 2686 710 2715 habitorum
725 2708 734 2723 ,
762 2696 809 2723 per
825 2686 954 2722 praefatos
973 2686 1141 2726 Pranrifium
1158 2690 1218 2718 Van
1233 2691 1294 2718 Ac·

232 2728 280 2757 kei·
290 2750 298 2764 ,
316 2726 451 2765 Jarohum
467 2728 501 2753 H
511 2728 600 2761 rwin,
617 2726 763 2753 Amiream
780 2728 875 2754 Boeve
889 2725 921 2755 &
937 2726 1106 2755 Lodovicum
1121 2728 1232 2764 Boeve,
1247 2727 1292 2757 seu

231 2776 332 2796 eorum
347 2766 469 2802 aliquem
486 2764 529 2794 vel
544 2764 671 2800 aliquos,
689 2762 781 2792 solum
796 2763 839 2793 vel
854 2764 1032 2801 conjunclzim
1048 2774 1118 2794 cum
1133 2765 1225 2801 aliqua
1241 2766 1294 2797 alifi,

232 2804 353 2836 Personfi
369 2803 423 2832 five
435 2803 493 2832 aliis
501 2802 630 2832 Perlonis
646 2812 698 2838 pro
714 2801 800 2838 seipso
815 2801 858 2832 vel
875 2801 982 2839 seipfis,
1001 2801 1044 2832 vel
1061 2803 1153 2840 aliqua
1167 2803 1294 2834 aiiaPer-

235 2843 303 2874 sona
319 2842 362 2872 vel
377 2851 429 2876 pro
444 2841 582 2878 aliquibus
597 2840 652 2869 aliis
668 2839 794 2869 Personis
810 2862 819 2876 ,
839 2840 857 2858 ²³
875 2841 1078 2870 tantummodo
1098 2851 1148 2878 pro
1162 2840 1207 2872 seu
1224 2852 1295 2873 con-

235 2890 368 2914 cernente
383 2880 456 2911 Pace
473 2878 566 2921 nostrii
580 2878 624 2908 seu
639 2878 754 2916 alicujus
771 2878 988 2908 Antecefforum
1009 2879 1053 2908 seu
1070 2879 1294 2915 progenitorum

235 2920 398 2951 nostrorum
415 2918 621 2952 conlervarida,
640 2927 684 2947 aut
702 2927 753 2954 pro
776 2927 821 2946 aut
837 2925 1032 2947 coiiceinente
1046 2918 1126 2948 bono
1138 2918 1231 2949 Gestu
1247 2929 1295 2950 aut

234 2959 261 2990 se
279 2960 351 2988 bene
366 2956 490 2994 ‘gerendo
501 2979 510 2994 ,
527 2966 588 2986 anie
602 2956 770 2995 praedictum
790 2955 915 2993 primum
936 2956 1103 2994 DieniJulii
1119 2957 1214 2995 aliquo
1231 2968 1297 2988 mo-

237 2998 276 3028 do
294 2997 446 3027 i'orisfatla.

278 3035 321 3065 Ac
338 3035 446 3070 insuper
463 3032 651 3069 pardonamus
666 3032 834 3062 remittimus
853 3033 884 3063 ὃ(
902 3032 1054 3062 relaxamus
1071 3032 1192 3069 praefatis
1206 3037 1298 3065 Fran-

236 3073 299 3114 cisto
315 3074 384 3103 *Van
410 3072 501 3101 Acker
517 3094 526 3108 ,
545 3070 652 3108 Jacobo
672 3073 793 3100 Hcrwin
811 3093 820 3106 ,
843 3071 967 3100 Andreae
991 3074 1086 3099 Boeve
1111 3072 1144 3101 ἃ
1163 3075 1298 3103 Lodovrco

236 3116 348 3148 Boea-e,
366 3112 398 3141 &
420 3120 521 3140 eorum
537 3110 669 3145 cuilibet,
687 3118 786 3138 omnes
801 3109 834 3139 δε
849 3108 1031 3139 omnimodas
1047 3108 1204 3147 Utlagarias
1219 3122 1300 3149 quas-

239 3160 352 3188 cunque
366 3149 459 3179 versus
471 3156 518 3177 eos
533 3147 577 3179 seu
592 3156 692 3177 eorum
709 3147 830 3184 aliquem
847 3147 891 3176 vel
904 3147 1012 3184 aliquos
1027 3171 1036 3182 ‚
1055 3147 1147 3178 solum
1163 3159 1211 3180 aut
1227 3160 1300 3180 con—

238 3190 362 3228 junctim
384 3197 452 3217 cum
479 3185 572 3223 aliqua
593 3185 645 3215 alia
666 3184 788 3215 Persona
803 3184 848 3215 vel
864 3185 1001 3223 aliquibus
1015 3186 1072 3215 aliis
1089 3186 1236 3226 Personis,
1253 3198 1300 3220 aut

243 3229 334 3259 versus
356 3226 476 3264 aliquem
501 3223 720 3254 Antecessorum
739 3223 795 3253 five
815 3223 922 3260 aliquos
946 3223 1166 3255 Antecessorum
1188 3225 1301 3256 suorum

244 3276 292 3297 aut
309 3274 407 3296 eorum
422 3265 581 3301 aliquorum
598 3262 643 3292 vel
657 3262 785 3299 alicujus,
804 3270 851 3291 aut
864 3261 957 3291 versus
975 3262 1099 3299 aliquem
1123 3263 1179 3293 five
1194 3265 1302 3302 aliquos

244 3306 314 3335 alios
329 3304 408 3341 cujus
425 3302 469 3333 vel
485 3310 608 3339 quorum
623 3301 709 3330 iidem
727 3298 886 3339 Franciscus
898 3302 958 3329 Van
971 3300 1085 3337 Acker,
1099 3300 1221 3338 Jacobus
1229 3305 1304 3332 Her-

247 3347 306 3372 win
321 3365 329 3379 ‚
353 3341 488 3371 Andreas
505 3342 598 3368 Boeve
615 3339 647 3369 ὅ(
669 3339 837 3368 Lodovicus⁴
848 3340 942 3368 Boeve
955 3361 966 3375 ,
981 3337 1117 3369 Haeredes
1130 3339 1305 3371 Executores

246 3381 294 3411 vel
309 3379 556 3410 Administratores
568 3376 703 3414 existunt,
721 3385 768 3406 aut
784 3378 862 3414 cujus
876 3376 920 3406 vel
938 3386 1062 3414 quorum
1075 3376 1176 3407 Haeres
1192 3378 1305 3410 Execu-

248 3427 292 3449 tor
308 3418 364 3449 five
381 3415 597 3448 Administrator
614 3424 716 3445 eorum
730 3416 826 3452 aliquis
838 3414 944 3452 existit,
962 3416 1071 3446 ratione
1086 3415 1141 3446 five
1155 3418 1307 3448 occafione

249 3456 462 3487 Praemissorum
476 3454 520 3486 seu
529 3462 629 3485 eorum
644 3454 774 3490 alicujus,
790 3461 837 3483 aut
851 3453 965 3490 alicujus
982 3453 1090 3484 alterius
1105 3455 1144 3483 rei
1160 3455 1249 3485 causae
1260 3456 1308 3486 vel

254 3497 375 3525 materite
398 3493 591 3531 cujuscunque
606 3514 616 3530 ,
642 3500 702 3522 tam
718 3491 752 3522 ad
768 3491 881 3521 Sectam
903 3491 1027 3522 nostram
1044 3492 1129 3530 quam
1146 3492 1180 3522 ad
1194 3493 1309 3524 Sectam

254 3532 368 3569 alicujus
390 3532 608 3571 progenitorum
632 3530 678 3560 seu
703 3529 920 3560 Antecessorum
944 3530 1128 3568 nostrorum,
1143 3530 1188 3560 seu
1201 3531 1309 3568 aliquo-

255 3580 319 3601 rum
332 3571 448 3600 aliorum
464 3578 702 3608 quorumcunque
739 3577 803 3598 ante
819 3568 985 3607 praediCtum
1002 3570 1127 3606 primum
1137 3568 1226 3598 Diem
1240 3569 1313 3608 Julii

254 3607 465 3647 promulgatam
481 3631 490 3643 ,
516 3609 548 3638 &
571 3606 681 3637 firmam
728 3616 808 3637 acem
830 3606 954 3636 nostram
974 3607 1076 3637 eisdem
1098 3606 1238 3645 Francg'sbo
1252 3612 1314 3638 Van

259 3647 353 3676 Acker
368 3669 377 3684 ,
402 3645 505 3683 Jacobo
524 3647 642 3674 Herwi'n
657 3669 666 3681 ‚
691 3645 814 3674 Andreae
835 3646 928 3674 Boeve
949 3645 981 3675 ὅ(
1001 3646 1138 3675 Lodovico
1152 3648 1262 3685 Boeve‚
1277 3648 1312 3678 &

260 3694 358 3714 eorum
371 3685 485 3715 cuilibet
495 3683 712 3720 ‚concedimus;
731 3685 770 3713 ita
782 3691 879 3713 tamen
894 3683 973 3720 quod
990 3683 1063 3714 stent
1079 3684 1149 3714 recti
1165 3684 1198 3714 δε
1212 3694 1314 3714 eorum

260 3723 379 3760 quilibet
400 3721 450 3751 stet
469 3722 560 3751 festus
583 3723 609 3750 in
633 3721 720 3752 Curia
736 3720 831 3751 nostra
842 3743 852 3758 ,
876 3721 895 3750 fi
912 3722 973 3759 quis
989 3722 1079 3752 versus
1090 3731 1138 3752 eos
1152 3729 1197 3752 aut
1212 3732 1315 3753 eorum

262 3761 381 3795 aliquem
399 3759 477 3796 loqui
493 3759 641 3789 voluerint.

299 3798 334 3827 Et
355 3797 461 3834 insuper
485 3807 533 3833 per
555 3797 703 3827 Priesentes
719 3797 818 3827 damus
837 3796 869 3826 ὅ(
885 3797 1072 3828 concedimus
1088 3797 1210 3835 praefatis
1228 3799 1319 3828 Fran-

260 3834 325 3873 cisto
337 3838 394 3863 Van
410 3836 502 3863 Acker
513 3859 521 3870 ,
534 3834 640 3871 Jacoho
655 3836 921 3872 Hei-win,Andreae
934 3839 1028 3866 Boeve
1044 3838 1076 3867 &
1094 3836 1232 3865 Lodovico
1247 3838 1318 3865 Boe-

263 3884 319 3910 ve,
337 3873 370 3902 ὅ(
385 3882 482 3902 eorum
502 3873 736 3907 cuilibet,omnia
753 3873 786 3903 δε
800 3874 969 3903 omnimoda
985 3874 1063 3904 Bona
1080 3876 1113 3906 δε
1129 3873 1236 3904 Catalla
1248 3874 1317 3904 No-

261 3912 322 3947 bis,
340 3910 479 3951 aut-alicui
499 3911 713 3941 Antecess‘orum
735 3911 791 3941 five
813 3911 1037 3947 Progenitorum
1053 3912 1215 3942 nostrorum
1231 3914 1317 3942 ratio-

261 3959 297 3980 ne
315 3949 475 3987 hujuimodi
497 3947 703 3986 Utlagariarum
718 3971 729 3987 ,
745 3949 890 3980 forisfacta
905 3950 1048 3988 deperdita
1062 3950 1117 3983 sive
1131 3951 1318 3989 pertinentia,

1324 266 1390 286 rum
1413 265 1654 293 quorumcunque
1670 278 1680 292 ,
1704 265 1769 292 quae
1781 265 1859 285 nunc
1878 255 1940 291 sunt
1956 265 2002 286 aut
2019 265 2108 293 nuper
2124 255 2237 287 fuerunt
2253 259 2383 295 praefato-

1324 304 1388 323 rum
1407 294 1542 332 Franrifii
1555 296 1615 323 Van
1631 294 1742 330 Acker,
1760 293 1860 332 Jacobi
1873 296 2007 331 Herwt'n,
2022 294 2149 324 Andreae
2165 297 2258 325 Boeve
2273 298 2306 327 &
2325 300 2384 327 Lo-

1324 333 1412 361 dow'ci
1427 336 1535 369 Boeve,
1553 332 1598 362 seu
1615 341 1716 361 eorum
1731 332 1893 370 aliquorum
1908 332 1953 361 vel
1967 333 2082 370 alicujus
2097 355 2106 371 ,
2123 333 2168 363 vel
2183 333 2301 372 alicujus
2313 336 2382 366 alte-

1323 372 1379 399 rius
1396 371 1528 401 Personae
1545 370 1600 401 sive
1613 370 1770 408 aliquarum
1792 369 1908 400 aliarum
1922 369 2106 400 Personarum
2123 394 2132 407 ‚
2151 372 2232 409 cujus
2246 374 2290 403 vel
2309 384 2384 412 quo-

1324 418 1390 438 rum
1413 408 1552 440 Haeredes
1573 408 1747 439 Executores
1772 408 1818 438 vel
1839 407 2105 446 Administratores,
2124 408 2224 440 Haeres
2238 410 2383 444 Executor

1323 446 1367 476 vel
1382 446 1604 477 Administrator
1618 447 1759 484 existunt,
1777 446 1824 476 vel
1840 456 1939 476 eorum
1955 447 2051 484 aliquis
2065 447 2173 483 existit;
2189 449 2321 482 videlicet
2336 475 2346 490 ,
2366 451 2384 482 ἃ,

1323 493 1452 528 tempore
1471 486 1528 516 five
1552 486 1729 524 temporibus
1749 485 1906 523 aliquarum
1929 484 2089 523 hujusmodi
2116 484 2328 524 Utlagariarum
2351 491 2382 520 in

1324 523 1398 560 ipsos
1419 524 1464 554 seu
1487 534 1589 555 eorum
1614 525 1738 562 aliquem
1761 523 2006 560 promulgatarum
2027 523 2170 561 hucusque
2187 529 2385 561 provenientes

1325 561 1382 592 sive
1401 561 1558 594 crescentes
1571 585 1581 600 ‚
1607 572 1665 594 tam
1689 571 1739 599 per
1756 571 1856 592 manus
1875 561 1934 591 suas
1957 571 2011 599 pro
2032 562 2083 592 rias
2099 563 2277 602 retinendos,
2296 567 2383 604 quam

1325 609 1376 638 per
1398 610 1495 631 manus
1517 611 1597 632 nunc
1619 602 1652 632 ὃς
1675 609 1765 637 nuper
1782 599 1996 631 Vicecomitum
2037 600 2196 630 scaetorum
2210 600 2384 636 Ballivorum

1325 639 1358 670 &
1376 638 1591 670 Coronatorum
1606 640 1640 669 &
1655 639 1777 669 aliorum
1793 637 1997 669 Ministrorum
2011 638 2174 669 nostrorum
2189 647 2387 677 quorumcun-

1325 686 1401 714 que,
1418 678 1455 708 de
1471 677 1563 708 Dono
1578 677 1679 708 nostro
1693 676 1861 714 capiendos,
1878 676 1981 715 absque
1993 676 2149 715 Computo
2162 676 2208 707 seu
2224 678 2320 717 aliquo
2331 682 2385 713 alio

1326 716 1448 754 proinde
1459 716 1559 747 Nobis
1572 716 1718 746 reddendo
1731 716 1778 745 seu
1796 715 1945 746 solvendo:

1362 755 1408 785 Ac
1432 764 1533 785 omnes
1553 756 1587 787 ὅ(
1608 754 1790 785 omnimodas
1810 752 1941 783 Offensas
1963 754 1997 786 δε
2010 753 2201 794 Contemptus
2213 764 2311 788 contra
2327 756 2386 788 for-

1328 801 1406 823 mam
1420 793 1453 823 &
1467 793 1606 824 effectum
1622 792 1765 830 cujusdam
1772 791 1874 823 Statuti
1889 801 1942 829 pro
1956 792 2084 823 custodia
2092 793 2270 832 Magnorum
2284 794 2386 834 Equo'-

1327 841 1409 868 rum,
1424 841 1471 862 aut
1485 831 1577 870 aliqua
1592 832 1643 862 alia
1657 842 1687 861 re
1701 830 1747 861 seu
1766 830 1883 861 materia
1894 832 1923 860 in
1938 831 2042 861 eodem
2057 831 2169 864 Statuto
2185 841 2320 864 contenta
2335 844 2387 872 pei·

1325 870 1454 907 praefatos
1471 869 1639 909 Francifium
1653 873 1712 900 Van
1727 870 1834 906 Acker,
1851 869 1989 907 Jacobum
2004 871 2137 907 Herwin,
2158 872 2307 902 Andream
2315 875 2386 902 Boe-

1327 920 1364 938 ve
1380 910 1412 939 ὃ(
1429 910 1596 938 Lodovicum
1612 912 1776 947 Boeve,aut
1791 917 1892 938 eorum
1908 909 2030 947 aliquem
2046 910 2092 939 vel
2103 909 2298 947 aliquos,ante
2311 921 2385 949 prae-

1325 948 1436 978 dietum
1453 950 1578 985 primum
1596 946 1683 977 Diem
1695 947 1763 985 julii
1776 955 1948 984 perpetratos
1964 947 2020 978 five
2035 947 2213 979 commiffos.

1365 985 1498 1016 Necnon
1513 987 1549 1016 de
1562 987 1683 1016 uberiori
1697 985 1797 1016 Gratia
1813 984 1908 1015 nostra
1922 985 2048 1022 speciali,
2068 996 2101 1016 ac
2118 995 2152 1015 ex
2169 995 2246 1018 certa
2260 988 2385 1020 Scientia

1327 1025 1360 1055 &
1387 1034 1467 1054 mero
1490 1024 1578 1054 Motu
1598 1024 1716 1062 nostris,
1736 1033 1790 1061 pro
1814 1023 1913 1054 Nobis
1936 1023 2106 1055 Haeredibus
2123 1024 2156 1054 &
2171 1025 2386 1058 Succefforibus

1327 1062 1449 1100 nostris,
1475 1063 1662 1102 pardonamus
1684 1063 1856 1092 remittimus
1876 1063 1909 1092 &
1933 1062 2083 1092 relaxamus
2107 1063 2226 1099 praefatis
2244 1065 2386 1105 Francisco

1327 1105 1387 1131 Van
1402 1102 1513 1138 Adur,
1534 1101 1639 1139 Jacobo
1662 1102 1784 1130 Herwin
1798 1122 1808 1138 ,
1825 1101 1950 1130 Andreae
1963 1103 2056 1131 Boeve
2073 1101 2106 1132 &
2121 1102 2258 1132 Lodovico
2273 1106 2384 1142 Boeve,

1327 1142 1359 1172 δε
1376 1150 1478 1170 eorum
1495 1140 1613 1170 cuilibet
1627 1149 1675 1176 per
1684 1139 1960 1177 Praesentes‚0mnes
1975 1140 2007 1169 &
2024 1140 2204 1170 omnimodas
2216 1139 2387 1174 Offensas&

1326 1178 1567 1217 Transgressiones
1585 1187 1636 1216 pro
1651 1177 1743 1214 aliqua
1760 1178 1792 1208 ὃ(
1810 1187 1978 1214 quacunque
1995 1177 2171 1208 Alienatione
2186 1178 2258 1209 facta
2273 1180 2330 1210 five
2339 1181 2389 1212 ha-

1329 1219 1386 1249 bita
1404 1227 1467 1247 ante
1485 1217 1653 1254 praedietum
1664 1220 1782 1256 primum
1798 1217 1866 1245 diem
1880 1215 1956 1254 Julir·
1972 1215 2027 1246 fine
2042 1215 2172 1247 Licentia
2188 1217 2281 1248 nostra
2295 1217 2387 1256 Regia

1327 1267 1374 1287 aut
1389 1256 1446 1286 sine
1463 1255 1593 1285 Licentia
1610 1253 1701 1292 Regia
1714 1257 1841 1284 Dominae
1855 1254 2032 1284 Elizabethae
2048 1263 2132 1293 nuper
2149 1258 2258 1293 Regina
2272 1258 2388 1296 Angliae

1332 1294 1450 1333 praefatis
1464 1293 1603 1332 Francisto
1617 1296 1676 1323 Van
1691 1293 1806 1329 Acker,
1824 1292 1930 1331 Jacoho
1949 1295 2090 1331 Herwin,
2107 1294 2233 1323 Andreae
2248 1298 2340 1326 Bveve
2353 1298 2388 1328 &

1328 1335 1468 1364 Lodovico
1483 1334 1591 1370 Boe-ve,
1612 1341 1657 1362 aut
1673 1341 1774 1362 eorum
1789 1331 1872 1362 alicui
1891 1331 1937 1363 vel
1952 1332 2089 1370 aliquibus
2103 1354 2113 1370 ‚
2137 1341 2185 1362 aut
2200 1333 2284 1364 alicui
2301 1334 2391 1365 Antea

1329 1374 1470 1404 cefforum
1485 1370 1599 1401 suorum
1614 1371 1658 1401 seu
1675 1380 1776 1400 eorum
1793 1370 1953 1408 aliquorum
1967 1371 2011 1401 vel
2026 1371 2143 1409 alicujus
2153 1393 2162 1407 ,
2179 1370 2236 1401 five
2248 1372 2330 1404 alicui
2345 1373 2392 1404 alii

1335 1411 1466 1442 Personae
1491 1410 1547 1440 five
1570 1409 1708 1446 aliquibus
1721 1410 1778 1440 aliis
1796 1407 1922 1440 Pei-sonis
1935 1419 1985 1447 per
2000 1408 2122 1446 aliquam
2139 1410 2221 1440 aliam
2236 1409 2390 1443 Personam

1331 1450 1386 1481 sive
1401 1450 1502 1487 aliquas
1525 1448 1589 1478 alias
1604 1448 1736 1478 Personas
1750 1449 1786 1478 de
1807 1448 1942 1486 aliquibus
1963 1447 2131 1479 Honoribus
2148 1447 2284 1479 Maneriis
2297 1450 2394 1481 Terris

1329 1488 1515 1520 Tenementis
1531 1487 1588 1517 five
1600 1486 1848 1517 Haereditamentis
1865 1487 1894 1517 in
1909 1487 2040 1516 manibus
2062 1486 2242 1524 praefatorum
2254 1489 2391 1527 Francifii

1329 1531 1390 1558 Van
1404 1527 1500 1556 Acker
1513 1548 1523 1564 ‚
1552 1524 1652 1564 Jacobi
1667 1527 1788 1555 Herwin
1799 1548 1808 1561 ‚
1826 1525 1948 1554 Andreae
1969 1527 2062 1555 Boeve
2078 1525 2110 1555 &
2127 1525 2261 1555 Lodovici
2276 1529 2388 1567 Boew,

1327 1567 1372 1597 seu
1393 1574 1497 1595 eorum
1516 1564 1677 1601 aliquorum
1701 1564 1747 1593 vel
1768 1563 1882 1601 alicujus
1899 1562 2080 1593 existentibus
2093 1565 2122 1593 in
2136 1563 2310 1595 Poffeffione
2326 1566 2390 1597 Re-

1328 1604 1458 1635 verfione
1474 1603 1530 1632 five
1543 1601 1747 1640 Remanentia3
1768 1611 1882 1632 necnon
1896 1611 1997 1631 omnes
2011 1602 2043 1631 ὃ(
2061 1602 2180 1639 fingulos
2192 1602 2275 1632 Fines
2289 1603 2389 1636 Exitus

1327 1644 1360 1674 ὅ(
1375 1642 1506 1673 Proficua
1522 1651 1586 1679 quae
1603 1641 1748 1678 praedictae
1763 1650 1852 1677 nuper
1867 1643 1974 1677 Reginae
1991 1639 2168 1669 Elizabethae
2187 1649 2234 1672 aut
2249 1643 2333 1673 nobis
2347 1644 2389 1673 ul-

1326 1682 1356 1712 lo
1379 1681 1469 1712 modo
1491 1688 1626 1718 praetextu
1650 1688 1697 1708 aut
1721 1679 1843 1708 Ratione
1861 1678 1974 1717 alicujus
1988 1679 2048 1709 talis
2065 1679 2253 1711 Alienationis
2268 1680 2325 1712 fine
2339 1681 2390 1713 Li-

1328 1721 1421 1751 centia
1438 1718 1597 1749 accrescere
1613 1716 1727 1754 possint.

1363 1758 1402 1789 Et
1422 1757 1541 1787 firmiter
1554 1757 1736 1793 praecipimus
1750 1757 1783 1787 &
1798 1755 1965 1786 mandamus
1979 1756 2144 1795 praedilecto
2157 1757 2191 1788 &
2204 1767 2339 1796 perquam
2355 1757 2390 1788 fi-

1328 1797 1383 1828 deli
1408 1796 1576 1826 Confiliario
1600 1793 1699 1824 nostro
1714 1817 1724 1832 ,
1750 1794 1874 1824 Lionello
1899 1797 2012 1824 Domino
2032 1793 2179 1834 Cranfeild
2203 1796 2391 1827 Thesaurario

1327 1835 1427 1866 nostro
1452 1834 1565 1872 Angliae
1591 1833 1624 1864 ἃ
1652 1833 1670 1852 ²*
1693 1832 1800 1863 dilecto
1826 1835 1861 1864 &
1879 1832 1955 1862 fideli
1974 1832 2145 1863 Confiliario
2160 1833 2260 1865 nostro
2276 1835 2393 1865 Ricardo
2406 1832 2426 1854 ³
2447 1834 2540 1866 xvn.

1329 1874 1436 1918 Wstqn
1456 1873 1545 1902 Militi
1565 1870 1745 1903 Cancellario
1764 1871 1798 1902 &
1818 1871 2047 1902 Subthesaurario
2065 1872 2207 1903 Scaccarii
2219 1872 2324 1913 nostri,
2342 1873 2391 1904 fir-
2412 1872 2476 1911 386.

1331 1915 1426 1944 mariis
1443 1911 1544 1942 nostris
1561 1909 1727 1953 hujusmodi
1744 1909 1858 1940 Finium
1879 1909 2014 1939 Exituum
2030 1910 2063 1940 &
2082 1909 2304 1949 Proficuorum,
2321 1913 2394 1944 inter

1329 1953 1396 1990 alia,
1413 1951 1490 1990 quod
1508 1951 1516 1980 i
1539 1949 1557 1979 fi
1575 1952 1633 1979 line
1650 1949 1783 1979 dilatione
1801 1949 1903 1979 faciant
1922 1948 2035 1985 plenam
2052 1948 2085 1979 &
2103 1949 2259 1980 absolutam
2276 1949 2398 1982 Relaxa-

1329 1993 1440 2023 tionem
1459 1990 1492 2021 &
1536 1989 1749 2018 xonerarionem
1767 1987 1889 2025 praefatis
1905 1985 2044 2025 Francifio
2065 1988 2127 2017 Van
2152 1988 2248 2018 Acker
2263 2010 2274 2027 ,
2290 1988 2399 2027 Jacoho

1331 2032 1467 2066 Herwin,
1485 2027 1612 2058 Andreae
1629 2029 1721 2056 Boeve
1736 2026 1769 2057 &
1789 2026 1927 2055 Lodovico
1950 2028 2044 2055 Boeve
2057 2047 2068 2063 ,
2094 2027 2128 2057 &
2145 2035 2247 2056 eorum
2265 2027 2399 2066 quibussi-

1335 2071 1386 2101 bet
1406 2070 1439 2101 &
1457 2067 1573 2098 cuilibet
1598 2065 1681 2096 talem
1708 2064 1951 2094 Exonerationem
1970 2064 2128 2101 petentibus
2145 2064 2202 2094 five
2220 2075 2281 2095 non
2300 2074 2399 2104 peten-

1333 2109 1408 2139 tibus
1429 2106 1467 2136 de
1490 2105 1625 2136 omnibus
1651 2103 1749 2133 talibus
1775 2103 1890 2133 Finibus
1907 2101 2040 2146 'Exitibus
2063 2103 2097 2133 &
2122 2101 2281 2142 Proficuis,
2300 2106 2333 2136 ὅτ.
2352 2105 2399 2135 hae

1334 2146 1489 2179 Praesentes
1513 2143 1617 2174 Literae
1642 2142 1772 2174 Patentes
1790 2149 1873 2176 erunt
1889 2151 1927 2173 eis
1946 2139 2087 2172 sufficiens
2108 2141 2300 2174 Warrantum
2317 2143 2348 2175 in
2365 2152 2400 2175 ea

1355 2194 1421 2218 arte.

1333 2197 1353 2225 P
1373 2225 1505 2256 Necnon
1532 2222 1721 2261 pai-donamus
1743 2223 1915 2252 remittimus
1937 2221 1970 2253 δι
1990 2220 2144 2251 relaxamus
2162 2221 2286 2259 praefatis
2304 2223 2399 2252 Frani

1335 2264 1398 2301 cisto
1423 2267 1483 2294 Van
1507 2262 1602 2292 Acker
1615 2285 1625 2299 ‚
1655 2260 1762 2300 Jacobo
1788 2263 1909 2291 Herwin
1925 2283 1935 2298 ,
1961 2260 2087 2290 Andreae
2104 2262 2199 2290 Boeve
2213 2262 2246 2293 &
2259 2260 2400 2291 Lodovico

1336 2307 1448 2339 Boeve,
1465 2311 1567 2332 omnes
1584 2302 1617 2332 ὅ(
1638 2299 1824 2330 omnimodas
1842 2298 1974 2330 offensas
1992 2298 2192 2330 Forisraeturas
2216 2300 2250 2330 ὃς
2268 2298 2399 2329 Poenali-

1335 2350 1404 2373 tates
1422 2351 1470 2380 per
1486 2350 1536 2370 eos
1554 2347 1600 2370 aut
1619 2348 1718 2368 eorum
1737 2338 1860 2376 aliquem
1877 2337 1926 2369 vel
1942 2337 2069 2377 aliquos,
2087 2346 2188 2368 contra
2207 2337 2332 2368 formam
2355 2337 2398 2368 ef-

1336 2381 1445 2412 fectum
1473 2379 1506 2409 &
1530 2377 1722 2417 provifionem
1750 2378 1914 2415 aliquorum
1940 2376 2118 2407 Statutorum
2141 2375 2177 2407 de
2204 2376 2346 2415 Apparatu
2363 2377 2399 2408 &

1337 2419 1520 2458 Sagittatione
1542 2418 1570 2447 in
1595 2415 1700 2446 Balistis
1725 2416 1759 2447 &
1783 2415 1952 2446 Tormentis
1971 2415 2205 2452 quibuscunque,
2230 2415 2277 2446 seu
2295 2423 2400 2446 eorum

1338 2458 1492 2495 aliquibus,
1507 2465 1571 2486 ante
1588 2454 1698 2484 didium
1715 2455 1841 2491 primum
1861 2454 1952 2484 Diem
1967 2452 2037 2491 Julii
2054 2452 2230 2482 commissas:

1372 2496 1502 2526 Necnon
1519 2493 1706 2531 pardonamus
1724 2493 1889 2523 remittimus
1909 2493 1942 2523 &
1961 2491 2112 2522 relaxamus
2131 2490 2252 2527 praefatis
2267 2493 2397 2520 Francis-

1339 2545 1365 2563 ιο
1381 2537 1441 2564 Van
1456 2534 1550 2563 Acker
1558 2555 1568 2570 ,
1583 2531 1690 2570 Jacobo
1706 2533 1825 2560 Herwin
1840 2555 1850 2568 ,
1876 2530 2000 2561 Andreae
2021 2532 2114 2558 Boeve
2126 2529 2161 2559 &
2175 2528 2311 2558 Lodovico
2326 2532 2398 2559 Boe-

1339 2584 1392 2610 τε,
1411 2574 1444 2603 &
1463 2581 1563 2602 eorum
1579 2570 1712 2606 cuilibet,
1727 2579 1829 2599 omnes
1845 2570 1879 2600 &
1898 2568 2013 2607 fingulas
2031 2566 2244 2596 Subtraetiones
2262 2567 2295 2597 &
2313 2567 2401 2598 Con-

1338 2611 1493 2642 celamenta
1511 2610 1627 2647 alicujus
1647 2607 1794 2637 Custumae
1814 2607 1935 2637 Subfidii
1951 2605 2046 2644 magni
2060 2605 2116 2634 five
2132 2605 2227 2643 parvi,
2247 2614 2282 2635 ac
2297 2614 2400 2636 omnes

1339 2651 1372 2681 &
1399 2648 1580 2679 omnimodas
1605 2646 1799 2683 Deceptiones
1827 2646 1862 2676 &
1887 2644 2024 2675 Falsitates
2050 2652 2257 2674 concernentes
2282 2643 2400 2682 aliquod

1338 2688 1499 2719 Subsidium
1518 2687 1574 2716 five
1588 2683 1762 2714 Custurnam
1779 2692 1910 2722 magnam
1927 2683 1983 2713 five
1999 2691 2133 2720 parvam3

1376 2726 1508 2757 Necnon
1532 2733 1632 2755 omnes
1660 2724 1694 2754 &
1710 2721 1892 2752 omnimodas
1909 2720 2040 2751 Offensas
2058 2720 2116 2751 five
2131 2719 2247 2751 Delicta
2265 2729 2401 2759 quaecun-

1341 2775 1397 2803 que
1420 2764 1562 2803 tangentia
1587 2762 1644 2792 five
1669 2761 1872 2791 concernentia
1895 2758 2009 2797 aliquod
2033 2758 2196 2789 Subsidium
2226 2758 2400 2790 Custumam

1340 2804 1488 2842 Tonnagii
1504 2802 1559 2832 five
1576 2799 1732 2838 Pondagii‚
1751 2807 1798 2829 aut
1816 2799 1852 2829 de
1869 2807 1915 2828 aut
1934 2808 1987 2835 pro
2005 2796 2096 2835 aliqua
2112 2797 2159 2827 Re
2172 2797 2265 2828 Causa
2277 2798 2323 2828 vel
2331 2797 2401 2828 Ma-

1342 2842 1410 2873 teria
1435 2840 1594 2872 Subsidium
1619 2837 1792 2868 Custumam
1812 2836 1991 2875 Pondagium
2010 2837 2055 2866 vel
2072 2835 2257 2874 Tonnagium
2271 2859 2280 2875 ,
2308 2838 2338 2866 in
2352 2836 2403 2866 ali-

1342 2891 1400 2920 quo
1420 2880 1600 2919 tangentibus
1619 2878 1675 2908 five
1690 2876 1942 2912 concernentibus,
1961 2884 2010 2912 per
2027 2884 2076 2904 eos
2094 2884 2140 2904 aut
2157 2884 2259 2905 eorum
2277 2875 2402 2913 aliquem

1345 2920 1390 2951 vel
1413 2920 1520 2956 aliquos
1541 2926 1641 2947 eorum
1656 2938 1665 2952 ,
1687 2924 1735 2945 aut
1758 2915 1859 2952 aliquas
1879 2914 1941 2944 alias
1954 2912 2088 2943 Personas
2107 2912 2151 2943 vel
2167 2912 2339 2951 Personam,
2354 2923 2405 2944 eo-

1345 2968 1409 2988 rum
1424 2957 1557 2988 Nomine
1572 2955 1617 2985 vel
1631 2954 1813 2984 Nominibus
1830 2961 1894 2983 ante
1910 2951 2080 2989 praediCtum
2095 2952 2222 2990 primum
2240 2951 2330 2982 Diem
2351 2951 2405 2991 Ju-

1343 2997 1389 3035 lii,
1407 2997 1505 3026 habitis
1517 2992 1674 3025 commissis
1690 2992 1747 3022 five
1761 2992 1938 3029 perpetratiS,
1954 3000 1987 3021 ac
2002 2999 2106 3032 omnes
2117 2990 2150 3020 ὅ(
2165 2989 2284 3026 singulas
2299 2989 2405 3021 Poenas

1346 3035 1528 3066 Poenalitates
1543 3033 1575 3064 &
1590 3030 1788 3061 Forisfacsturas
1804 3030 1953 3060 occasione
1973 3027 2137 3066 thusmodi
2157 3027 2405 3059 Substrafflonum

1347 3074 1646 3104 Concelamentorum
1666 3069 1882 3106 Deceptionum
1897 3066 2058 3098 Falfitatum
2078 3066 2264 3097 Offensarum
2282 3075 2329 3098 aut
2341 3066 2405 3098 De-

1348 3113 1481 3143 lifiorum
1497 3110 1596 3140 Nobis
1612 3108 1753 3138 forisfaeta
1767 3106 1911 3144 deperdita
1923 3106 1979 3136 five
1991 3105 2093 3136 debita.

1385 3150 1423 3180 Et
1439 3150 1568 3183 ulterius,
1585 3146 1620 3176 de
1635 3146 1759 3176 uberiori
1770 3144 1869 3175 Gratia
1885 3143 1978 3174 nostra
1990 3144 2156 3182 speciali,ac
2170 3153 2204 3174 ex
2218 3142 2296 3174 certa
2308 3142 2407 3174 Scien-

1350 3189 1387 3219 tia
1407 3189 1440 3219 &
1461 3196 1542 3217 mero
1559 3184 1648 3214 Motu
1670 3183 1769 3213 nostris
1782 3206 1792 3221 ,
1811 3183 2030 3221 pardonavimus
2050 3183 2208 3213 remisimus
2225 3183 2259 3213 &
2277 3182 2407 3213 relaxavi-

1352 3236 1417 3256 mus
1431 3249 1441 3263 ,
1459 3235 1492 3256 ac
1509 3233 1558 3262 per
1576 3221 1728 3253 Praesentes
1739 3244 1749 3259 ,
1775 3232 1828 3259 pro
1847 3221 1946 3252 Nobis
1964 3220 2131 3251 Haeredibus
2148 3221 2181 3251 &
2199 3220 2408 3251 Succefforibus

1353 3264 1474 3300 nostris,
1501 3261 1690 3300 pardonamus
1715 3261 1884 3291 remittimus
1909 3261 1942 3290 ὃς
1963 3260 2115 3290 relaxamus
2134 3259 2252 3296 praefatis
2268 3255 2408 3296 Francrfio

1355 3305 1416 3332 Van
1439 3301 1533 3331 Acker
1543 3322 1553 3338 ‚
1567 3299 1674 3337 Jacobo
1689 3301 1809 3328 Herwin
1825 3321 1835 3336 ,
1852 3298 1975 3328 Andreae
1991 3300 2083 3327 Boeve
2097 3299 2131 3329 δε
2145 3298 2283 3327 Lodovico
2296 3300 2388 3326 Boeve
2399 3317 2410 3332 ,

1355 3342 1388 3373 &
1403 3349 1504 3371 eorum
1518 3339 1652 3376 cuilibet,
1670 3347 1770 3368 omnes
1785 3338 1818 3368 &
1833 3337 1948 3375 singulas
1961 3337 2066 3366 illicitas
2082 3335 2249 3372 Emptiones
2261 3333 2410 3365 Venditio-

1355 3389 1404 3409 nes
1419 3377 1639 3415 Exportationes
1658 3377 1690 3406 &
1710 3375 1972 3413 Transportationes
1993 3375 2124 3405 Monet—ae
2144 3373 2246 3403 nostrae
2265 3371 2411 3402 Currentis

1356 3417 1427 3448 Auri
1446 3417 1479 3447 &
1502 3415 1619 3454 Argenti
1639 3414 1671 3445 &
1693 3414 1814 3444 aliorum
1828 3414 2039 3452 Argenteorum
2053 3412 2189 3451 Vasorum
2206 3410 2355 3446 Ballionis,
2373 3410 2408 3441 δε

1355 3456 1470 3485 aliarum
1484 3453 1672 3484 Parcellarum
1684 3453 1755 3483 Auri
1769 3453 1802 3483 &
1812 3452 1949 3491 Argenti,
1966 3461 2014 3488 per
2027 3450 2157 3489 praefatos
2171 3446 2335 3487 Francifirum
2349 3450 2412 3478 Van

1357 3494 1471 3530 Acker,
1489 3492 1620 3530 Jacobum
1634 3494 1768 3528 Herwin,
1786 3493 1932 3521 Andream
1954 3493 2047 3519 Boeve
2069 3490 2103 3520 &
2120 3488 2414 3528 Lodovt‘cumnBoeve,

1359 3540 1407 3563 aut
1428 3539 1529 3562 eorum
1546 3530 1669 3567 aliquem
1694 3530 1740 3560 vel
1760 3529 1867 3568 aliquos
1885 3551 1895 3566 ,
1919 3538 1969 3566 per
1992 3528 2018 3558 se
2041 3524 2215 3568 solum-vel
2231 3524 2415 3561 conjuneum

1358 3580 1430 3602 cum
1442 3568 1535 3606 aliqua
1551 3568 1602 3598 alia
1618 3567 1739 3598 Persona
1755 3567 1810 3599 five
1825 3567 1961 3604 aliquibus
1978 3567 2038 3597 aliis
2052 3564 2195 3599 Personls‚
2212 3562 2299 3606 saetas
2312 3571 2415 3600 perpe-

1360 3618 1442 3640 tratas
1454 3607 1509 3638 five
1522 3606 1687 3637 commissas
1702 3615 1767 3636 ante
1783 3606 1952 3643 praedictum
1967 3606 2093 3642 primum
2099 3602 2189 3645 Diem
2197 3599 2266 3638 Juhi
2276 3622 2285 3638 ,
2295 3610 2332 3643 ¹ac
2348 3610 2415 3630 om-

1361 3658 1409 3679 nes
1429 3646 1513 3676 Fines
1533 3644 1732 3675 Forisfasturas
1755 3643 1935 3674 Poenalitates
1957 3644 1990 3673 ὅ(
2012 3641 2173 3672 Punitiones
2189 3648 2241 3677 pro
2254 3638 2415 3675 hujusmodi

1361 3685 1517 3723 Emptione
1536 3683 1708 3714 Venditione
1731 3681 1936 3720 Exportatione
1949 3681 1995 3711 vel
2010 3677 2262 3714 Transportatione
2281 3676 2416 3708 Monetae

1361 3723 1500 3754 currentis
1514 3721 1585 3752 Auri
1599 3721 1645 3751 vel
1661 3722 1779 3760 Argenti
1794 3722 1827 3751 ὅτ
1842 3721 1961 3750 aliorum
1977 3718 2182 3758 Argenteorum
2200 3714 2341 3746 vasorum
2349 3715 2418 3746 Bul-

1361 3763 1462 3799 lionis,
1480 3768 1528 3790 aut
1541 3760 1654 3790 aliarum
1672 3758 1859 3790 Parcellarum
1876 3758 1947 3787 Auri
1965 3757 1997 3786 &
2018 3755 2155 3796 Argenti3

1398 3801 1445 3831 Ac
1474 3807 1576 3828 omnes
1605 3797 1701 3827 Sedlas
1727 3796 1864 3827 Actiones
1884 3794 2100 3824 Informationes
2121 3790 2202 3820 Billas
2224 3792 2257 3822 &
2280 3790 2417 3829 Querelas

1362 3839 1542 3877 quascunque
1557 3845 1609 3874 pro
1617 3833 1742 3866 Offenfis
1755 3835 1890 3864 omnibus
1908 3830 2048 3869 praediffis
2063 3829 2109 3858 seu
2123 3839 2218 3859 earum
2231 3830 2323 3868 aliqua
2333 3853 2342 3868 ,
2354 3840 2418 3861 ver-

1362 3878 1404 3908 sus
1425 3874 1558 3913 praefatos
1577 3872 1746 3912 Franctfium
1767 3875 1828 3903 Van
1844 3871 1953 3906 Acker,
1972 3867 2108 3910 Jacoqu
2118 3870 2253 3906 Herwin,
2271 3868 2418 3898 Andrean

1362 3919 1455 3945 Boeve
1473 3914 1507 3944 &
1533 3912 1702 3942 Lodovicum
1724 3913 1817 3940 Boeve
1835 3931 1844 3946 ,
1871 3910 1914 3939 seu
1931 3915 2031 3936 eorum
2048 3905 2170 3943 aliquem
2184 3907 2229 3936 vel
2243 3906 2369 3945 aliquos,
2386 3907 2416 3936 in

1362 3952 1454 3991 aliun
1474 3949 1565 3982 Curia
1586 3949 1683 3981 nostra
1705 3956 1880 3987 quocunque
1902 3944 1991 3976 modo
2015 3943 2206 3982 dependentes
2220 3954 2267 3976 aut
2281 3943 2417 3989 imposte·

2354 3989 2421 4012 rum
