2557 4279
146 101 245 148 ⁷198

15 181 145 232 Arimp-

40 230 124 258 15y0.

15 271 51 297 40
63 260 129 286 Eltz.

52 304 111 334 Reg.

657 87 1239 136 CONVENTIO

170 183 290 217 fidium-‚⁴
311 190 374 213 tum
387 189 418 211 ut
436 179 522 209 millae
539 178 660 218 posthac
675 178 903 216 Sententiae,vel
917 177 1108 216 Separationis
1120 176 1136 206 a
1150 173 1237 205 Tho-

170 233 203 252 ro
217 222 248 252 &
267 220 364 251 Meni}
375 242 383 255 ,
402 218 445 249 vel
464 218 612 248 Nullitatis
628 218 811 248 Matrimonii
827 216 968 252 ferantur,
985 216 1035 246 nisi
1048 214 1183 257 publice,
1202 221 1236 243 ac

170 270 223 298 pro
238 259 387 289 Tribunili
399 280 407 294 ,
424 258 457 287 ἃ
471 257 507 286 de
525 256 648 287 Scientia
663 257 695 286 δε
712 255 861 286 Consensu
876 254 922 286 vel
936 253 1153 292 Archiepiscopi
1167 250 1240 281 infra

172 299 358 330 Provinciam
376 295 469 332 suam,
489 295 533 325 vel
547 294 683 332 Episcopi
700 294 770 324 infra
784 295 928 331 propriam
944 292 1122 329 Dioecesirn‚
1141 289 1240 334 Deca-

171 339 202 368 iii
219 337 254 366 de
272 335 425 370 Arcubus,
442 333 551 371 judicis
568 333 728 363 Audientiae
749 331 971 370 Cantuariensis‚
996 339 1042 362 aut
1059 329 1240 361 Vicariorum

173 373 357 407 Generalium
369 394 377 408 ,
403 371 559 402 aliorumve
576 371 757 402 Officialium
773 369 994 408 Principalium,
1018 369 1082 405 vel,
1103 367 1176 398 Sede
1192 374 1243 408 vaf

174 421 274 449 cante,
308 409 476 441 Custodum
491 410 712 451 Spiritualitatis,
737 417 784 439 aut
803 409 924 439 aliorum
946 407 1164 438 Ordinatiotum
1178 413 1242 446 qil}-

173 453 228 482 bus
243 451 278 480 dc
293 450 356 486 jure
370 450 512 486 competit
521 472 530 486 ,
550 449 579 478 in
593 448 644 478 suis
660 447 815 485 respective
828 446 1079 485 Jurisdiritionibus
1093 454 1126 474 ac
1135 442 1242 478 Curiis,

171 500 257 527 atque
272 490 346 519 inter
361 487 416 517 sure
427 487 637 525 Jurisdififionis
651 486 794 517 subditos
813 486 944 523 tanturn,
959 483 1062 515 deinde
1079 491 1110 528 ut
1123 480 1242 524 in'Sen-

173 529 284 565 tentiis,
302 525 416 565 quando
429 525 463 556 ad
487 525 702 564 Separationem
725 524 818 554 Thori
835 523 870 554 &
890 522 1003 553 Mensae
1027 529 1140 564 tanturn
1155 527 1243 550 inter-

174 575 339 607 ponuntur,
356 564 485 595 Monitio
502 565 535 595 &
553 563 716 595 Prohibitio
732 561 833 600 fiat,ut
848 562 863 591 a
875 562 986 599 paribus
1001 560 1038 606 ab
1056 561 1183 603 invrcem
1201 556 1242 586 se-

174 605 297 643 gregatis
310 603 387 634 caste
403 604 514 633 vivatur
524 626 533 641 ,
551 612 605 633 nec
619 603 654 634 ad
669 602 736 633 alias
750 600 804 631 Nu
826 602 877 632 tias
890 599 1023 630 alterutra
1039 606 1155 628 Vivente
1168 604 1241 626 cori-

173 644 303 679 voletur3
321 641 461 679 denique,
480 652 537 679 quo
556 640 732 679 postremum
753 639 801 669 illu
842 638 947 668 firmius
969 636 1151 680 observetur,
1170 634 1242 665 Sen-

173 683 262 714 tentia
283 681 472 718 Separationis
494 690 555 710 non
572 689 651 710 antea
675 677 907 718 pronunciabitur
921 677 1008 716 quam
1017 696 1033 719 ,⁸
1047 684 1097 714 qui
1112 682 1174 705 eam
1190 681 1244 716 po-

177 720 362 758 stulaverint,
390 718 564 749 Cautioiiem
579 717 796 756 Fidejussoriam
817 714 1007 746 sufficientem
1025 711 1243 757 interposuerint

177 758 204 789 se
222 767 324 790 contra
339 757 539 788 Monitionem
555 757 588 787 &
605 755 837 786 Prohibitionem
861 752 933 783 nihil
956 751 1174 789 commissuros,
1190 749 1244 788 Ju-

175 798 230 829 dex
244 807 359 835 autern,
378 797 428 834 qui
442 795 617 826 Sententiam
632 793 819 832 separationis
831 791 878 822 seu
891 790 1018 821 Divorti'i
1028 790 1148 827 tulit,&
1165 789 1245 819 Prae·

179 836 266 867 inissa
296 836 396 866 omnia
423 844 484 864 non
514 833 673 871 praestiterit
696 857 705 870 ,
744 841 793 869 per
825 839 879 861 tres
905 831 1033 867 integros
1059 827 1176 859 Menses
1207 828 1244 858 ab

179 875 347 906 executione
372 872 474 903 Officii
500 871 540 902 sui
566 881 615 910 per
640 869 847 901 Dioecesanum
872 867 1051 907 suspendetur
1070 879 1082 906 3
1119 868 1154 899 &
1171 865 1244 897 Sen-

176 914 268 944 tentia
287 913 478 950 Separationis
495 933 505 948 ,
544 918 644 940 contra
663 910 786 939 formam
804 907 970 946 praedietam
989 906 1043 950 lata
1063 929 1073 944 ,
1110 915 1164 943 pro
1181 905 1245 935 nul-

177 953 204 983 la
223 952 259 982 ad
277 960 401 982 omnem
416 950 483 988 juris
502 947 646 980 efferitum
663 947 812 979 habebitur
832 969 843 985 ,
880 946 935 977 acii
961 946 1084 976 omnino
1111 945 1165 976 lata
1182 953 1244 975 non

180 991 285 1022 sufflet.

234 1072 285 1105 De
309 1065 476 1112 Exccffibus
496 1068 577 1098 circa
601 1065 950 1099 Excommunicaiionem
973 1061 1185 1109 reformandis.

219 1160 316 1198 Qum
337 1155 653 1187 Excommunicationis
669 1153 772 1186 ususin
789 1153 916 1185 Ecclesia
935 1161 1077 1194 perpetuae
1094 1152 1180 1190 Legis
1188 1150 1243 1182 Vi-

181 1208 285 1237 gorem
297 1198 356 1235 jam
374 1195 545 1232 obtinuerit,
563 1203 646 1234 atque
672 1195 701 1225 in
720 1195 805 1225 omni
822 1193 1025 1233 jurisdictione
1047 1191 1245 1223 Ecclesiastica

181 1234 357 1268 excercenda
379 1233 524 1271 hucusque
547 1234 699 1271 retinetur,
725 1232 812 1270 ideo,
838 1232 941 1271 absque
962 1231 1069 1271 grande
1085 1231 1244 1261 mutatione

180 1276 266 1307 totius
286 1272 375 1313 ejusce
386 1271 594 1310 Jurisdiistionis
609 1273 642 1303 ὅ(
665 1271 854 1309 plurimorum
869 1271 952 1310 hujus
968 1271 1064 1309 Regni
1074 1270 1188 1308 Legum
1200 1269 1246 1298 in-

181 1314 281 1345 novari
300 1313 343 1342 vel
359 1311 465 1342 alterari
480 1311 595 1350 nequit,
614 1309 817 1348 nihilominus,
835 1318 866 1341 ut
881 1308 1245 1346 Excommunicatio,quae

181 1350 368 1383 AuCtoritatis
381 1360 414 1381 ac
442 1348 610 1387 Disciplinae
627 1348 834 1380 Ecclesiasticae
852 1348 927 1388 quasi
944 1348 1060 1379 Nervus
1079 1346 1197 1385 quidam
1212 1355 1246 1376 ac

179 1389 337 1421 Vinculum
353 1387 481 1419 habenda
493 1387 551 1426 est,
569 1387 603 1418 ad
619 1387 768 1425 pristinum
784 1387 865 1418 suum
874 1386 1078 1426 usum,Decus
1092 1386 1125 1416 ὃς
1139 1385 1245 1428 Digni-

179 1437 269 1460 tatem
288 1427 456 1465 reducatur,
482 1435 598 1457 cautum
619 1425 661 1457 est
683 1435 733 1464 ut,
759 1425 992 1465 quotiescumque
1006 1422 1132 1467 Censura
1147 1421 1197 1452 ista
1213 1431 1243 1466 iri

183 1467 381 1499 immediatam
400 1465 526 1496 Poenam
538 1463 659 1503 cujusvis
672 1466 792 1495 notoriae
813 1463 961 1494 Haereseos
973 1486 983 1501 ,
1008 1461 1189 1499 Schismatis,
1203 1459 1248 1504 Si-

182 1507 310 1543 moniae,
326 1504 462 1543 Perjurii,
481 1503 602 1541 Usurae,
626 1502 772 1540 Incestus,
797 1502 955 1540 Adtilterii,
979 1500 1026 1532 seu
1042 1500 1180 1538 gravioris
1195 1499 1246 1529 ali-

180 1547 262 1585 cujus
277 1543 417 1574 Criminis
438 1543 547 1574 venerit
567 1541 738 1579 infligenda,
763 1541 907 1572 Sententia
930 1539 986 1578 ipsa
999 1539 1045 1570 vel
1057 1548 1107 1577 per
1125 1537 1247 1569 Archie-

181 1584 351 1623 piscopum,
374 1580 550 1619 Episcopum
594 1580 762 1617 Decaiium,
787 1579 1030 1610 Archidiaconum
1046 1578 1092 1609 vel
1111 1577 1247 1609 Praeben-

182 1623 313 1659 darium,
331 1620 423 1651 modo
438 1620 530 1650 Sacris
542 1602 740 1649 Ordinibus&
756 1615 1162 1656 EcclesiasticaJurisdietione
1196 1625 1248 1645 rx-

185 1661 262 1692 ditus
277 1660 376 1697 fuerit,
396 1661 423 1689 iri
442 1656 554 1695 propria
568 1656 690 1689 Persona
705 1658 955 1694 pronunciabitur,
974 1655 1029 1687 una
1042 1664 1112 1686 cum
1127 1655 1170 1693 eju
1184 1663 1248 1684 mo-

187 1700 219 1731 di
234 1700 276 1731 fre
297 1700 388 1729 uentia
403 1698 436 1729 &
451 1696 598 1726 assistentia
613 1705 678 1734 quae
691 1695 725 1726 ad
738 1696 876 1734 majorem
891 1697 932 1724 rei
947 1694 1158 1726 Au&mitatem
1173 1701 1248 1722 con-

189 1739 276 1770 cilian
297 1747 344 1768 am
360 1735 522 1768 conducere
536 1734 695 1771 videbitur3
715 1733 840 1771 denique
855 1732 935 1771 quod
958 1731 1142 1771 unusquisque
1158 1730 1249 1767 Vica-,

189 1779 246 1809 rius
259 1776 421 1813 Generalis,
439 1773 598 1812 Officialis,
616 1773 662 1804 seu
680 1771 918 1810 Commiffarius,
964 1772 991 1802 ui
1006 1770 1131 1802 Ordines
1144 1768 1250 1801 Eccle-

190 1817 313 1847 siasticos
324 1824 384 1844 non
397 1812 561 1853 susceperit,
580 1811 724 1843 eruditum
738 1811 862 1850 aliquem
884 1810 951 1841 Pres
975 1811 1079 1841 iterum
1091 1809 1141 1840 fibi
1156 1817 1251 1839 accer-

187 1855 228 1886 set
244 1856 276 1886 sc
290 1852 452 1890 afficiabit,
472 1853 520 1889 qui
535 1850 687 1882 sufficienti
703 1850 900 1888 AuCtoritate,
918 1849 964 1881 vel
977 1850 1014 1880 ab
1035 1847 1252 1892 ipoEpiscopo

188 1895 218 1924 in
229 1892 428 1932 jurisdictione
445 1891 507 1929 sua,
524 1890 568 1921 vel
582 1890 618 1920 ab
634 1889 852 1920 Archidiacono
889 1889 1051 1920 Praebitero
1064 1886 1254 1924 eiiistente,in

184 1931 388 1971 jurisdictione
403 1930 465 1967 sua,
484 1929 625 1966 munitus,
642 1928 728 1966 idque
740 1937 774 1958 ex
787 1911 953 1965 praescripto
969 1927 1050 1964 ipsius
1062 1925 1173 1965 Judicis
1184 1932 1254 1956 tunc

191 1971 334 2010 praesentis
349 1967 664 1999 Excommunicationis
677 1967 855 1998 Sententiam
871 1976 924 2004 pro
933 1965 1127 1996 Contumacia
1142 1964 1253 1994 denun-

193 2010 301 2047 ciabit;
320 2007 470 2038 Nolumus
484 2007 571 2037 etiarn
590 2006 712 2045 ut‚sicut
726 2005 912 2036 constitutum
927 2003 967 2035 est
981 2003 1118 2043 ejusmodi
1128 2002 1257 2033 Excom-

194 2048 417 2079 municationem
433 2055 483 2084 per
499 2043 669 2077 Ministrum
686 2044 822 2076 Ecciefiae
834 2043 1015 2081 denunciari,
1040 2043 1079 2073 ita
1093 2042 1151 2080 ipse
1162 2040 1256 2080 Judex

191 2087 228 2119 de
252 2086 440 2119 Absolutione
462 2084 543 2124 ipsius
564 2083 639 2122 Rei,
658 2084 723 2121 post
742 2082 972 2114 Satisfactionem
997 2082 1076 2113 suam
1096 2080 1260 2120 peractam,

193 2126 320 2157 eundem
343 2123 514 2155 Ministrum
531 2124 685 2154 certiorem
699 2122 803 2160 faciet,
830 2122 879 2161 qui
893 2121 1013 2152 eandem
1036 2119 1260 2150 Absolutionem

195 2165 310 2203 Populo
330 2162 446 2201 publice
467 2162 666 2199 denunciabit,
691 2171 724 2192 ac
738 2161 855 2192 interim
872 2159 952 2199 quod
968 2161 1044 2190 bene
1066 2158 1165 2189 licebit
1179 2157 1260 2188 dicio

199 2202 338 2234 Ministro
353 2201 450 2232 Reum
467 2201 482 2231 a
496 2200 588 2232 Sacris
599 2210 695 2231 arcere
707 2201 740 2232 &
754 2200 1046 2238 repellere,tanqiiam
1058 2198 1088 2228 in
1102 2196 1260 2228 Ecclesiam

200 2239 535 2313 ffinimehrgcipiendum
543 2262 554 2279 ‚
572 2239 669 2272 donec
686 2239 825 2278 ejusmodi
839 2237 1084 2271 Certificatorium
1098 2236 1135 2268 ab
1149 2235 1261 2276 ipsoJu·

222 2291 267 2313 ice
281 2289 315 2312 ex
337 2290 346 2310 ι
369 2286 447 2310 uerit.

51 2374 71 2395 ἢ*
97 2375 181 2403 xvi.
229 2369 254 2398 *
281 2371 328 2404 De
352 2365 565 2414 Recufhmibus
590 2372 627 2410 ςξν
651 2368 722 2404 aliis
744 2372 1024 2405 excommunicatis
1051 2368 1168 2419 publice
1192 2366 1243 2404 de-

87 2422 150 2451 333·

643 2420 834 2454 nunciandis.

244 2504 401 2535 CURENT
421 2501 568 2535 Ordinarii
592 2504 742 2536 Locorum
763 2514 814 2544 ut,
831 2513 889 2537 tam
906 2505 1165 2536 Excommunicati
1183 2513 1219 2533 ex
1234 2512 1271 2533 eo

209 2544 286 2588 quod
302 2544 406 2574 divinis
419 2543 556 2574 Precibus
571 2544 641 2574 infra
657 2543 716 2574 hoc
732 2544 872 2582 Regnum
887 2543 1017 2583 Angliae,
1033 2543 1147 2582 publica
1157 2541 1269 2572 Auito-

209 2591 292 2613 ritate
305 2581 448 2619 stabilitis,
466 2581 596 2612 interesse
615 2584 795 2621 pertinaciter
814 2582 1018 2620 recusaverint,
1046 2582 1132 2618 quarn
1148 2581 1168 2610 ii
1182 2581 1270 2610 etiam

207 2622 258 2662 qui
274 2630 387 2658 propter
401 2621 483 2652 aliam
500 2627 714 2659 quamcumque
735 2620 857 2652 Causam
872 2621 1032 2658 legitimam
1055 2619 1272 2650 Excommuni-

210 2661 332 2692 cationis
347 2660 491 2690 Sententia
506 2659 638 2690 innodati
651 2660 774 2698 fuerint,
793 2660 843 2691 nisi
858 2659 929 2690 infra
945 2668 1000 2690 tres
1014 2659 1167 2689 continuos
1183 2656 1273 2686 Men-

208 2699 247 2730 ses
268 2699 333 2736 post
354 2699 439 2729 latam
461 2697 777 2729 Excommunicationis
797 2699 975 2730 Sententiam
996 2697 1022 2727 se
1045 2696 1274 2732 emendaverint,

209 2741 243 2770 ὅ(
258 2737 454 2768 Absolutionis
470 2735 643 2767 Beneficium
656 2738 846 2775 obtinuerint,
876 2737 987 2776 singuiis
1006 2735 1051 2767 sex
1070 2734 1219 2765 Meniibus
1234 2733 1275 2764 se-

231 2779 362 2808 uentibus
384 2777 413 2805 in
439 2775 582 2812 Ecclesia,
609 2785 671 2807 tum
700 2775 857 2808 Parochiali
879 2785 943 2807 tum
972 2775 1063 2805 etiam
1089 2772 1273 2812 Cathedrali,

208 2788 354 2848 ῧίοεεείὶε
375 2815 403 2844 in
419 2825 474 2853 qua
494 2814 637 2852 habitant,
664 2824 716 2852 pro
738 2814 1007 2846 Excommunicatis
1032 2812 1147 2850 publice
1165 2810 1275 2854 denun-

208 2857 335 2893 cientur,
354 2862 498 2884 teneantur
515 2854 600 2883 etiam
619 2853 767 2884 Ordinarii
786 2853 915 2891 praedicti
942 2852 979 2883 de
1008 2850 1161 2881 Praemiffis
1177 2859 1277 2879 omni-

211 2896 265 2925 bus
283 2894 316 2924 &
339 2892 449 2932 singulis
473 2890 601 2931 quolibet
621 2893 725 2930 Anno,
753 2893 822 2922 infra
841 2890 921 2922 Festa
951 2890 1048 2921 Sancti
1074 2887 1276 2931 Michaelis&

210 2934 323 2964 Natalis
342 2931 491 2968 Domini,
528 2930 792 2969 Archiepiscopum
818 2931 900 2970 hujus
925 2929 1093 2961 Provinciae
1111 2928 1139 2957 in
1159 2926 1279 2964 Scriptis

213 2973 366 3003 certiorem
382 2970 486 3000 facere.

311 3052 360 3082 De
382 3047 565 3080 moderanda
582 3049 711 3092 stile-nnis
734 3050 908 3081 Poenitentiae
932 3047 1182 3080 Commutatione.

252 3136 310 3168 NE
332 3144 396 3174 quae
409 3133 456 3164 siat
470 3132 589 3169 posthac
604 3133 724 3163 solennis
739 3132 922 3164 Poenitentiae
937 3127 1221 3173 Commutatio,nifi
1238 3138 1283 3159 ra-

218 3176 344 3207 rioribus
357 3172 583 3213 gravioribusque
597 3171 633 3202 de
649 3171 766 3210 Cauiis,
791 3179 875 3210 atque
895 3170 968 3200 adeo
985 3170 1056 3200 cum
1074 3171 1123 3207 ipsi
1140 3168 1285 3206 Episcopo

219 3213 384 3247 constiterit
407 3219 471 3242 eam
495 3211 551 3240 elie
572 3210 607 3240 ad
630 3209 728 3241 Reum
752 3209 995 3240 reconciliandum
1012 3209 1045 3239 ὃς
1068 3205 1283 3249 reformandum

219 3254 360 3284 saniorem
376 3251 409 3281 &
424 3250 559 3281 tutiorem
576 3249 715 3279 rationem
724 3259 734 3286 ,-
754 3248 858 3279 deinde
867 3247 947 3286 quod
964 3246 1078 3277 Muleta
1093 3245 1139 3276 illa
1152 3254 1286 3288 pecunia-

223 3294 282 3331 ria,
300 3291 344 3322 vel
358 3291 387 3319 in
401 3290 562 3319 relevamen
584 3287 744 3325 Pauperum
765 3286 888 3325 ejusdem
913 3285 1080 3322 Pirocliiae,
1102 3283 1147 3314 vel
1167 3285 1197 3313 in
1219 3283 1287 3313 alios

223 3333 286 3368 pios
305 3330 382 3360 Usus
398 3352 407 3366 ‚
446 3335 580 3364 erogetur
599 3349 608 3364 ,
643 3326 728 3364 idque
751 3325 886 3363 Eccleiiae
905 3325 1088 3361 solempniter
1112 3323 1145 3353 &
1163 3321 1288 3365 *fideliter

226 3370 397 3408 approbetur
417 3366 449 3397 &
474 3364 654 3395 innotescat:
692 3364 771 3404 quod
803 3363 821 3393 fi
855 3365 926 3393 vero
958 3362 1077 3392 Crimen
1099 3360 1181 3390 fuerit
1205 3368 1291 3390 noto-

227 3409 302 3437 rium
316 3417 348 3438 ac
365 3405 531 3443 publicum,
551 3403 628 3433 Reus
645 3402 715 3441 ipse,
733 3401 777 3433 vel
793 3403 822 3431 in
840 3402 954 3439 propria
974 3400 1017 3431 sua
1032 3398 1154 3430 Persona
1171 3399 1287 3439 publice

225 3446 257 3475 in
279 3445 404 3474 Ecclesia
427 3443 636 3474 Poenitentiam
659 3441 736 3471 suam
761 3440 882 3470 minime
899 3439 995 3470 ficiam
1011 3437 1190 3481 profitendo,
1217 3437 1289 3479 laelii:

227 3482 362 3513 Ecclesiae
375 3483 534 3518 satisfaciet,
552 3481 595 3510 vel
612 3479 747 3510 Ecclelite
765 3478 914 3516 Minister,
930 3479 958 3507 in
974 3477 1114 3515 praesentia
1130 3480 1211 3513 ipsius
1220 3474 1288 3512 Rei,

225 3522 319 3559 palam
336 3532 350 3549 a
369 3521 496 3559 suggestu
513 3520 572 3557 ejus
589 3518 834 3555 Submisiionem,
853 3518 886 3547 &
909 3516 1092 3546 Poenitentiae
1112 3513 1173 3557 suae⁹
1185 3522 1290 3556 ,cora—m

228 3560 387 3589 Oi'ditiario
402 3560 451 3588 suo
467 3559 768 3595 ,it—mironemfltque
784 3557 870 3586 etiarn
887 3557 915 3585 in
932 3565 1006 3585 verze
1019 3555 1072 3584 suae
1081 3553 1288 3594 Resipisceiitiae

229 3597 444 3634 testiinonium,
464 3606 596 3635 quintam
607 3597 797 3626 Pecuniarum
815 3595 965 3624 Summam
982 3594 1010 3622 in
1028 3592 1104 3622 Usus
1118 3590 1292 3633 supradictos

232 3636 403 3675 erogandam
418 3635 568 3664 reddiderit
582 3635 765 3664 denunciabit
775 3634 952 3670 :quicunque
967 3633 1038 3662 vero
1047 3630 1150 3669 absque
1159 3628 1292 3671 lapiscopi

233 3675 401 3705 Diiecesani
417 3675 514 3702 notitia
529 3674 733 3703 Poenitcntiain
748 3672 987 3708 commutaverit,
1003 3678 1049 3700 aut
1065 3669 1291 3710 Pecuniairi,ra-

233 3716 310 3743 tione
329 3712 574 3742 Cominutationis
589 3712 753 3748 huiusmodi
768 3710 904 3747 solutam,
929 3710 958 3738 in
977 3708 1042 3737 alios
1058 3706 1136 3737 Ulus
1149 3706 1232 3752 quam
1247 3704 1288 3747 su-

232 3762 281 3788 prii
296 3750 337 3780 est
351 3750 510 3786 expresium
525 3751 697 3779 &inverterit
707 3771 715 3786 ,
736 3750 780 3778 vel
794 3749 871 3778 aliter
886 3747 1054 3784 praesentem
1076 3746 1152 3775 hanc
1166 3742 1290 3786 Consti-

231 3791 372 3820 tutioncin
389 3789 552 3825 violaverit,
572 3799 593 3817 is
609 3790 644 3818 ab
653 3790 823 3818 executione
837 3786 941 3815 Officii
955 3785 994 3817 sui
1009 3794 1058 3824 per
1067 3782 1190 3815 eundern
1199 3781 1291 3812 Dioe-

232 3828 362 3859 culinum
379 3836 426 3864 per
441 3835 494 3857 tres
506 3827 628 3865 integros
641 3825 756 3859 Menses
769 3824 955 3864 suspendetur.

1275 1113 1381 1151 Judice
1395 1115 1481 1160 quam
1496 1115 1512 1146 a
1527 1115 1642 1154 fingulis
1658 1117 1717 1148 aliis
1732 1115 1890 1147 Officiariis
1904 1125 1939 1147 ac
1954 1115 2095 1147 Ministris
2108 1116 2134 1154 ej

1273 85 1316 127 N
1347 86 1378 128 E
1409 86 1434 127 S
1447 113 1459 134 ‚
1516 85 1550 126 L
1580 85 1599 126 Ῐ
1628 85 1668 127 Τ
1697 84 1731 125 E
1761 84 1804 126 R
1833 83 1913 138 AE,

2371 154 2506 204 ΔΝΜ).

1279 214 1328 245 De
1350 210 1454 245 Feodis
1477 222 1538 257 qua
1565 209 1727 257 Officiariis
1760 205 1966 254 Ecclfiasticis
1995 211 2036 249 ὠ·
2063 219 2166 244 eorum
2190 206 2349 254 Mng'stris
2390 206 2476 254 15985

1728 256 1884 292 debentur.
2367 246 2503 322 “ng“

1319 342 1480 374 Caurum
1500 342 1613 382 insuper
1633 343 1782 380 volumus,
1807 343 1889 383 quod
1910 353 2003 383 neque
2025 343 2094 382 alia,
2128 352 2221 382 neque
2241 353 2288 375 ma
2299 353 2349 376 ora

1281 381 1379 425 Feoda
1394 383 1432 426 ab
1446 381 1553 419 Episco
1574 393 1612 421 0,
1637 379 1819 426 Ordinario,
1842 380 2079 426 ArchidiaconO,
2104 383 2149 414 vel
2166 390 2267 414 eorum
2285 354 2350 413 lvii-

1278 418 1371 450 nistris
1383 419 1519 458 deinceps
1566 422 1590 452 la
1600 421 1636 451 de
1650 420 1730 452 causa
1744 427 1944 459 pereipiantur,
1951 422 2036 459 quam
2049 431 2083 451 ea
2091 431 2155 459 quae
2163 423 2279 453 ineunte
2286 421 2350 452 hoc

1278 457 1416 496 Regnum
1431 457 1529 496 Regia
1542 470 1621 490 nunc
1639 458 1789 495 Maiestate
1805 459 1916 497 percipi
1936 459 2082 497 solebant,
2100 461 2235 499 quodque
2248 460 2350 491 Tabu-

1277 496 1303 525 la
1320 496 1469 535 quaedam,
1489 497 1665 538 singulorum
1681 497 1846 536 hujusmodi
1861 496 2026 528 Feodorum
2040 497 2174 528 Summas
2188 499 2350 537 continens,

1279 535 1309 564 in
1322 535 1454 572 quolibet
1473 534 1671 576 Consistorio,
1688 545 1752 567 ante
1771 534 1887 566 Festum
1907 535 1936 566 S.
1947 535 2090 573 Johannis
2105 535 2239 573 Baptistae
2253 538 2349 574 proxi-

1281 573 1331 603 me
1353 582 1508 605 venturum
1515 597 1526 613 ,
1552 575 1671 614 figatur,
1698 576 1778 614 cujus
1795 573 1968 612 Exemplar,
1994 583 2082 604 manu
2097 574 2180 611 ipsius
2202 573 2350 605 Ordinarii

1280 610 1490 655 subsignatum,
1509 613 1581 645 intra
1594 622 1709 651 tempus
1723 611 1890 651 praedietum
1901 635 1911 650 ,
1937 613 1972 643 ad
1989 612 2246 651 Archiepiscopum
2260 613 2351 644 trans-

1281 658 1423 682 mittetur:
1441 651 1503 689 jam
1516 654 1606 692 vero,
1623 654 1686 692 quia
1701 652 1836 683 Dubium
1853 650 1910 682 effe
1926 650 2017 689 potest
2031 661 2164 689 quaeriam
2179 659 2256 682 certa
2274 651 2351 683 Feo—

1280 688 1335 727 da,
1353 698 1408 727 pro
1422 689 1532 729 singulis
1547 691 1691 729 Negotiis
1705 690 1901 729 expediendis,
1920 691 1950 721 in
1966 690 2081 727 singulis
2097 689 2253 727 respective
2269 689 2352 721 Foris

1280 725 1484 759 Ecclesiasticis
1498 729 1697 768 Qadraginta
1708 729 1815 760 abhinc
1842 729 1936 760 Annis
1950 729 2193 767 percipiebantur,
2220 728 2270 759 nifi
2286 739 2352 768 quae

1280 764 1359 797 Usus
1373 764 1552 805 frequentior
1566 768 1781 800 succedentibus
1794 768 1831 798 ab
1843 777 1881 799 eo
1895 776 2026 806 ternpore
2043 767 2134 798 Annis
2148 766 2350 799 monstraverit

1278 812 1369 874 §5³3¹ss
1376 805 2117 885 ffii’ffissi‘r353333⁶32222i3219051322353
2128 805 2350 884 ἔξῖῗέἑῗᾞιω

1278 880 1353 913 Sede
1366 882 1458 922 aliqui
1472 882 1635 925 Episcopali
1650 891 1787 922 vacante,
1806 882 1914 914 Custos
1928 868 2137 921 ²spiritualitatis
2152 866 2264 913 ibideni
2271 905 2281 922 ‚
2298 866 2351 916 cu³

1279 928 1323 952 ret
1338 920 1502 964 Tabulam,
1523 932 1609 954 manu
1619 921 1807 963 jus-dicentis
1824 921 1935 961 ejusque
1951 921 2119 962 Registrarii
2141 921 2349 962 subscriptam,

1277 959 1396 997 publice
1415 959 1480 1000 figi,
1495 961 1541 992 vel
1560 962 1590 992 in
1603 961 1672 993 loco
1687 961 1817 999 quolibet
1831 961 1882 992 ubi
1893 961 1943 999 Jus
1959 962 1996 992 ab
2012 961 2062 991 i'ilo
2077 961 2205 999 dicetur,
2221 961 2268 992 vel
2282 961 2348 992 alias

1278 998 1396 1035 publice
1411 1000 1440 1042 iri
1455 998 1580 1038 ejusdem
1599 999 1808 1039 Jurisdiffionis
1830 999 1986 1039 Archivo,
2003 1000 2041 1031 ita
2060 1008 2090 1031 ut
2106 1001 2198 1038 quivis
2213 1000 2272 1038 ejus
2284 1000 2349 1031 Ta-

1279 1036 1553 1081 bulae-inspiciendae
1573 1038 1738 1071 facultatem
1758 1038 1861 1070 habeat
1876 1050 1887 1078 3
1917 1039 1996 1076 Quae
2010 1039 2126 1078 quidem
2142 1038 2257 1070 Tabula
2277 1039 2307 1070 in
2321 1039 2351 1070 se

1279 1077 1445 1107 continebit
1459 1075 1593 1114 separatas
1603 1078 1736 1109 Summas
1748 1077 1926 1114 singulorum
1941 1077 2127 1116 Feodorum,
2136 1086 2313 1147 ἕὲιπ,ἑῗ1σξ
2332 1079 2348 1109 a

2183 1126 2231 1147 ern
2289 1126 2339 1148 riae

1281 1152 1457 1195 frequentius
1472 1163 1507 1184 ac
1524 1154 1649 1186 usitatius
1661 1156 1699 1187 ab
1713 1154 1795 1185 initio
1809 1153 1907 1193 Regni
1921 1154 2008 1187 dietae
2016 1154 2206 1188 Sereniffimae
2221 1141 2353 1195 Reginae}

1283 1194 1370 1231 usque
1385 1191 1420 1222 ad
1433 1191 1583 1224 decimum
1597 1194 1737 1225 octavum
1753 1191 1911 1224 Ma'estatis
1931 1193 1987 1224 suae
2010 1193 2131 1225 Annum
2154 1195 2262 1234 percipi
2279 1204 2352 1226 cori-

1283 1230 1447 1262 sueverunt:
1467 1231 1581 1262 curabit
1596 1241 1732 1269 praeterea
1748 1232 1798 1270 qui
1810 1232 1869 1262 ibet
1883 1230 2059 1270 Episcopus,
2078 1232 2142 1271 vel,
2159 1232 2232 1263 Sede
2247 1243 2352 1264 vacan-

1282 1277 1328 1308 te,
1347 1268 1452 1300 Custos
1465 1269 1692 1309 spiritualitatis,
1710 1278 1743 1302 ut
1776 1269 1877 1301 uilibet
1889 1269 1983 1309 Judex
1998 1270 2159 1309 hujusmodi
2199 1271 2268 1302 citra
2282 1271 2350 1302 ulti-

1282 1317 1370 1352 mum
1384 1307 1476 1352 Diem
1492 1308 1604 1347 praefati
1620 1308 1729 1354 Mensis
1743 1279 1835 1346 ffiaii,
1853 1307 2000 1348 Episcopo
2015 1309 2135 1346 suo,vel
2149 1293 2272 1340 Custodi
2287 1310 2354 1348 Spi-

1281 1346 1453 1390 ritualitatiS,
1471 1345 1552 1378 fidele
1569 1348 1602 1378 &
1616 1356 1797 1380 autenticum
1810 1348 1963 1387 Exemplar
1969 1347 2093 1379 Tabulae
2102 1348 2266 1379 Feodorum
2274 1347 2353 1380 Prae-

1281 1385 1433 1416 missorum
1448 1386 1478 1416 iii
1493 1385 1628 1418 Archivis
1642 1386 1749 1425 Episco
1771 1389 1779 1418 i
1792 1387 2013 1419 custodiendum
2022 1387 2129 1427 tradat,
2145 1388 2271 1426 quivero
2280 1398 2355 1419 con-

1283 1423 1445 1461 trafecerit,
1463 1426 1485 1456 is
1507 1425 1543 1456 ab
1557 1427 1728 1458 executione
1776 1426 1847 1458 fficii
1862 1426 1922 1466 sui,
1938 1436 1987 1466 per
1997 1425 2186 1457 Ordinaiium
2203 1425 2354 1457 suumini-

1283 1463 1408 1494 mediate
1434 1465 1453 1485 *⁸
1479 1463 1674 1504 superiorem,
1699 1474 1737 1495 eo
1762 1465 1847 1506 usque
1864 1465 2061 1509 suspendetur,
2086 1465 2180 1498 donec
2202 1464 2351 1496 Praemiss'a
2375 1471 2394 1491 ¹*
2414 1472 2507 1505 XVI,

1284 1500 1378 1532 modo
1396 1501 1428 1533 ὅ(
1443 1502 1546 1546 *forma
1564 1502 1686 1541 superius
1701 1503 1866 1547 specificatis
1886 1504 2056 1543 perfecerit;
2073 1514 2195 1543 quorum
2213 1505 2349 1535 oninium

1283 1538 1503 1578 Exemplarium
1522 1541 1624 1579 singuli
1641 1542 1778 1581 Episcopi
1798 1543 1965 1575 Provinciae
1983 1542 2207 1580 Cantuarienfis,
2223 1544 2268 1573 vei
2288 1542 2352 1575 Cu-

1284 1578 1379 1610 stodes
1397 1579 1706 1624 SpiritualitatiS,fidele
1725 1583 1760 1614 ὃ(
1779 1583 1957 1614 autenticum
1975 1581 2204 1613 Instrumentum
2214 1583 2261 1620 ,in
2282 1582 2353 1613 Per-

1309 1627 1415 1649 ameno
1434 1623 1645 1658 conscriptum,
1662 1621 1699 1652 ad
1721 1621 1999 1659 Archiepiscopum,
2018 1622 2087 1652 citra
2107 1621 2241 1652 ultimum
2263 1620 2353 1652 Diem

1289 1693 1294 1700 ¹
1313 1655 1396 1687 lensis
1414 1657 1555 1688 octobris
1572 1659 1702 1696 proxime
1721 1659 2074 1699 futurum,transmittent·
2097 1659 2189 1691 Poena
2210 1661 2279 1690 vero
2299 1670 2352 1692 cu-

1283 1694 1454 1741 juscumque
1475 1695 1620 1741 Officiarii
1639 1708 1673 1729 ac
1691 1697 1839 1737 Ministri,
1866 1701 1971 1738 majora
1999 1683 2097 1730 Feoda
2124 1699 2212 1737 quam
2239 1701 2354 1736 quae-in

1285 1734 1449 1779 hujusmodi
1467 1734 1588 1767 Tabulis
1605 1736 1652 1767 res
1667 1737 1761 1768 eetive
1780 1738 1975 1776 exprimentur
1994 1736 2209 1776 Praecipientis,
2233 1737 2357 1776 Suspen-

1286 1773 1328 1804 fio
1350 1782 1402 1818 erit
1442 1785 1469 1818 'r
1488 1772 1542 1805 Sex
1563 1746 1679 1807 Mensss
1694 1777 1731 1806 ab
1739 1775 1916 1807 Executione
1934 1775 2038 1807 Officii
2053 1776 2094 1806 sui
2109 1775 2354 1813 perOrdinarium

1287 1811 1368 1843 suum
1386 1822 1417 1842 iri
1441 1812 1556 1852 igenda,
1575 1813 1641 1852 vel,
1657 1813 1814 1846 Ordinatio
1833 1815 2014 1854 negligente,
2039 1822 2085 1846 aut
2103 1815 2132 1844 id
2151 1813 2245 1845 facere
2263 1817 2356 1847 ornit-

1288 1858 1380 1889 tente,
1401 1861 1450 1895 per
1466 1851 1745 1891 Archiepiscopum‚
1764 1855 1812 1893 qui
1829 1853 1919 1884 aliurn
1940 1852 2030 1884 Delin
2051 1854 2141 1884 ueritis
2154 1852 2223 1884 loco
2241 1854 2358 1886 interim

1288 1889 1436 1928 deputabit
1453 1902 1465 1928 ς
1502 1889 1624 1922 Proviso
1646 1892 1755 1930 semper
1773 1893 1855 1930 quod
1874 1893 1894 1923 si
1914 1891 2019 1923 alicubi
2071 1893 2173 1923 ubium
2192 1891 2277 1923 fuerit
2292 1902 2359 1932 quae

1289 1928 1405 1968 Feoda,
1423 1928 1507 1967 usque
1524 1929 1559 1973 ad
1577 1929 1751 1967 praedictum
1769 1932 1919 1962 decimum
1937 1930 2074 1961 octavum
2093 1934 2184 1968 Regiae
2199 1931 2361 1970 Majestatis

1292 1967 1434 2006 Annum,
1450 1967 1625 1999 usitatissime
1644 1978 1786 2009 praecepta
1802 1970 1927 2008 fuerint,
1947 1979 2010 2000 tum
2029 1979 2063 2000 ea
2079 1969 2102 2000 F
2104 1970 2174 2000 coda
2193 1978 2246 2008 pro
2263 1971 2358 2009 legiti-

1296 2008 1350 2053 mis
1369 2007 1554 2052 habebuntur
1571 2017 1652 2046 quae,
1671 2017 1721 2046 per
1732 2008 1971 2050 Archiepifiopum
1986 2007 2211 2048 Cantuariensem
2229 2008 2281 2040 sub
2292 2009 2361 2041 Ma-

1294 2055 1349 2076 nus
1367 2046 1425 2077 suae
1442 2045 1654 2084 subscriptione
1665 2069 1674 2086 ,
1693 2048 1945 2086 approbabuntur,
1971 2047 2020 2078 nisi
2038 2047 2145 2078 Statuta
2162 2047 2246 2085 huius
2264 2047 2364 2086 Regni

1294 2084 1414 2122 Angliae
1427 2086 1488 2124 jam
1502 2093 1567 2116 ante
1585 2084 1658 2116 edita
1676 2085 1728 2116 alia
1756 2086 1785 2116 in
1812 2096 1999 2124 quocumque
2022 2085 2085 2117 casu
2112 2086 2209 2117 Feoda
2234 2087 2365 2124 expresse

1292 2123 1525 2163 praestituerunt,
1551 2122 1672 2156 Proviso
1689 2124 1802 2162 insuper
1821 2125 1902 2163 quod
1922 2134 2015 2163 neque
2043 2124 2284 2163 Archiepiscopo,
2313 2135 2365 2156 ne-

1294 2172 1350 2232 gue
1368 2161 1515 2201 Episcopo
1529 2186 1538 2200 ,
1563 2162 1610 2194 vel
1628 2162 1737 2194 directe
1756 2162 1802 2194 vel
1821 2163 1961 2194 indirecte
1981 2186 1991 2202 ,
2026 2163 2150 2202 aliq-iam
2169 2163 2364 2195 Pecuniarum

1317 2210 1445 2232 ummam
1461 2211 1514 2239 pro
1530 2201 1711 2232 admittendis
1726 2201 1760 2232 ad
1776 2201 1877 2234 Sacros
1891 2202 2015 2236 Ordines
2035 2202 2216 2235 Hominibus
2236 2204 2367 2242 accipere

1298 2241 1416 2280 licebit,
1433 2239 1520 2282 idque
1533 2240 1583 2274 sub
1598 2239 1695 2273 Poena
1705 2239 1791 2281 Juris.

1478 2321 1530 2361 De
1554 2323 1723 2370 Excffbus
1744 2327 1963 2374 Apparitorum
1986 2322 2197 2370 refhrmandis.

1341 2413 1496 2452 Praeterea,
1514 2414 1652 2452 quoniam
1671 2415 1750 2443 Exce
1770 2412 1831 2442 abus
1849 2409 1888 2447 ὠν
1905 2410 2143 2448 Gravaminibus,
2159 2420 2220 2451 quae
2233 2419 2284 2450 per
2304 2411 2368 2450 Ap-

1297 2456 1437 2493 paritores
1456 2452 1554 2482 inferri
1572 2453 1722 2490 dicuntur,
1766 2450 1910 2482 emedium
1927 2451 2058 2490 cupimus
2076 2449 2208 2480 adhibere
2226 2458 2369 2489 opportu-

1303 2500 1375 2520 num
1394 2513 1404 2528 ,
1440 2490 1554 2521 videtur
1573 2499 1602 2521 ut
1629 2491 1834 2528 Apparitorum
1855 2489 2009 2519 multitudo
2027 2497 2162 2525 quantum
2183 2487 2241 2518 fieri
2266 2488 2373 2525 poterit

1304 2528 1502 2567 restringatur,
1521 2538 1582 2558 non
1601 2530 1686 2566 igitur
1704 2529 1801 2558 licebit
1829 2527 1978 2566 Episcopis
1995 2527 2039 2556 vel
2058 2526 2292 2563 Arcliidiaconis,
2318 2535 2371 2556 eo-

1304 2576 1406 2596 rumve
1430 2567 1547 2597 Vicariis
1571 2565 1618 2597 seu
1644 2565 1845 2602 officialibus,
1871 2566 1982 2604 aliisque
2001 2565 2181 2594 inferioribus
2209 2563 2369 2594 Ordinariis

1304 2605 1456 2642 deputare,
1474 2606 1508 2635 ὅ(
1527 2605 1630 2635 habere
1646 2605 1737 2643 plures
1756 2603 2191 2645 ApparitoresJurisdi&ionibus
2209 2603 2263 2633 suis
2280 2602 2374 2640 respe-

1308 2644 1385 2674 etiv‘e
1405 2643 1586 2673 inservientes
1606 2666 1616 2682 ,
1652 2644 1742 2682 quani
1761 2651 1824 2672 ante
1841 2641 1956 2681 Viginti
1970 2641 2071 2671 Annos
2089 2642 2242 2679 prae‘eriios
2259 2641 2306 2672 vel
2325 2643 2332 2671 i
2354 2642 2375 2672 fi

1310 2682 1356 2712 vel
1381 2682 1601 2712 Praedecessores
1619 2681 1659 2711 sui
1679 2681 1781 2713 habere
1802 2681 2010 2711 consueverunt
2029 2691 2039 2717 ·,
2075 2681 2123 2718 qui
2150 2690 2252 2710 eirnes
2271 2690 2318 2718 per
2334 2652 2376 2711 {e

1308 2721 1389 2750 suum
1408 2719 1524 2750 fideliter
1540 2727 1713 2758 exequantur
1728 2719 1889 2758 Officium,
1908 2720 2029 2756 nec'per
2049 2718 2187 2749 Nuiicios
2207 2718 2372 2750 aut-Substi-

1307 2768 1397 2797 tutos,
1415 2768 1601 2797 quocumque
1620 2759 1735 2797 quaeslto
1753 2758 1873 2795 colore,
1889 2757 1934 2788 sua
1953 2757 2018 2788 vice
2036 2758 2240 2788 mandator-„ini
2259 2757 2372 2788 Eremi-

1309 2799 1400 2828 tiones
1418 2797 1589 2828 demandent
1607 2806 1654 2828 aut
1669 2797 1911 2836 permittant,nisi
1929 2805 1963 2827 ex
1981 2796 2059 2826 causa
2079 2797 2115 2826 ab
2124 2796 2280 2826 Ordinario
2298 2797 2373 2827 iistis

1313 2837 1370 2866 loci
1388 2838 1462 2873 prius
1481 2837 1598 2875 cognita
1618 2838 1651 2867 δε
1671 2836 1841 2875 approbata,
1859 2843 1939 2872 tuin,
1954 2843 1983 2865 ut
2003 2836 2192 2865 Promotorum
2206 2835 2311 2866 Officii
2330 2835 2376 2866 vel

1315 2878 1551 2905 Denunciatorum
1571 2874 1705 2905 Personas
1721 2875 1847 2903 omnino
1866 2883 1926 2903 non
1944 2872 2108 2911 sustineant,
2128 2873 2221 2904 Feoda
2238 2874 2378 2912 ampliora

1313 2913 1360 2943 vel
1379 2914 1501 2952 majora,
1521 2914 1608 2951 qu'am
1625 2923 1690 2951 quae
1706 2913 1758 2943 hiis
1777 2911 2040 2942 Constitutioiiibus
2059 2911 2184 2952 superius
2202 2912 2380 2952 statuuntur,

1314 2961 1373 2981 non
1393 2954 1522 2991 exigant,
1540 2951 1619 2989 quod
1636 2951 1657 2981 si
1673 2952 1775 2991 pluries
1787 2951 1874 2989 quam
1889 2950 2014 2988 superius
2028 2949 2069 2981 est
2091 2951 2250 2991 expressum
2265 2951 2380 2989 :Depu-

1315 2991 1384 3028 tati,
1401 2992 1447 3022 vel
1462 2991 1576 3020 illorum
1591 2990 1675 3030 aliqui
1691 2989 1838 3021 Praeriiiisa
1852 2989 2038 3028 violaverint,
2057 2990 2252 3028 Deputantes,
2275 2990 2296 3020 si
2309 2989 2381 3028 Epi-

1315 3029 1395 3067 scopi
1408 3029 1544 3067 existant,
1578 3030 1682 3059 moniti
1700 3038 1750 3074 per
1774 3028 1812 3058 Su
1830 3029 1974 3066 eriorem,
1999 3028 2263 3066 Supernumerarios
2278 3028 2380 3059 dimit-

1315 3076 1391 3107 tant,
1407 3068 1554 3099 inferiores
1570 3069 1641 3098 vero
1655 3067 1788 3107 Episcopi
1835 3066 1947 3097 rdinarii
1966 3068 2002 3097 ab
2019 3069 2187 3098 executione
2206 3066 2309 3098 Officii
2329 3066 2382 3098 sus-

1318 3108 1475 3145 pendantur
1499 3106 1593 3136 donec
1612 3106 1775 3145 hujusmodi
1794 3105 1954 3144 Deputatos
1970 3108 2148 3145 amoverint,
2178 3105 2317 3144 Deputati
2330 3116 2381 3136 au-

1319 3155 1377 3177 tem
1394 3145 1444 3184 ipsi
1457 3147 1494 3176 ab
1510 3145 1714 3184 Apparitorum
1729 3143 1840 3174 Officio
1861 3152 2030 3175 moveantur
2047 3147 2205 3184 perpetuo,
2231 3146 2281 3182 &‚
2305 3144 2325 3174 fi
2350 3154 2382 3175 a-

1322 3185 1396 3214 moti
1414 3194 1474 3214 non
1497 3183 1627 3213 desistant
1641 3206 1651 3222 ,
1692 3192 1824 3222 tanquam
1849 3181 2046 3214 Contumaces
2065 3183 2224 3214 Canonicis
2248 3183 2383 3214 Censuris

1323 3224 1545 3253 coherceantur:
1567 3223 1722 3260 praeterea,
1740 3222 1769 3252 in
1795 3219 1893 3251 Causis
1918 3220 2021 3252 Officii
2048 3222 2081 3254 &
2099 3221 2313 3261 Correciioiiis,
2333 3231 2384 3251 ne-

1321 3271 1375 3300 que
1394 3260 1460 3291 fiant
1481 3259 1641 3290 Citationes
1655 3260 1795 3298 generales
1810 3282 1820 3297 ,
1864 3269 1927 3297 quae
1954 3260 2047 3298 vulgo
2065 3270 2186 3301 quorum
2205 3260 2324 3291 nomina
2339 3259 2383 3290 di-

1322 3308 1447 3337 cuntur,
1473 3298 1524 3328 nisi
1539 3298 1635 3329 Partes
1655 3299 1795 3337 citandae,
1814 3300 1886 3328 veris
1907 3300 2072 3330 nominibus
2089 3299 2238 3337 expressis,
2258 3309 2305 3336 per
2325 3298 2386 3330 Re-

1322 3337 1484 3379 gistrarium
1507 3338 1537 3367 in
1560 3337 1613 3374 ipsa
1633 3336 1792 3375 Schedula,
1819 3336 1957 3368 Citationi
1983 3347 2106 3376 annexa,
2137 3338 2170 3369 &
2195 3337 2295 3377 Sigiilo
2320 3347 2385 3367 mu-

1325 3379 1403 3414 nita,
1425 3376 1598 3413 scribantur,
1620 3377 1776 3413 eademque
1794 3376 1933 3406 Schedula
1954 3375 2140 3414 jus—diceritis
2160 3375 2251 3406 Manu
2268 3374 2385 3406 subscri-

1323 3417 1424 3451 batur,
1439 3414 1490 3444 sub
1510 3413 1601 3444 Poena
1619 3414 1786 3446 Coertionis
1800 3414 2008 3446 Ecclesiasticae
2032 3424 2082 3454 per
2108 3413 2317 3446 Dioecesanum
2334 3414 2383 3444 de-

1326 3454 1466 3493 linquenti
1486 3453 1649 3492 infligenda.

1379 3532 1428 3564 De
1449 3528 1592 3577 Registris
1615 3534 1645 3563 in
1670 3532 1802 3575 Ecclcgsi'is
1825 3532 1922 3565 Salva,
1945 3529 2082 3574 Custodia
2103 3529 2335 3563 committendis.

1363 3615 1414 3646 ET
1434 3624 1517 3653 QUIA
1537 3615 1670 3655 Registra
1694 3618 1723 3647 in
1740 3616 1873 3648 Ecclesiis
1893 3617 2039 3654 (quorum
2062 3623 2232 3653 permagnus
2254 3617 2316 3648 usus
2330 3617 2391 3654 est)

1327 3654 1446 3685 fideliter
1464 3655 1598 3685 volumus
1615 3656 1768 3695 custodiri,
1790 3658 1931 3691 Primum,
1951 3654 2132 3684 statuendum
2149 3663 2300 3693 putamus,
2317 3666 2347 3686 ut
2363 3658 2392 3686 in

1329 3693 1441 3733 singuiis
1458 3692 1670 3724 Viiitationi'nus
1685 3694 1893 3724 admoneantur
1911 3692 2040 3723 Ministri
2058 3693 2090 3722 &
2106 3691 2273 3723 Oecononii
2290 3694 2393 3726 Eccle-

1327 3732 1429 3762 siarum
1443 3730 1480 3760 de
1496 3730 1725 3768 injunctionibus
1741 3732 1841 3771 Regiis
1856 3742 1887 3761 ea
1905 3732 1933 3761 in
1956 3741 1985 3762 re
2007 3730 2167 3768 diligentius
2189 3732 2282 3762 observ
2291 3734 2394 3771 andis,

1327 3769 1436 3799 Deinde
1446 3792 1456 3806 ,
1476 3778 1505 3800 ut
1520 3770 1601 3799 Libri
1616 3771 1651 3800 ad
1665 3772 1743 3802 hunc
1759 3774 1838 3801 ulum
1853 3769 2001 3805 destinati,
2026 3778 2085 3806 quo
2109 3769 2195 3799 tutiiix
2216 3770 2344 3801 reservari
2359 3772 2392 3802 &

1327 3808 1362 3839 ad
1377 3806 1549 3838 posteritatis
1564 3811 1735 3841 memoriam
1749 3809 1898 3847 propagari
1914 3807 2074 3845 poffint,ex
2083 3806 2277 3846 Pcrgarnen)⁷
2287 3811 2394 3847 Sump-

1328 3848 1401 3878 tibus
1428 3845 1690 3885 Parochianorum⁷
1713 3847 1900 3884 imposterum
1915 3844 2117 3880 conficiantur:
2137 3847 2221 3884 iisque
2245 3858 2304 3878 nori
2328 3858 2393 3878 mo·-

1328 3886 1389 3923 do,
1414 3893 1450 3914 ex
1474 3887 1615 3915 veteribus
1638 3886 1733 3915 [ibris
1759 3885 1904 3916 Cartaceis
1923 3883 2113 3921 transumpta,
2145 3885 2276 3916 Nomina
2290 3897 2395 3917 eorum

1329 3924 1396 3961 qui,
1419 3929 1552 3960 regnante
1569 3923 1748 3954 Sereniffiriia
1766 3923 1896 3953 Domitia
1911 3922 2006 3952 nostr-si
2022 3922 2199 3953 Elizaherlia'
2210 3934 2271 3960 ,aut
2288 3924 2393 3961 Baptis-

1331 3963 1413 3991 matis
1437 3961 1520 3997 Aqua
1545 3962 1651 4000 abluti,
1674 3972 1720 3993 aut
1739 3962 1930 3992 Matrimonio
1954 3961 2099 3999 copulati,
2122 3971 2167 3992 aut
2188 3961 2396 3993 Ecciciiafticae

1333 3999 1487 4038 Sepultura:
1501 4000 1641 4032 beneficio
1654 4000 1752 4032 affecti
1765 4000 1834 4039 lint,
1857 3999 1907 4032 suo
1923 4000 2039 4037 ordine,
2060 3999 2225 4041 Sumptibus
2246 4001 2399 4033 Parochia-

2292 4048 2401 4071 norum

2415 1520 2481 1549 334·
