2557 4279
915 171 1029 214 ET
1109 174 1378 217 ACTA
1459 179 1906 228 PUBLICA-

2375 205 2452 245 157

153 252 231 284 Ann.
245 251 289 284 D.
342 249 441 284 G1ven
461 257 490 284 at
509 250 560 285 the
578 253 664 285 Coun
684 252 887 295 ffWhiehalss
904 257 953 289 the
967 256 1026 289 first
1039 259 1105 299 Day
1119 260 1155 291 of
1168 260 1312 298 october,
1329 260 1358 290 in
1434 265 1540 294 Donne‘
1559 265 1577 295 a*
1600 266 1629 297 la
1648 267 1729 299 Cour
1746 270 1783 300 de
1800 271 1942 302 Whithall
1956 295 1966 309 ,
1993 272 2017 303 l·
2065 276 2144 304 emier
2165 273 2313 304 d'Oc‘t‘obre
2327 296 2337 311 ,
2365 276 2397 304 de
2419 275 2449 305 la

175 291 262 329 1624.
303 288 355 334 the
378 298 456 323 twoe
479 291 533 321 and
552 292 684 324 twentith
708 293 785 325 Yere
808 295 845 326 of
861 295 904 326 his
927 296 1078 338 Majestie‘s
1095 298 1208 339 Raigne
1222 300 1258 330 of
1268 299 1357 330 Great
1392 303 1624 338 vingt-deuxieme
1647 309 1731 336 anne‘e
1751 308 1787 336 du
1801 312 1889 347 Regne
1904 311 1936 340 de
1944 310 1981 350 fh
2036 312 2118 350 ajeste
2130 313 2162 343 de
2174 312 2202 342 la
2217 313 2331 342 Grande
2345 315 2446 344 Breta-

155 328 286 368 22Jac.i.
302 326 436 362 Brittaine
452 328 580 362 Fraunce
593 331 647 362 and
664 331 784 364 Ireland.
1388 348 1456 377 gne,
1472 341 1504 371 de
1518 344 1622 372 france
1635 344 1673 378 &
1688 345 1842 377 d'Irlande.

147 683 278 716 ΛΜΗ),

167 723 255 762 1624.

143 765 204 792 Par.
225 773 269 791 22.
294 756 422 790 Westm.
442 760 472 789 in
492 758 643 790 Comitatu
667 759 877 797 Middlesexiae,
899 761 928 790 in
952 760 1061 800 Magna
1084 762 1157 794 Aula
1178 763 1354 797 Placitorum
1388 766 1418 794 in
1439 764 1577 797 Parochia
1602 769 1636 798 δε
1659 769 1771 800 warda
1801 770 1963 809 praedietis,
1984 782 2020 803 ex

931 411 985 441 Per
997 411 1081 450 ipsam
1093 415 1194 450 Regem.

344 550 394 582 De
409 546 625 582 Pardonasione
634 549 758 595 speciali
770 560 825 596 pro
843 549 969 584 Roberto
989 554 1074 585 Karr
1088 563 1179 599 nuper
1200 556 1310 586 Comiti

741 599 896 644 Somerfit.

296 679 381 738 RE

391 679 422 712 X
441 682 576 713 omnibus
592 682 627 713 ad
646 692 735 721 quos,
752 683 813 714 &c.
831 682 967 714 Salutem.

408 718 490 751 Cum
513 729 565 758 per
577 722 728 765 ,quandam
750 720 963 759 Inquisitionem
985 731 1098 761 captam
1110 724 1183 762 apud
1200 724 1354 756 Civitatem

1932 422 1987 456 Per
2001 425 2089 465 ipsum
2105 425 2233 464 Regem.

2467 274 2540 306 Ann.
2551 276 2557 306 l

2481 315 2557 352 1624

2463 352 2557 390 22Jac.

1388 535 1486 567 culum
1510 537 1568 577 fic,
1585 547 1616 569 ut
1640 539 1800 578 praefertur,
1819 551 1868 578 per
1889 544 2036 580 praefatum
2054 547 2072 565 *
2089 548 2234 577 Ricardum
2253 547 2353 588 Weston
2367 557 2437 580 cum
2458 554 2557 585 ¹²er

1388 573 1511 605 Veneno
1534 577 1672 613 praedieto
1689 579 1884 615 compositum
1901 583 2022 612 mixtum
2035 586 2166 615 vitiatum
2183 587 2215 616 &
2231 586 2388 625 infectum,
2405 587 2440 617 ad
2457 593 2523 629 ⁶27-

1389 619 1457 656 tunc
1480 614 1552 651 apud
1573 615 1692 659 Turrim
1710 615 1838 647 London
1850 619 1879 648 in
1894 619 2032 652 Parochia
2045 623 2078 653 &
2093 623 2203 654 Warda
2216 625 2373 662 praedictis,
2391 635 2441 656 ce-

1390 659 1461 689 perit
1476 653 1509 683 &
1523 655 1690 685 comederit.

1425 688 1561 734 Cumque
1579 693 1666 738 etiam
1689 692 1838 738 praedictus
1851 694 1983 726 Ricardus
1997 697 2103 741 Westorg
2118 699 2227 738 postea,
2244 700 2366 744 scilicet,
2378 704 2442 745 pri-

1388 737 1429 756 mo
1449 730 1504 756 Dte
1524 728 1609 766 Junn
1628 730 1718 760 Annis
1738 732 1889 762 undecimo
1903 733 1936 763 &
1951 735 2159 805 quadmffihsin'o
2171 737 2246 805 is‘eXto
2261 740 2438 782 supradictis,

2087 785 2099 804 a
2122 785 2156 805 tia
2185 786 2218 806 ua
2241 785 2442 816 praecogitata,

144 801 208 838 Jac.
230 811 255 830 ι,
294 796 418 835 ibidem,
437 800 492 827 Die
504 800 613 827 Veneris
629 798 726 827 decimo
740 808 808 828 nono
823 800 876 827 Die
890 797 1029 836 Januarii
1043 800 1132 830 Anno
1147 800 1241 844 Regni
1261 802 1351 832 nostri
1389 803 1533 840 quoddam
1549 806 1623 836 aliud
1645 805 1798 837 Venenum
1817 809 1846 838 in
1866 808 2004 848 Pulvere,
2029 821 2165 843 vocatum
2185 813 2282 844 White
2299 815 2440 854 Arsem‘ck

140 845 167 876 p.
189 848 216 875 3.

144 886 171 906 n.
190 886 220 912 5.

142 1339 271 1369 οΧΣῙΙῙ.

141 1379 208 1410 626,

293 835 408 904 Aqgliae
427 834 555 867 Franciae
577 837 610 867 &
632 835 780 868 Hiberniae
802 837 885 867 tertio
897 837 1030 876 decimo,
1049 839 1082 870 &
1096 838 1204 869 Scotiae
1220 839 1355 877 Quadra-

294 883 330 913 ge
341 884 403 905 imo
420 883 519 911 nono,
535 883 633 905 coram
1021 914 1026 919 .

330 913 479 942 Edwardo
497 913 598 950 Cooke,
627 912 726 944 Milite
748 911 869 952 Capitali
886 913 1048 952 Justiciario
1072 914 1172 944 nostro
1194 916 1228 946 ad
1247 915 1352 948 Placita

298 960 397 982 coram
414 952 499 981 nobis
512 950 633 981 tenenda
646 951 799 989 affignato,
813 961 873 981 uno
885 953 920 981 de
934 953 1046 989 privato
1063 952 1201 983 Concilio
1214 954 1330 991 nostro,

330 987 411 1027 Julio
432 987 539 1028 Caeshr,
558 987 654 1020 Milite
675 989 817 1028 Magistro
840 988 1016 1021 Rotulorum
1037 989 1222 1023 Cancellariae
1246 992 1353 1023 nostrae

292 1026 381 1059 altero
395 1027 431 1057 de
446 1029 556 1065 privato
570 1025 709 1058 Concilio
725 1027 839 1066 nostro,

328 1068 446 1096 Henrico
463 1065 609 1103 Hobarte,
629 1065 725 1096 Milite
741 1065 784 1096 Ca
806 1065 1033 1104 italiJusticiario
1044 1067 1144 1098 nostro
1160 1068 1196 1099 de
1211 1068 1326 1108 Banco,

325 1106 482 1134 Laurentio
495 1102 641 1142 Tanfeild,
660 1103 755 1135 Milite
772 1076 890 1142 gapitali'
907 1105 1016 1136 Barone
1030 1106 1172 1138 Scaccarii
1186 1107 1294 1146 nostri,

323 1141 432 1181 Jacobo
450 1141 592 1181 Altham,
612 1142 708 1173 Milite
728 1153 788 1173 uno
804 1142 948 1174 Baronum
964 1143 1104 1175 Scaccarii
1120 1145 1224 1183 nostri,

327 1180 463 1220 Johanne
481 1181 583 1219 Croke,
602 1180 699 1212 Milite
716 1191 775 1211 uno
785 1181 1009 1220 Justiciariorum
1025 1183 1191 1214 nostrorum
1206 1184 1240 1215 ad
1257 1183 1351 1215 Placi-

289 1227 317 1251 ta
332 1228 432 1250 coram
446 1220 530 1250 nobis
546 1219 663 1250 tenenda
676 1219 823 1257 affignato,

326 1257 461 1296 Johanne
476 1258 664 1296 Dodderidge,
682 1257 778 1289 Milite
795 1259 883 1289 altero
895 1258 1057 1296 Justiciario
1073 1260 1107 1291 ad
1124 1260 1229 1291 Placita
1246 1270 1348 1292 coram

290 1297 373 1327 nobis
386 1296 509 1327 tenenda
520 1296 676 1336 affignato,
1314 1337 1320 1342 ·

325 1335 346 1355 *
364 1334 480 1365 Roherto
501 1334 664 1373 Houghton,
680 1333 776 1366 Milite
801 1335 888 1367 altero
901 1334 1062 1373 Justiciario
1080 1336 1180 1367 nostro
1194 1337 1228 1368 ad
1244 1336 1349 1370 Placita

734 1381 782 1404 ato

289 1383 391 1406 coram
406 1374 490 1403 nobis
506 1372 628 1403 tenenda
646 1373 694 1405 affi

706 1411 765 1442 ilite
781 1396 964 1449 §apervisore
983 1412 1080 1444 Curiae
1102 1413 1207 1445 nostrae
1219 1414 1347 1446 Wardo-

327 1414 427 1449 Rogero
451 1411 647 1449 Wilbraham,

289 1460 355 1483 rum
369 1452 402 1481 &
417 1450 644 1487 Liberationum‚

325 1488 441 1519 Daniele
463 1491 567 1526 Dusm,
587 1487 683 1520 Milite
704 1497 763 1519 uno
785 1486 990 1526 Magistrorum
1008 1489 1108 1521 Curiae
1121 1489 1225 1522 nostrae
1239 1490 1351 1530 Requi-

301 1535 427 1559 itionum

289 1527 308 1560 s
324 1550 518 1605 Jacobo'Ley,
537 1564 636 1595 Milite
650 1563 807 1596 Attornato
822 1564 921 1595 nostro
935 1564 1032 1596 Curiae
1048 1566 1153 1597 nostrae
1169 1567 1348 1598 Wardorum

369 1606 373 1611 '
397 1605 555 1634 erationum

287 1604 524 1673 6¹:ELslgloleioatrdo
544 1626 675 1680 ll'doseley,
695 1640 792 1672 Milite
808 1640 962 1672 Attornato
982 1641 1080 1672 Curiae
1104 1643 1239 1674 Ducatsis
1261 1643 1350 1674 nostri

389 1679 462 1711 striae

288 1681 387 1750 LaRga
394 1727 463 1750 tunc
470 1704 644 1757 'justiciariis
668 1716 769 1746 nostris
784 1725 833 1754 per
850 1716 956 1748 Literas
969 1718 1100 1750 Parentes
1114 1719 1221 1750 nostras
1236 1721 1275 1750 eis
1286 1743 1295 1758 ,
1313 1722 1347 1752 &

284 1757 503 1797 quibuscunque
516 1764 634 1794 quatuor
649 1755 694 1785 vel
708 1755 832 1794 pluribus
847 1765 966 1793 eorum,
986 1757 1051 1788 inde
1067 1758 1215 1789 confectas
1225 1781 1234 1795 ,
1251 1758 1285 1788 ad
1302 1759 1347 1788 in-

307 1796 457 1827 uirendum
480 1804 529 1833 per
550 1793 765 1824 Sacramentum
791 1794 950 1830 proborum
976 1795 1010 1825 δε
1033 1796 1164 1834 legalium
1179 1796 1346 1828 Hominum

306 1845 323 1866 e
336 1833 487 1864 Comitatu
503 1831 696 1862 Middlesexiae
709 1841 742 1861 ac
755 1831 812 1861 aliis
826 1832 879 1861 viis
893 1832 986 1862 modis
1000 1834 1033 1864 &
1043 1833 1150 1865 Mediis
1163 1836 1267 1874 quibus
1283 1844 1344 1866 rne-

282 1874 337 1905 li'us
357 1873 489 1903 sciverint
507 1878 554 1901 aut
575 1871 717 1908 poterint,
735 1878 797 1900 tam
819 1870 892 1900 infra
906 1871 1066 1902 Libertates
1079 1875 1169 1910 quam
1186 1882 1277 1912 extra,
1296 1883 1345 1914 per

281 1920 358 1951 quos
379 1912 416 1940 rei
440 1910 542 1941 veritas
562 1907 662 1938 melius
676 1909 738 1938 sciri
754 1909 857 1946 poterit
890 1909 927 1939 de
940 1911 1155 1950 quibuscunque
1169 1911 1345 1943 Proditioni-

283 1951 336 1981 bus
358 1948 585 1987 Misprisionibus
606 1946 806 1977 Proditionum
822 1970 831 1983 ,
856 1931 1106 1979 l'nsurreciionibus
1128 1949 1344 1982 Rebellionibus

283 1987 512 2020 Contrafac'iuris
522 1985 659 2016 Tonsuris
674 1985 805 2022 Loturis,
821 1985 892 2015 falsis
906 1986 928 2015 F
929 1987 1149 2018 abricationibus
1163 1989 1196 2019 &
1209 1989 1267 2020 aliis
1280 1989 1343 2020 Fal-

283 2027 409 2059 fitatibus
433 2025 564 2057 Monetae
584 2024 668 2062 hujus
686 2023 716 2054 R
753 2024 782 2054 ni
799 2022 888 2053 nostri
913 2024 1024 2064 Angliae
1038 2027 1072 2058 ὃς
1085 2027 1209 2057 aliorum
1223 2028 1343 2066 Regno..

282 2075 349 2097 rum
369 2064 425 2096 five
445 2063 657 2095 Dominiorum
678 2032 848 2106 noffiorum·
859 2071 1117 2109 quorumcunque,
1132 2075 1165 2096 ac
1180 2065 1215 2096 de
1230 2066 1342 2111 quibus-

282 2113 397 2143 cunque
427 2101 558 2134 Murdris
584 2101 707 2131 Feloniis
726 2100 900 2131 Homicidiis
919 2101 1172 2135 interfectionibus
1193 2104 1342 2144 Burglariis

282 2141 423 2180 Raptibus
441 2140 617 2179 Mulierum,
636 2138 705 2170 Con
727 2139 916 2178 regationibus
929 2141 963 2172 &
983 2140 1204 2173 Conventiculis
1219 2144 1339 2184 illicitis,

280 2181 448 2212 Verborum
470 2177 679 2210 Prolationibus
729 2177 964 2209 oadunationibus
979 2179 1202 2218 Misprisionibus
1216 2181 1342 2213 Confoe-

280 2219 490 2256 derationibus,
508 2217 579 2248 falsis
593 2216 826 2256 Allegationibus,
843 2216 1123 2256 Transgreffionibus
1137 2218 1246 2251 Riottis
1256 2220 1339 2252 Rou-

281 2259 318 2293 tis
338 2257 558 2289 Retentionibus
582 2255 704 2294 Escapiis
719 2254 945 2292 Contemptibus
958 2256 1131 2288 Falsitatibus
1145 2257 1341 2299 Negligentiis

281 2296 519 2328 Concelamentis
534 2293 758 2325 Manutenentiis
772 2293 1010 2330 Oppreffionibus
1026 2294 1228 2334 Cambipartiis
1243 2299 1338 2329 Dece-

302 2336 428 2367 tionibus
454 2334 488 2365 &
506 2333 563 2363 aliis
586 2332 746 2363 Malefatstis
770 2331 895 2362 Offenfis
919 2333 952 2363 &
979 2333 1087 2371 Injuriis
1109 2335 1340 2375 quibuscunque,

319 2384 414 2405 ecnon
435 2371 602 2403 Acceffariis
619 2370 777 2402 eorundem
793 2370 865 2400 infra
876 2369 1057 2402 Comitatum
1075 2373 1264 2413 praedisturn,
1281 2384 1339 2405 tam

282 2413 356 2443 infra
376 2412 532 2442 Libertates
554 2410 640 2448 quam
661 2417 755 2447 extra,
773 2418 822 2446 per
842 2409 1026 2447 quoscunque
1051 2411 1083 2442 &
1099 2412 1341 2452 qualitercumque

280 2451 361 2482 fastis
374 2451 476 2481 habitis
489 2449 651 2487 perpetratis
666 2448 720 2478 five
734 2447 902 2485 commissis,
921 2449 954 2478 ὃς
970 2458 1019 2485 per
1032 2459 1102 2487 quos
1120 2451 1164 2480 vel
1181 2461 1229 2494 per
1242 2461 1338 2490 quern,

280 2490 329 2521 cui
351 2489 398 2520 vel
414 2489 533 2526 quibus,
553 2487 669 2526 quando
685 2486 802 2526 qualiter
819 2487 853 2516 &
865 2487 1034 2524 quomodo,
1053 2497 1085 2518 ac
1101 2488 1137 2518 de
1152 2489 1209 2519 aliis
1223 2490 1338 2521 Articu-

279 2529 314 2559 lis
327 2528 361 2559 &
378 2526 609 2558 Circumstantiis
625 2523 762 2564 praemissa
778 2525 810 2555 &
826 2534 926 2554 eorum
941 2526 1088 2562 quodlibet
1106 2527 1161 2557 live
1175 2537 1275 2558 eorum
1289 2529 1336 2558 ali-

279 2566 360 2605 quod
380 2565 425 2597 vel
445 2565 535 2603 aliqua
550 2563 780 2603 qualitercunque
794 2564 1033 2593 concernentibus
1048 2564 1159 2601 plenius
1174 2567 1337 2606 veritatem,

280 2607 315 2637 &
329 2604 363 2635 ad
377 2604 485 2634 easdem
500 2603 678 2633 Proditiones
692 2603 726 2633 &
740 2601 791 2631 alia
799 2600 943 2631 Praemiffa
957 2602 1129 2633 audiendi&
1143 2605 1313 2636 terminandi
1325 2630 1335 2643 ,

282 2643 440 2674 secundum
463 2642 572 2681 Legem
589 2642 621 2672 &
637 2639 863 2671 Consuetudines
878 2639 972 2677 Regni
987 2639 1076 2670 nostri
1094 2642 1204 2681 Angliae
1218 2643 1337 2680 assigna-

281 2683 333 2719 tis,
354 2682 501 2712 recitantes
517 2679 599 2718 quod
612 2680 681 2709 cum
694 2677 823 2708 Ricardus
838 2677 943 2716 Weston
960 2688 1048 2717 nuper
1061 2679 1096 2710 de
1114 2679 1239 2711 London
1256 2682 1336 2713 Yeo-

281 2730 348 2751 man
385 2719 485 2749 Deum
508 2727 564 2757 prae
586 2716 688 2748 Oculis
707 2716 759 2747 suis
780 2726 840 2746 non
855 2716 976 2755 habens,
994 2727 1048 2748 nec
1066 2718 1252 2750 acerbissimas
1266 2719 1333 2751 Poe-

279 2769 329 2789 nas
348 2743 382 2788 {a
401 2757 566 2788 Punitiones
588 2764 688 2786 contra
702 2754 904 2785 Malefastores
918 2765 966 2794 per
982 2755 1070 2794 Leges
1086 2758 1119 2788 &
1132 2756 1237 2788 Statura
1252 2758 1336 2797 hujus

278 2797 379 2834 Regni
401 2795 514 2834 Angliae
534 2795 606 2824 edita
626 2794 660 2824 &
676 2794 803 2831 provisa,
820 2801 904 2831 atque
923 2794 1050 2832 quotidie
1068 2795 1096 2824 in
1112 2794 1283 2834 Exemplum
1303 2799 1335 2829 &

278 2835 436 2866 Terrorem
462 2832 620 2864 eorundem
641 2833 671 2860 in
693 2831 898 2861 Executionem
921 2832 1026 2871 posita,
1045 2833 1199 2870 aliqualiter
1220 2845 1334 2873 verens,

278 2873 324 2905 sed
337 2873 516 2912 instigatione
532 2869 683 2900 Diabolicfi
699 2877 794 2899 motus
808 2871 841 2900 &
854 2869 981 2900 seductus
990 2893 1000 2908 ,
1019 2872 1182 2902 machinans
1196 2873 1228 2903 &
1243 2874 1337 2904 inten-

279 2912 349 2943 dens
361 2910 504 2950 quendam
521 2908 652 2939 Thomam
668 2907 811 2943 Overbury
826 2906 952 2937 Militem
963 2930 972 2945 ,
989 2918 1046 2938 non
1062 2909 1153 2939 solum
1167 2911 1195 2939 in
1212 2912 1335 2947 gravissi-

279 2960 343 2980 mos
362 2948 551 2980 odiofiffimos
568 2948 601 2978 &
617 2944 865 2984 periculosissimos
880 2944 1007 2976 Morbos
1020 2946 1170 2985 inducere,
1189 2959 1290 2979 verum
1304 2960 1333 2980 e-

276 2990 347 3020 tiam
371 2987 521 3026 praefatum
544 2985 672 3015 Thomam
693 2983 846 3014 Overburie
859 2984 894 3013 de
909 2983 976 3014 Vita
990 2985 1034 3015 sua
1048 2985 1172 3017 felonice
1185 2988 1218 3018 ὃς
1232 2988 1335 3018 volun-

276 3028 345 3058 tarie
368 3027 513 3064 deprivare
534 3032 618 3062 atque
634 3023 769 3060 spoliare,
787 3024 820 3054 &
836 3022 1032 3061 nequissimam
1046 3023 1243 3055 Intentionem
1256 3026 1331 3056 illam

275 3074 363 3103 atque
389 3064 486 3094 Animi
510 3063 549 3093 sui
572 3063 697 3099 impium
722 3060 900 3098 Propositum
915 3061 1083 3098 praedictum
1096 3061 1230 3101 efficere,
1250 3067 1334 3095 Nono

275 3107 330 3135 Die
353 3106 425 3133 Maii
449 3103 537 3134 Anno
553 3100 648 3139 Regni
662 3099 750 3130 nostri
764 3099 875 3137 Angliae
891 3098 1022 3129 Franciaer
1034 3101 1067 3130 δε
1084 3100 1232 3131 Hiberniae
1247 3104 1332 3134 unde-

275 3144 356 3174 cimo
377 3143 411 3173 &
435 3141 541 3171 Scotiae
559 3138 771 3179 quadragesimo
792 3138 883 3175 sexte,
909 3137 982 3174 apud
1003 3138 1123 3168 Turrim
1148 3140 1289 3183 London,
1305 3144 1333 3172 in

274 3180 415 3212 Parochia
427 3179 572 3210 Omnium
587 3177 760 3208 Sanctorum
774 3175 903 3214 Barking,
917 3177 945 3205 in
962 3177 1071 3207 Warda
1083 3178 1186 3208 Turris
1201 3179 1334 3218 London,

276 3229 312 3250 ex
334 3218 443 3249 Malitia
462 3217 506 3248 sua
521 3216 717 3254 praecogitata,
736 3214 881 3252 quoddam
898 3213 1050 3245 Venenum
1067 3216 1172 3245 coloris
1188 3216 1332 3249 subviridis

274 3259 310 3290 &
335 3256 451 3287 subflavi
472 3257 480 3291 (
493 3255 616 3293 Anglice
636 3254 673 3284 of
692 3263 707 3283 a
719 3253 848 3292 greeniih
863 3252 917 3282 and
935 3253 1082 3296 yellmvilh
1100 3253 1227 3292 Colour)
1245 3267 1330 3286 voca-

273 3303 333 3327 tum
345 3295 475 3334 Rofiacre
489 3296 518 3324 in
533 3293 638 3323 Manus
652 3292 709 3322 suas
724 3292 880 3321 obtinuerit
892 3292 925 3321 ὃς
942 3293 1115 3329 acquiliverit
1134 3303 1139 3322 :
1167 3293 1212 3324 Ac
1232 3297 1332 3332 praedi-

274 3335 338 3366 &us
359 3334 492 3365 Ricardus
514 3331 620 3370 VVeston
643 3329 747 3360 eisdem
762 3329 820 3360 Die
835 3330 868 3360 &
884 3329 970 3360 Anno
984 3331 1055 3368 apud
1070 3330 1188 3361 Turrim
1205 3332 1330 3364 London

294 3373 442 3404 raediCtam
467 3373 495 3401 in
522 3370 665 3401 Parochia
688 3369 721 3399 δε
741 3367 850 3398 Warda
868 3368 1031 3406 praedietis,
1054 3369 1142 3400 sciens
1160 3372 1331 3407 praedictum

273 3383 431 3444 {lenenum
450 3417 589 3440 vocatum
603 3406 730 3447 Roftacre
744 3406 805 3436 fore
820 3407 971 3438 Venenum
990 3407 1125 3445 mortale,
1144 3410 1219 3439 idem
1234 3413 1330 3440 Ricar-

274 3451 325 3483 diss
341 3449 445 3490 Wston
459 3449 615 3479 Venenum
630 3445 799 3483 praedictum
815 3453 951 3476 vocaturn
965 3444 1103 3485 Rofiacre,
1119 3456 1189 3477 cum
1204 3449 1329 3485 quodam

275 3499 379 3530 genere
396 3487 500 3527 jusculi
522 3485 662 3523 (Anglice
685 3483 806 3519 Brothe)
830 3484 858 3513 in
884 3483 1009 3520 quodam
1031 3483 1150 3515 Disculo
1171 3495 1220 3523 per
1238 3487 1328 3524 ipsum

275 3528 421 3559 Ricardum
446 3528 495 3555 We
519 3536 552 3554 on
572 3524 605 3554 ad
625 3532 692 3553 tunc
714 3521 788 3559 apud
809 3521 928 3552 Turrim
954 3522 1079 3552 London
1100 3525 1281 3563 praedictam,
1299 3528 1328 3556 in

275 3566 416 3598 Parochia
439 3565 471 3595 &
532 3562 596 3593 arda
608 3560 764 3600 praedietis,
780 3561 920 3590 vitiaverit
935 3561 967 3590 δε
984 3561 1113 3590 infecerit
1128 3562 1160 3592 ea
1172 3564 1329 3595 intentione

274 3614 306 3637 ut
320 3605 398 3636 idern
415 3603 543 3634 Ricardus
559 3599 664 3638 W’ston
680 3599 829 3636 praefatum
845 3598 975 3628 Thomam
990 3599 1134 3640 Overbury
1150 3610 1219 3630 cum
1235 3602 1329 3633 Vene-

274 3652 316 3674 no
337 3642 493 3681 praedi&o,
511 3641 566 3678 sic,
584 3648 613 3669 ut
630 3638 792 3677 praefertur,
809 3636 972 3673 composito
989 3638 1021 3668 &
1037 3638 1143 3676 mixto,
1161 3639 1328 3672 interficeret

275 3682 312 3714 ὅ(
331 3681 505 3718 murdraret,
523 3680 556 3710 ὃς
568 3677 717 3715 praedictus
730 3675 860 3705 Ricardus
875 3674 996 3743 chllon,
1012 3683 1042 3705 ut
1063 3676 1227 3715 praefertur,
1246 3680 1326 3710 vitia-

275 3728 340 3750 tum
357 3722 389 3752 ὃς
402 3719 560 3752 infectum,
578 3716 611 3746 ὃ(
625 3724 694 3746 curn
709 3713 831 3744 Veneno
847 3722 904 3752 prae
928 3713 988 3743 icto
1001 3715 1194 3748 compositum
1208 3717 1240 3746 &
1255 3719 1328 3747 mix-

275 3765 339 3789 tum
381 3758 500 3797 praefato
520 3755 627 3785 Thomae
651 3752 796 3792 Overbury
813 3752 846 3782 ad
868 3760 938 3782 tunc
961 3752 1034 3788 apud
1053 3752 1175 3783 Turrim
1202 3753 1328 3786 London

276 3780 443 3834 praed’itStam
481 3797 509 3826 in
527 3792 665 3825 Parochia
678 3794 710 3823 δε
726 3790 835 3820 warda
855 3789 1010 3827 prccdietis,
1029 3790 1153 3821 felonice
1168 3792 1326 3825 voluntarie

275 3833 311 3864 &
325 3844 359 3864 ex
374 3819 482 3864 Malit’ia
495 3833 541 3864 sua
556 3831 747 3870 praecogitata,
767 3838 898 3866 tanquam
913 3828 1017 3858 salubre
1028 3828 1173 3866 Jusculuin
1190 3831 1223 3860 ad
1243 3832 1327 3862 eden-

273 3871 346 3903 dum
365 3873 515 3909 praebuerit
534 3872 567 3902 &
590 3870 712 3905 dederit,
738 3868 817 3905 super
835 3877 894 3905 quo
910 3867 1058 3904 praedictus
1076 3867 1189 3897 Thomas
1203 3871 1329 3899 Overbu-

274 3913 332 3947 rie,
350 3910 466 3939 credens
481 3910 651 3946 praedidtum
660 3906 808 3946 Jusculum
823 3905 878 3943 sic,
896 3914 926 3935 ut
941 3905 1104 3943 praefertur,
1117 3916 1192 3948 „cum
1208 3906 1328 3950 Veneno

273 3948 415 3987 praedicto
431 3969 439 3985 ,
463 3957 511 3985 per
537 3947 686 3985 praefatum
711 3944 854 3976 Ricardum
875 3943 978 3983 Wcsson
997 3953 1065 3973 com
1088 3947 1189 3974 olitum
1209 3955 1328 3977 mixtum

276 3988 408 4019 vitiatum
436 3986 469 4015 &
495 3986 634 4016 inferitum
652 4008 661 4023 ,
689 3984 749 4014 fore
779 3983 885 4013 salubre
900 4004 908 4019 ,
940 3982 1014 4011 idem
1039 3985 1153 4026 Toomas
1174 3984 1329 4024 ‘Overbury

279 4024 376 4063 postea
395 4046 404 4060 ,
438 4023 546 4053 scilicet
559 4045 568 4060 ,
603 4024 705 4054 eisdem
725 4022 781 4052 Die
808 4023 840 4053 ὃ(
861 4021 947 4051 Anno
965 4020 1038 4065 apud
1057 4021 1176 4064 Tui-rim
1203 4021 1330 4053 London

279 4061 463 4106 praedffiam,
489 4062 518 4092 in
542 4061 681 4094 Paxochia
704 4062 737 4093 ὃς
757 4060 867 4092 warda
896 4059 1050 4101 praedietis,
1075 4059 1245 4098 praedictum
1267 4061 1330 4100 Jus-

1387 841 1418 870 in
1442 840 1549 873 Manus
1571 843 1629 874 suas
1654 846 1810 876 obtinuerit
1839 847 1873 878 δε
1893 849 2068 886 acquisiverit

1390 879 1492 920 Weston
1514 881 1638 920 adtunc,
1656 882 1760 914 scilicet
1795 885 1933 922 praediCto
1941 890 2029 924 primo
2043 890 2097 918 Die
2110 888 2195 926 Junii
2212 891 2301 921 Annis
2315 892 2437 929 supradi-

1390 918 1460 956 c‘tis,
1477 919 1564 950 sciens
1578 921 1749 958 praeditstum
1789 924 1930 961 ulverem,
1948 935 2087 956 vocatum
2107 926 2206 957 White
2221 929 2372 968 Arsenick,
2392 931 2439 961 fo·

1389 965 1419 985 re
1441 957 1561 988 mortale
1586 958 1753 998 Venenum,
1771 961 1847 991 idem
1867 963 1999 993 Ricardus
2014 964 2137 1003 PVeston,
2155 964 2189 996 ea
2201 966 2357 998 intentione
2372 978 2401 999 ut
2414 970 2440 998 i-

1388 993 1457 1024 dem
1480 996 1611 1029 Ricardus
1634 996 1738 1036 Weston
1753 1007 1819 1028 cum
1836 999 1958 1031 Veneno
1971 1002 2127 1041 praedicto,
2143 1012 2248 1034 vocato
2264 1004 2361 1035 White
2375 1010 2440 1036 Ar-

1380 1031 1491 1071 finick,
1509 1035 1657 1071 praefatum
1674 1035 1803 1066 Thomam
1823 1037 1968 1079 Overbury
1983 1042 2070 1078 magis
2085 1042 2210 1072 celeriter
2223 1043 2392 1074 interficeret
2405 1045 2439 1074 &

1390 1071 1546 1103 murdraret
1584 1072 1738 1105 Venenum
1759 1075 1844 1113 illud,
1862 1085 1995 1108 vocaturn
2020 1078 2118 1109 White
2135 1080 2289 1119 Arfi’nick,
2306 1090 2442 1120 tanquam

1386 1108 1526 1141 salubrem
1550 1095 1720 1149 s'ulverem,
1742 1114 1777 1144 ad
1800 1113 1942 1145 edendum
1963 1117 2082 1154 praefato
2101 1117 2206 1148 Thomae
2231 1120 2382 1150 Overburie
2404 1120 2440 1151 ad

1387 1155 1475 1186 tunc,
1493 1149 1612 1188 scilicet,
1629 1151 1768 1189 praedicio
1785 1156 1868 1190 primo
1891 1156 1945 1183 Die
1966 1155 2052 1192 Junii
2066 1156 2156 1186 Annis
2170 1157 2345 1203 supradictis,
2364 1158 2439 1197 apud

1385 1185 1505 1217 Turrim
1521 1187 1649 1219 London
1666 1189 1845 1229 praediCtam,
1867 1192 1894 1220 in
1908 1191 2046 1223 parochia
2060 1195 2092 1225 δε
2108 1194 2216 1225 Warda
2230 1196 2380 1234 praedietis,
2398 1197 2441 1227 fe-

1385 1224 1482 1256 lonice
1504 1226 1663 1257 voluntarie
1685 1229 1718 1259 &
1737 1237 1772 1258 ex
1787 1229 1892 1259 malitia
1907 1230 1950 1260 sua
1965 1233 2162 1270 praecogitata,
2178 1236 2326 1270 praebuerit
2343 1236 2376 1266 &
2390 1235 2440 1265 de-

1385 1263 1474 1301 derit,
1492 1263 1573 1301 super
1593 1275 1653 1303 quo
1666 1265 1815 1302 praedictus
1826 1266 1940 1298 Thomas
1954 1269 2115 1309 Overbury,
2132 1271 2247 1302 credens
2287 1273 2439 1304 raedietum

1384 1300 1554 1340 Pulverem,
1580 1312 1716 1334 vocaturn
1739 1304 1836 1334 White
1857 1305 2006 1345 Arsenick‚
2031 1308 2089 1339 fore
2109 1309 2244 1340 salubrem
2294 1311 2420 1342 ulverem
2437 1334 2447 1349 ‚

1385 1339 1463 1370 idem
1486 1340 1600 1371 Thomas
1623 1342 1768 1379 Overbury
1789 1343 1938 1374 Pulverem
1965 1346 2133 1383 praedictum
2150 1371 2159 1385 ‚
2184 1357 2319 1380 vocatum
2342 1350 2442 1380 White

1384 1377 1536 1417 Arsenick,
1553 1381 1587 1409 ad
1611 1389 1698 1418 tunc,
1717 1379 1840 1418 scilicet,
1859 1383 1997 1420 praedicto
2015 1388 2102 1423 primo
2123 1388 2178 1415 Die
2191 1386 2276 1424 Junii
2293 1388 2382 1418 Annis
2395 1388 2441 1418 su-

1383 1417 1524 1455 pradiCtis,
1542 1418 1615 1455 apud
1630 1418 1751 1449 Turrim
1768 1419 1891 1449 London
1908 1422 2086 1461 praedictam,
2104 1424 2133 1453 in
2148 1423 2284 1457 Parochia
2302 1428 2335 1458 &
2351 1427 2441 1457 War-

1384 1454 1419 1486 da
1433 1456 1590 1495 praedietis,
1607 1457 1790 1495 sumpserit&
1802 1458 1968 1489 comederit.

1422 1493 1560 1532 Cumque
1582 1496 1667 1526 etiam
1682 1494 1832 1534 praedietus
1846 1497 1982 1527 Ricardus
1997 1498 2103 1537 Wslon
2116 1500 2211 1538 postea
2221 1524 2230 1540 ‚
2250 1501 2355 1534 scilicet
2365 1525 2374 1540 ,
2391 1503 2438 1532 de-

1383 1534 1449 1561 cimo
1466 1535 1521 1562 Die
1531 1533 1607 1571 Julii
1622 1533 1714 1563 Annis
1732 1534 1887 1565 undecimo
1900 1535 1934 1565 δε
1949 1537 2163 1575 quadragesimo
2177 1539 2254 1570 sexro
2269 1541 2440 1579 supradietis,

1383 1570 1456 1608 apud
1478 1571 1595 1602 Turrim
1622 1571 1747 1602 London
1761 1573 1947 1612 praedictam,
1966 1575 1995 1604 in
2011 1575 2148 1607 Parochia
2163 1579 2195 1608 &
2213 1578 2320 1610 Warda
2336 1581 2438 1619 praedi-

1386 1609 1455 1646 ctis,
1473 1618 1508 1638 ex
1522 1609 1623 1640 malitia
1638 1610 1683 1639 sua
1697 1612 1897 1649 praecogitata,
1915 1613 2059 1649 quoddam
2072 1614 2146 1644 aliud
2160 1615 2311 1647 Venenum
2321 1640 2331 1656 ,
2349 1627 2438 1649 voca-

1384 1655 1450 1677 tum
1465 1650 1601 1678 Mercurie
1615 1648 1779 1686 Sublimate,
1798 1650 1826 1678 in
1844 1648 1950 1679 Manus
1963 1651 2020 1681 suas
2035 1653 2190 1684 obtinuerit
2202 1655 2235 1685 &
2250 1657 2437 1694 acquisiverit,

1383 1685 2435 1768 Ξξῑρρὲῗῖἷᾷἓὲηῗζῑῶᾈῖἔὲ3ἶὲβέἷυῖἢάἣῖἳῑῖιῖῗξὲἑόηρὲῗὲξῖἃ5]Ἷίἶῖ

1382 1761 1524 1793 Parochia
1545 1763 1578 1793 ὃ(
1602 1762 1708 1792 Warda
1731 1748 1888 1802 praedsctis,
1906 1765 1993 1795 sciens
2008 1765 2159 1798 Venenum
2176 1769 2362 1808 praedidlum,
2379 1755 2435 1801 ³vo-

1382 1808 1480 1831 catum
1505 1803 1642 1830 Mercurie
1660 1799 1824 1839 Sublimate,
1844 1802 1904 1833 sore
1921 1802 2046 1835 Mortale
2065 1804 2234 1844 Venenum,
2250 1807 2328 1839 idem
2342 1812 2438 1839 Ricar-

1380 1839 1430 1868 dus
1454 1838 1559 1877 Weslon
1581 1838 1693 1877 postea,
1710 1840 1829 1876 scilicet,
1847 1840 1985 1877 praeditsto
2008 1843 2103 1873 decimo
2124 1848 2177 1874 Die
2190 1845 2267 1883 Julii
2282 1847 2374 1877 Annis
2390 1849 2435 1880 su-

1379 1877 1522 1915 pradictis,
1536 1878 1610 1916 apud
1626 1876 1747 1907 Turrim
1764 1877 1889 1908 London
1904 1880 2082 1920 praedietam,
2101 1883 2129 1912 in
2146 1882 2284 1915 Parochia
2298 1887 2331 1916 &
2347 1886 2434 1917 War-

1377 1916 1412 1946 da
1428 1915 1586 1953 praedietis,
1605 1915 1758 1946 Venenum
1774 1916 1960 1955 praedictum,
1979 1929 2116 1950 vocaturn
2125 1924 2260 1952 Mercurie
2274 1923 2435 1964 sublimate,

1377 1955 1407 1984 in
1430 1953 1584 1991 Placentis,
1603 1954 1730 1991 Anglice
1750 1958 1849 1993 Tarts,
1869 1956 2008 1995 posuerit,
2028 1959 2061 1990 &
2078 1958 2228 1991 Venenum
2247 1963 2435 2001 praedictum,

1377 2001 1513 2023 vocatum
1539 1995 1666 2030 Mercury
1680 1992 1845 2031 Sublimate,
1861 2004 1929 2024 cum
1947 1994 2087 2026 Placentis
2101 1997 2152 2028 illis
2168 1999 2202 2029 ad
2220 2008 2308 2038 tunc,
2326 2001 2433 2033 scilicet

1377 2030 1518 2070 praedicto
1536 2031 1633 2061 decimo
1656 2034 1712 2060 Die
1733 2030 1810 2069 Julii
1826 2032 1918 2063 Annis
1930 2032 2107 2073 supradiCtis,
2124 2037 2197 2074 apud
2214 2038 2333 2069 Turrim
2352 2040 2435 2071 Lon-

1376 2070 1437 2100 don
1455 2069 1632 2108 praedffl'cam,
1648 2070 1677 2100 in
1688 2069 1824 2100 Parochia
1833 2071 1865 2101 ὃ(
1875 2070 1983 2102 Warda
1997 2074 2147 2112 praedicitis,
2161 2076 2314 2115 miscuerit,
2327 2079 2360 2109 &
2372 2080 2437 2110 Pla-

1374 2116 1469 2139 centas
1482 2107 1628 2145 praedictas
1642 2117 1711 2139 cum
1726 2107 1847 2139 Veneno
1864 2110 2002 2146 praedicto
2011 2134 2020 2148 ,
2037 2112 2144 2143 v‘ocato
2157 2116 2288 2145 Men-ura
2302 2117 2437 2148 Sublima-

1376 2154 1404 2176 te
1419 2147 1453 2177 ad
1475 2156 1566 2191 tunc,
1585 2147 1709 2184 scilicet,
1726 2147 1865 2190 praedicto
1880 2147 1977 2192 deamo
1993 2152 2046 2179 Die
2059 2150 2137 2196 Juli?
2153 2152 2242 2183 Annis
2255 2154 2437 2194 supradictis,

1375 2185 1449 2262 {513⁶}
1463 2185 1603 2255 νῖἒὲἳὲὶἳι
1618 2185 2434 2272 ffss‘lsssseffissdgiiffasssssfiz‘zilssffllffil}3252:

1374 2262 1522 2300 praefatum
1539 2261 1667 2291 Thomam
1682 2261 1824 2301 Overbury
1839 2272 1907 2293 cum
1922 2262 2046 2294 Veneno
2058 2267 2211 2305 praedicto,
2232 2279 2336 2301 vocato
2351 2275 2432 2301 Mer-

1375 2300 1733 2377 {ffypssssssfissssa'ssrssfii'aist
1750 2300 1919 2377 ffisse‘tffi'
1931 2304 2310 2381 Eisspssiifssssliii'sss'igfiigt'i}
2322 2310 2393 2378 {55st
2394 2322 2432 2380 ⁰11⁷}

1848 2361 1858 2376 9

1375 2378 1538 2415 praefertur,
1558 2379 1668 2415 mixto,
1686 2378 1774 2415 magis
1798 2377 1926 2408 celeriter
1947 2379 2116 2412 interficeret
2136 2383 2169 2412 &
2189 2384 2344 2416 murdraret
2359 2372 2382 2425 3’
2395 2388 2429 2418 δε

1374 2416 1526 2454 praedictus
1542 2417 1671 2446 Ricardus
1696 2414 1803 2454 Weston
1829 2417 1976 2452 praedictas
1995 2418 2139 2450 Placentas
2153 2421 2206 2459 s1C‚
2226 2431 2256 2452 ut
2269 2424 2432 2464 praefertur,

1373 2465 1422 2493 per
1449 2455 1599 2492 praefatum
1619 2454 1763 2484 Ricardum
1780 2452 1880 2497 Weston
1901 2464 1972 2485 cum
1994 2455 2116 2488 Veneno
2138 2460 2296 2499 praeditsto,
2322 2473 2429 2495 vocato

1374 2496 1502 2531 Mercury
1516 2492 1664 2522 Sublimate
1683 2495 1781 2522 mixtas
1796 2500 1905 2535 Vitiatas
1921 2494 1953 2524 &
1969 2495 2085 2526 infectas
2100 2497 2206 2535 postea,
2225 2499 2339 2539 seilicet,
2357 2512 2429 2538 prte-

1373 2531 1454 2562 ἀίἃο
1476 2532 1574 2560 decimo
1593 2534 1647 2560 Die
1668 2529 1760 2568 Julii>
1780 2530 1872 2560 Annis
1894 2532 2048 2564 undecimo
2071 2535 2104 2565 &
2130 2537 2339 2574 quadragesimo
2351 2541 2430 2571 sexto

1372 2569 1525 2607 praediffls,
1543 2569 1616 2606 apud
1630 2570 1749 2599 Turrim
1767 2568 1893 2611 London
1908 2571 2085 2609 praedicnm,
2103 2574 2130 2602 in
2148 2574 2285 2608 Patochia
2298 2578 2330 2608 ὃ(
2343 2578 2386 2608 W
2388 2590 2432 2610 ar-

1371 2608 1405 2638 da
1430 2607 1590 2645 praedietis,
1610 2607 1734 2638 felonice
1755 2607 1914 2637 voluntarie
1939 2609 1971 2640 ὃ(
1994 2619 2027 2640 ex
2054 2611 2155 2642 malitia
2178 2613 2222 2643 sua
2246 2619 2428 2656 praecogitata

1372 2655 1506 2684 tanquam
1527 2646 1662 2676 salubrem
1686 2645 1848 2675 Placentam
1871 2646 1989 2682 praefato
2007 2647 2114 2678 Thomae
2134 2651 2280 2691 Overbury
2295 2655 2327 2684 ad
2341 2656 2428 2686 eden-

1371 2685 1441 2715 dum
1457 2685 1608 2721 praebuerit
1623 2685 1655 2715 &
1672 2683 1793 2719 dederit,
1807 2682 1886 2725 super
1903 2693 1962 2720 quo
1976 2686 2127 2722 praedietus
2141 2688 2256 2720 Thomas
2273 2694 2431 2734 Overbury,

1371 2722 1487 2753 credens
1508 2722 1653 2759 praedictas
1674 2720 1818 2752 Placentas
1837 2725 1891 2758 lie,
1910 2731 1941 2765 ut
1963 2724 2126 2763 praefertur,
2141 2736 2193 2763 per
2214 2729 2361 2765 praefatum
2377 2736 2428 2762 Ri-

1372 2762 1480 2791 cardum
1498 2760 1604 2799 Weston
1617 2769 1685 2790 cum
1704 2758 1825 2789 Veneno
1840 2759 1980 2795 praedicto
1989 2783 1999 2797 ,
2014 2771 2119 2794 vocato
2133 2768 2257 2803 Mercury
2268 2769 2428 2809 Sublimate,

1373 2801 1472 2830 mixtas
1495 2800 1597 2829 vitiatas
1618 2800 1650 2830 &
1673 2797 1788 2827 infectas
1811 2796 1872 2826 fore
1889 2798 2011 2839 ¹salubres
2032 2799 2191 2840 placentas,
2215 2806 2292 2836 idem
2311 2808 2427 2840 Thomas

1371 2837 1515 2872 Overbury
1536 2837 1647 2875 postea,
1664 2836 1783 2873 scilicet,
1806 2834 1944 2871 praedrito
1966 2837 2062 2868 decimo
2086 2843 2141 2870 Die
2154 2841 2249 2880 Julii,
2268 2845 2358 2876 Annis
2372 2859 2427 2878 un-

1370 2877 1485 2907 decimo
1508 2876 1540 2905 &
1562 2874 1770 2913 quadragesimo
1792 2873 1870 2903 seitto
1885 2874 2061 2914 supradietis,
2079 2879 2152 2916 apud
2167 2880 2286 2913 Turrim
2304 2884 2425 2917 London

1369 2914 1552 2955 praedichim,
1569 2915 1599 2944 in
1621 2912 1759 2944 Parochia
1771 2909 1804 2941 ὅ(
1824 2910 1930 2942 Warda
1945 2914 2099 2954 praedietis,
2121 2917 2265 2950 Placentas
2278 2923 2427 2959 praedietas

1371 2954 1425 2990 fic,
1444 2961 1474 2983 ut
1494 2951 1656 2990 praefertur,
1677 2961 1724 2987 per
1748 2949 1895 2995 praefatum
1916 2953 2063 2983 Ricardum
2086 2955 2187 2995 Weston
2209 2967 2278 2989 cum
2303 2959 2424 2994 Veneno

1369 2991 1525 3028 praedicto,
1544 2998 1649 3020 vocato
1671 2992 1797 3026 Mercury
1816 2987 1980 3029 Sublzmate,
2000 2993 2098 3023 mixtas
2116 2995 2221 3026 vitiatas
2240 2998 2274 3028 ὃς
2290 2998 2423 3041 infectas,

1368 3029 1511 3067 sumpserit
1525 3029 1557 3059 ὃς
1575 3027 1750 3071 comederin

1404 3067 1540 3105 Cumque
1559 3067 1643 3096 etiam
1664 3066 1815 3103 praedictus
1832 3068 1963 3097 Ricardus
1986 3068 2108 3107 Weston,
2125 3071 2158 3101 ὃ(
2179 3072 2295 3109 quidam
2317 3075 2423 3108 Homo

1369 3107 1486 3143 ignotus
1508 3105 1625 3136 existens
1647 3104 1890 3143 pharmacopola,
1907 3106 2028 3144 Anglice
2049 3119 2088 3137 an
2110 3111 2301 3152 Apothecary,
2323 3114 2424 3146 Deum

1369 3154 1426 3181 prae
1440 3144 1560 3174 Occulis
1572 3144 1623 3173 suis
1636 3153 1694 3172 non
1712 3143 1862 3181 habentes,
1880 3144 1925 3175 sed
1939 3144 2121 3184 Instigatione
2137 3148 2289 3181 Diabolica
2303 3155 2374 3184 moti
2389 3157 2423 3186 δε

1369 3183 1494 3219 seducti,
1511 3181 1625 3219 postea,
1644 3181 1756 3218 scilicet,
1775 3191 1875 3220 quarto
1891 3183 1987 3212 decimo
2002 3187 2055 3213 Die
2070 3187 2238 3225 Septembris,
2258 3189 2347 3220 Anno
2361 3192 2422 3223 Re-

1368 3222 1417 3260 gni
1443 3220 1529 3250 nostri
1553 3220 1664 3258 Angliae
1686 3220 1813 3250 Franciae
1834 3223 1867 3252 &
1890 3221 2040 3252 Hiberniae
2066 3224 2237 3262 undecimo,
2262 3228 2295 3257 ὃ(
2314 3229 2422 3261 Scotiae

1367 3258 1453 3327 q⁰²ii¹
1455 3259 1526 3329 agg?
1529 3260 1651 3327 ‘araia‘
1654 3258 1826 3333 “31‘'ae’diclisd
1844 3259 2306 3337 {uffiffltfflissflpi’ssssffiissffl’
2323 3267 2352 3297 ³¹¹
2363 3269 2420 3338 ἒῖῗ·

1366 3308 1430 3367 {lossii
1442 3308 1622 3373 uilenenum,
1641 3343 1774 3377 vocatum
1794 3319 1920 3374 Mercur'y
1934 3334 2099 3379 sublimate,
2118 3339 2147 3368 in
2165 3310 2271 3371 Mffnus
2285 3315 2416 3376 (2υὲυοῦ-

1365 3377 1508 3406 tinuetunt
1532 3374 1565 3404 &
1579 3374 1800 3411 acquiliverunt,
1818 3383 1851 3403 ac
1868 3374 2017 3410 praedictus
2030 3377 2163 3405 Ricardus
2178 3378 2284 3417 lVeston
2297 3382 2330 3412 ὅ(
2347 3392 2417 3420 prae-

1365 3414 1435 3444 fatus
1456 3411 1667 3450 pharmacopola
1689 3411 1723 3442 ad
1740 3421 1825 3449 tunc,
1844 3411 1966 3451 scilicet,
1985 3414 2121 3456 praedicto
2137 3424 2237 3456 quarto
2250 3418 2349 3449 decimo
2363 3425 2418 3452 Die

1364 3451 1539 3491 Septembris,
1559 3451 1578 3470 *⁵
1597 3450 1689 3481 Annis
1705 3450 1859 3481 undecimo
1874 3451 1907 3481 ὃς
1923 3451 2133 3490 quadragelirno
2149 3454 2268 3491 septimo
2284 3457 2311 3488 su
2335 3469 2362 3489 ra
2374 3461 2417 3491 di-

2086 851 2119 882 &
2138 852 2285 888 praedidus
2306 854 2437 884 Ricardus

1364 3491 1432 3527 etis,
1448 3489 1565 3520 scientes
1581 3487 1749 3526 praedictum
1772 3487 1923 3519 Venenum
1934 3512 1942 3525 ,
1960 3498 2096 3520 vocatum
2112 3494 2239 3532 Mercury
2251 3496 2304 3524 Sub
2316 3500 2416 3536 anate,
2434 3492 2452 3511 ⁸⁸
2465 3495 2551 3523 XVII

1363 3529 1467 3559 ultimo
1491 3529 1700 3558 mentionatum
1715 3550 1725 3562 ,
1751 3525 1814 3555 fore
1847 3527 1964 3557 mortale
1987 3526 2158 3568 Venenum,
2183 3530 2259 3562 idem
2285 3536 2416 3566 Ricardm
2431 3532 2496 3561 628,

1365 3566 1470 3606 Wston
1486 3567 1520 3598 ὃς
1535 3565 1665 3603 praefatus
1680 3564 1889 3602 Pharmacopola
1902 3564 1996 3608 postea
2007 3588 2016 3602 ,
2032 3567 2135 3598 scilicet
2150 3571 2287 3606 praedieto
2300 3583 2416 3612 quarto-

1362 3606 1459 3635 decimo
1480 3607 1533 3634 Dio
1549 3602 1721 3640 Septembris,
1741 3602 1832 3632 Annis
1854 3604 2052 3634 undecimo&
2067 3606 2277 3646 quadragelimo
2291 3612 2317 3641 ie
2338 3614 2412 3644 timo

1361 3643 1537 3680 supradietis,
1561 3641 1635 3677 apud
1659 3640 1779 3670 Turrim
1805 3641 1931 3671 London
1958 3642 2143 3682 praedietam,
2169 3648 2197 3675 in
2225 3646 2316 3679 Paroc
2338 3651 2362 3681 ia
2378 3653 2412 3683 &-

1363 3681 1474 3713 Warda
1490 3679 1646 3718 praedictis,
1664 3678 1815 3709 Venenum
1830 3679 2017 3718 praedictum,
2036 3690 2171 3713 vocatum
2185 3686 2312 3722 Mercury
2324 3690 2414 3720 Subli-

1362 3728 1434 3749 mate
1455 3718 1559 3749 ultimo
1583 3718 1790 3747 mentionatum
1818 3718 1844 3746 in
1867 3717 2013 3755 quoddam
2037 3718 2206 3752 Clisterium
2221 3745 2230 3760 ‚
2249 3725 2372 3764 Angue&
2392 3742 2411 3758 a

1361 3758 1478 3797 Glister,
1497 3756 1634 3787 malitiose
1654 3755 1792 3786 diabolice
1806 3755 1926 3786 felonic'e
1942 3757 1974 3787 ὃς
1987 3756 2141 3789 voluntarie
2156 3760 2359 3804 imposuerint,
2375 3768 2408 3799 &

1362 3796 1523 3826 Clisterium
1543 3794 1712 3833 praeditstum
1732 3803 1800 3823 cum
1827 3792 1948 3824 Veneno
1973 3795 2108 3837 predicto
2121 3820 2130 3835 ,
2153 3808 2258 3829 vocato
2280 3804 2409 3845 Mercury

1361 3834 1528 3870 Sublimate,
1542 3832 1645 3863 ultimo
1668 3833 1842 3862 mentionato
1856 3832 1889 3862 ad
1904 3841 1988 3868 tunc,
2007 3834 2127 3873 scilicet,
2145 3838 2340 3876 quartodecimo
2353 3846 2383 3872 D
2393 3856 2408 3873 ε

1361 3872 1534 3910 Septembris,
1555 3871 1642 3900 Annis
1662 3870 1818 3900 undecimo
1832 3870 1863 3900 sc
1881 3870 2088 3908 quadragesimo
2102 3874 2219 3911 septimo
2233 3876 2409 3920 supradietis,

1361 3911 1435 3949 apud
1456 3910 1575 3940 Turrim
1596 3909 1722 3938 London
1743 3908 1924 3951 predictam,
1945 3911 1974 3938 in
1989 3909 2126 3941 Parochia
2141 3914 2174 3944 ὃς
2189 3913 2295 3946 Waida
2308 3920 2407 3954 pfaedj-

1361 3951 1414 3980 ctis
1431 3972 1440 3985 ,
1462 3947 1623 3978 vitiaverint
1648 3947 1680 3976 ὃ(
1704 3947 1850 3976 iniecerint
1864 3969 1873 3983 ,
1895 3957 1927 3977 ea
1952 3946 2116 3979 Intentione
2142 3959 2171 3981 ut
2188 3951 2262 3983 idem
2282 3958 2410 3986 Ricardus

1366 3987 1470 4025 IMston
1492 3987 1524 4016 &
1546 3984 1676 4022 praefatus
1699 3984 1923 4023 Pharmacopola,
1950 3986 2094 4022 praefatum
2114 3987 2242 4020 Thamara
2263 3995 2408 4034 Overbury

1364 4036 1433 4056 cum
1450 4024 1571 4054 Veneno
1591 4023 1742 4062 praedisto,
1762 4031 1865 4053 vocato
1888 4026 2012 4062 Mercury
2030 4024 2193 4065 Sublimate,
2211 4029 2312 4060 ultimo
2326 4042 2407 4062 men.

1366 4072 1488 4100 tionato,
1507 4062 1544 4093 sic
1561 4071 1589 4093 ut
1601 4061 1742 4099 praefertur
1754 4084 1764 4099 ,
1781 4062 1809 4091 in
1823 4060 1986 4130 Limen-um
2003 4063 2179 4104 praedictum,
2198 4077 2247 4104 per
2263 4069 2409 4105 paefatam

2321 4109 2365 4136 Εἰ.
2373 4118 2420 4136 ur·-
