2557 4279
57 217 134 249 Ann.
149 214 192 246 D.

86 256 170 284 1602.

58 304 97 329 44
106 295 173 322 eliz..

57 336 115 368 Reg.

61 928 82 948 θ
96 928 177 959 XVI.

65 976 129 1004 4²7·

66 1090 195 1120 Biblon-

65 1138 118 1157 ton.
126 1129 199 1156 Cali-

73 2019 138 2049 nihl.
146 2022 205 2046 Cot·

73 2066 124 2086 ron.
135 2057 208 2086 Cali-

95 3643 162 3673 nihl.
169 3646 231 3671 Cot-

97 3691 149 3710 ton.
166 3680 228 3709 Gal-

97 3720 129 3747 ba
142 3725 175 3748 D.
189 3729 229 3755 13·

87 3758 140 3795 fel.
157 3768 220 3796 310.

203 144 256 182 24

207 226 256 255 per
270 215 380 246 distum
393 215 516 244 Fratrem
532 209 663 242 nostrum
678 209 835 248 affignatis,
853 207 888 238 de
905 206 1007 238 Modis
1019 206 1052 238 &
1068 204 1175 236 Mediis
1194 212 1268 247 con-

207 256 385 286 venientibus
411 254 447 284 ὃς
464 250 630 288 oportunis,
656 247 904 317 quibusdustida,
930 245 1057 277 Subditis
1075 243 1147 275 dicti
1169 242 1269 273 Fratris

206 295 295 325 nostri
309 291 566 330 conquerentibus,
582 287 630 319 fiat
646 288 680 319 &
694 288 765 318 mini
793 294 885 323 retur3

244 333 289 363 Ac
311 332 395 361 etiam
417 328 450 359 ad
473 325 697 359 contrahendum
714 323 951 357 conveniendum
965 323 999 354 &
1015 319 1268 356 concludendum,

204 370 362 402 secundum
382 367 473 399 vestra
495 366 556 397 sana
573 365 702 405 judicia,
716 363 754 395 de
776 362 877 394 Modis
897 363 931 394 ὃς
956 360 1063 392 Mediis
1079 360 1180 407 quibus
1194 358 1269 388 libe-

204 421 270 441 rum
291 406 513 438 Commercium
539 405 572 435 &
597 404 773 434 Mercaturae
795 401 963 433 exercitium
987 402 1058 430 inter
1084 398 1220 429 subditos
1236 406 1270 426 u-

206 448 328 485 triusque
351 444 447 483 Regni
466 443 561 474 secure
582 442 740 480 habeatu13
765 442 799 473 &
819 439 923 478 spoliis
946 439 980 469 &
1002 434 1270 476 Depraedationibus

207 487 338 556 ?bvietur
348 495 359 522 ·‚
369 483 403 514 ὅ(
420 481 478 513 Pax
494 482 527 512 δε
541 481 743 520 Tranquillitas
755 480 828 511 inter
842 478 908 509 Nos
922 477 956 508 &
970 476 1067 508 nostra
1080 475 1183 514 Regna
1196 482 1270 504 con-

219 531 346 556 ervetur:

248 561 381 593 Necnon
401 559 436 590 ad
454 558 664 597 expediendum
688 557 777 589 Actus
797 554 972 586 Contractus
997 551 1218 584 conventiones
1232 548 1272 592 ¹&

206 599 354 633 'Articulos
377 597 574 636 quoscumque
585 620 594 636 ‚
612 606 684 635 quos
704 596 787 627 vobis
809 594 927 624 idoneos
950 599 1126 629 opportunos
1142 590 1175 621 &
1188 597 1272 619 ratio-

209 640 240 670 ni
261 637 464 668 consentaneos
485 637 542 667 esse
560 635 751 675 judicabitur,
776 643 810 663 ac
830 632 865 662 ad
888 632 987 662 omnia
1006 630 1039 660 &
1060 627 1164 672 singula
1186 635 1274 666 gene-

209 678 301 707 raliter
327 677 359 708 in
389 675 564 713 Praemiffis‚
595 675 629 705 &
653 671 881 704 Circumstantiis
905 679 938 699 ac
966 666 1205 704 Dependenubus
1236 663 1273 694 ab

209 715 313 746 eisdem
329 738 339 753 ‚
365 714 491 745 facienda
510 714 544 745 &
564 711 735 751 expedienda
751 735 761 748 ‚
782 710 823 740 uti
845 708 913 738 Nos
934 707 1090 737 faceremus
1115 704 1133 734 fi
1156 703 1275 746 praesen-

210 763 252 785 tes
271 752 484 792 interessemus,
502 753 610 784 etiamsi
630 750 805 782 Mandatum
824 746 859 777 ad
875 746 934 777 hoc
947 745 1034 783 magis
1048 742 1166 782 speciale
1180 751 1275 780 requi-

212 800 284 824 rant.

499 916 523 939 ’θ
546 920 661 964 Regina
684 912 728 948 ad
749 915 859 958 Regem
877 912 988 944 Scotiae.

252 1010 305 1050 '1⁸11
319 1011 395 1041 verie
406 1007 476 1047 good
487 1005 623 1043 Brother,

216 1086 389 1156 THouffih
407 1082 539 1128 matter-1
558 1082 630 1112 have
647 1080 720 1118 long
738 1087 770 1111 to
787 1079 922 1125 lengthen
941 1087 989 1118 my
1007 1077 1107 1109 Letter
1120 1098 1131 1114 ,
1154 1082 1199 1120 yet
1215 1083 1276 1115 you

298 1135 347 1156 mu
388 1125 468 1155 beare
485 1121 557 1154 with
573 1121 647 1151 fewe
664 1119 758 1159 Lynes
771 1142 782 1158 ‚
810 1118 910 1149 driven
928 1118 1024 1148 therto
1040 1116 1078 1156 by
1094 1124 1128 1145 an
1145 1113 1211 1146 evill
1229 1122 1278 1144 ac-

168 1190 173 1194 .
196 1189 202 1195 .
219 1163 317 1195 cident
334 1164 372 1194 of
385 1172 433 1202 my
453 1161 561 1197 Arme,
581 1159 634 1188 and
652 1167 700 1198 yet
716 1167 765 1197 my
784 1156 934 1188 Memor-ie
954 1155 1023 1187 shall
1038 1163 1125 1186 never
1142 1154 1180 1184 be
1199 1151 1278 1183 short

192 1227 198 1233 .
219 1212 252 1234 to
274 1203 361 1240 keape
386 1202 416 1231 in
442 1198 546 1237 mynde
572 1207 643 1238 your
669 1195 751 1234 ready
774 1195 913 1236 kyndness
928 1219 938 1232 ‚
963 1193 1061 1226 which
1079 1192 1127 1223 the
1140 1189 1226 1222 Offer
1243 1189 1281 1221 of

217 1239 583 1317 {ffifssse‘zbffiitsiisslffiss
601 1236 761 1314 §Yff‘is‘effi
772 1233 881 1304 ¹333&
897 1228 1278 1313 tli'egssssssiivli‘slrssssfflss

217 1328 288 1358 gave
307 1327 353 1348 me
369 1316 404 1347 of
417 1325 432 1345 a
448 1314 584 1353 supposed
604 1314 694 1352 Army
712 1312 791 1342 from
809 1314 897 1351 spayn
916 1311 962 1341 for
978 1307 1125 1347 England,
1149 1307 1247 1339 which
1264 1304 1279 1336 Ι

219 1357 342 1394 nothing
368 1354 427 1384 fear
447 1353 518 1385 thou
537 1352 557 1382 h
581 1352 646 1389 they
668 1360 772 1389 came,
798 1360 826 1381 as
851 1349 974 1386 nothing
996 1348 1138 1384 doubting
1152 1347 1203 1376 but
1219 1346 1280 1376 that

219 1395 289 1425 their
304 1392 395 1433 Speed
410 1391 511 1424 should
546 1401 562 1422 e
575 1402 603 1422 as
618 1389 764 1421 {hamefull
779 1388 901 1420 rothem
916 1397 945 1418 as
964 1386 1010 1418 the
1031 1385 1191 1417 Precedent
1209 1383 1280 1414 hath

220 1434 311 1470 been3
327 1440 373 1471 yet
391 1440 442 1470 my
457 1430 580 1461 Thanks
594 1430 639 1460 for
660 1438 732 1467 your
753 1427 845 1465 Care,
863 1427 992 1465 together
1015 1423 1084 1456 with
1106 1433 1179 1463 your
1199 1421 1279 1460 good

220 1471 367 1502 Councell
391 1474 455 1507 (not
475 1477 506 1499 to
523 1469 632 1508 neglec‘t
647 1466 715 1498 such
729 1476 745 1496 a
758 1465 871 1501 malice)
887 1463 1014 1504 byndeth
1028 1471 1075 1492 me
1089 1470 1123 1492 to
1134 1469 1281 1493 conceave

220 1511 279 1540 that
295 1519 352 1548 you
366 1507 463 1540 would
477 1508 515 1538 be
528 1507 605 1538 loath
621 1507 680 1537 that
701 1514 755 1544 any
774 1503 897 1534 Disaster
918 1500 1019 1533 should
1044 1501 1132 1530 arrive
1156 1508 1188 1530 to
1211 1499 1281 1535 her,

220 1549 281 1579 that
297 1556 343 1587 yet
359 1546 444 1584 (God
459 1547 496 1577 be
510 1546 636 1585 praysed)
651 1554 738 1575 never
751 1541 837 1573 tasted
853 1541 890 1572 of
898 1550 968 1580 any,
985 1538 1055 1571 And
1071 1538 1133 1570 thus
1149 1537 1163 1569 1
1176 1537 1234 1569 end
1250 1545 1283 1569 to

221 1586 336 1619 trouble
349 1595 407 1627 you
421 1585 538 1626 longer,
556 1586 628 1618 with
644 1594 660 1616 a
673 1581 753 1613 mind
766 1589 799 1612 to
813 1580 903 1619 byde,

767 1739 833 1767 Your
848 1733 1006 1775 affi‘d'lionat
1022 1730 1119 1772 Sister,

855 1811 1113 1843 Emzanarn
1139 1808 1181 1839 R.

680 112 1959 174 CONVENTIONEsgLITERAE,

1356 200 1576 236 promittentes,
1590 200 1620 229 in
1636 199 1708 230 Fide
1722 200 1755 231 &
1771 198 1873 230 Verbo
1887 198 2003 238 Regio,
2021 196 2091 228 Nos
2106 201 2218 234 gratum
2242 196 2275 227 &
2289 203 2383 228 ratum

1316 240 1458 271 habituras
1475 246 1571 269 totum
1585 239 1619 269 δε
1631 237 1770 282 quicquid
1783 239 1799 268 a
1813 237 1897 269 vobis
1908 238 1939 268 in
1959 237 2014 267 hac
2036 244 2113 274 parte
2135 234 2232 266 austum
2253 244 2383 266 conven-

1317 286 1381 310 tum
1402 278 1435 309 &
1460 275 1628 307 conclusum
1652 276 1756 314 fuerit3
1772 285 1806 306 ac
1827 276 1940 306 ulterius
1953 274 2132 306 ratificaturas
2145 273 2178 303 &
2199 272 2386 304 confirmatu·

1317 327 1361 348 ras
1383 325 1428 347 eas
1450 324 1553 345 omnes
1575 313 1679 345 vestras
1699 313 1910 344 Conclusrones
1929 316 1964 346 &
1987 312 2205 344 Conventiones
2230 321 2385 350 earumque

1319 351 1555 386 circumstantias
1571 353 1605 384 &
1621 351 1839 390 Dependenria,
1852 352 2104 396 'quandocumque
2124 349 2159 381 ad
2174 350 2203 380 id
2217 351 2325 382 erimus
2341 360 2386 381 re-

1320 392 1450 432 quisitae,
1473 391 1576 436 absque
1603 390 1657 420 ulla
1678 398 1918 421 contravennone
1939 390 2048 421 direffle
2071 389 2117 421 vel
2142 388 2301 420 indirecte:
2331 399 2386 427 pro

1319 439 1445 469 quorum
1468 438 1601 460 omnium
1621 427 1802 467 expeditione
1821 427 1970 465 dedimus,
1985 429 2018 460 ὃ(
2045 438 2093 466 per
2113 426 2267 458 Praesentes
2285 427 2387 458 damus

1321 469 1401 500 vobis
1424 467 1539 506 plenam
1558 466 1735 499 Potestatem
1759 466 1969 499 Auitoritatem
1987 465 2232 497 Commiffionem
2247 467 2282 498 &
2299 466 2387 499 Man-

1320 508 1419 539 datum
1430 506 1554 544 speciale.

1320 581 1450 654 nuffifiste
1463 582 1576 623 Regina
1586 581 1661 622 apud
1675 581 1952 624 Wstmonasterium‚
1970 581 2108 614 vicesimo
2123 580 2245 620 septimo
2261 581 2320 614 Die
2336 581 2385 620 Ja-

1798 699 1852 728 Per
1869 700 1962 729 Breve
1977 697 2010 728 de
2026 698 2146 744 Privato
2159 696 2259 736 Sigillo.

1504 905 1613 937 Lettre
1637 900 1678 937 de
1703 901 1729 936 la
1754 899 1857 937 Reine
1879 911 1919 935 au
1941 899 2011 937 Roi
2035 897 2198 935 d'Ecoffe.

1361 988 1442 1022 Mon
1456 989 1512 1020 tres
1527 987 1594 1019 cher
1610 987 1710 1026 Frere,

1324 1065 1491 1135 QUoique
1511 1064 1580 1105 j'aye
1598 1063 1675 1104 fiajet
1695 1064 1729 1094 de
1749 1074 1819 1095 vous
1843 1065 1925 1094 ferire
1936 1075 1990 1094 une
2003 1063 2098 1102 langue
2112 1062 2212 1099 lettre,
2227 1073 2296 1094 vous
2316 1073 2387 1095 vous

1408 1111 1586 1135 contenterez
1599 1105 1761 1134 neanmoins
1773 1104 1805 1133 de
1820 1114 1847 1133 ce
1877 1113 1909 1132 eu
1920 1102 1953 1132 de
1972 1101 2073 1141 ligner,
2093 1103 2172 1132 e'tant
2180 1100 2272 1141 force‘e
2293 1102 2312 1132 ἀ
2327 1103 2386 1133 cela

1318 1150 1375 1181 par
1389 1155 1427 1174 un
1442 1141 1570 1183 fdcheux
1587 1142 1709 1172 accident
1723 1145 1771 1183 qui
1788 1142 1837 1171 m'e
1871 1140 1998 1180 fizrvenu
2013 1153 2050 1172 au
2071 1141 2152 1177 bras,
2173 1142 2214 1170 Et
2236 1141 2389 1180 cependant

1324 1188 1407 1212 votre
1423 1187 1528 1220 promte
1544 1178 1672 1218 affefflon
1681 1203 1691 1218 ‚
1706 1191 1756 1220 que
1780 1190 1850 1210 vous
1862 1180 1975 1210 m'avez
1988 1179 2053 1218 fait
2076 1182 2214 1209 connoitre
2229 1190 2263 1208 en
2279 1180 2388 1217 offranc

1325 1230 1376 1250 vos
1400 1223 1491 1258 Sujets
1511 1218 1530 1248 ιὶ
1551 1229 1613 1249 mon
1619 1217 1747 1257 service,
1762 1218 1936 1256 n‘echappera
1946 1222 2053 1255 Jamais
2070 1219 2102 1247 de
2114 1228 2159 1247 ma
2175 1221 2310 1255 memorre,
2331 1229 2388 1250 non

1320 1258 1383 1298 plus
1396 1269 1447 1299 que
1465 1268 1515 1288 voc
1523 1255 1600 1295 seim
1615 1256 1653 1291 ὠ
1671 1257 1701 1286 la
1714 1256 1841 1293 diligente
1855 1267 1905 1295 que
1919 1266 1988 1286 vous
2006 1267 2084 1286 avez
2102 1254 2227 1295 employe‘s
2249 1266 2284 1285 en
2309 1256 2366 1286 cela
2376 1281 2387 1294 ‚

1325 1300 1356 1327 ni
1371 1295 1394 1325 le
1411 1297 1462 1326 bon
1475 1298 1540 1325 avis
1572 1306 1603 1324 ue
1618 1305 1687 1325 vous
1701 1294 1815 1325 rn'avez
1828 1294 1923 1324 donne
1932 1295 2014 1324 d'une
2029 1295 2134 1324 Arme‘e
2147 1296 2228 1334 qu'on
2241 1306 2260 1323 a
2264 1293 2391 1334 steppose'e

1327 1335 1426 1365 devoir
1443 1337 1526 1365 venir
1567 1333 1694 1372 Espagne
1706 1344 1741 1363 en
1762 1332 1944 1372 Angleterre,
1962 1343 2013 1374 que
2022 1332 2052 1370 je
2070 1344 2103 1363 ne
2118 1336 2208 1363 crains
2221 1332 2392 1372 nullement,

1328 1373 1427 1414 quand
1448 1372 1530 1402 metue
1552 1371 1601 1402 elle
1627 1372 1782 1409 viendroit‚
1800 1380 1901 1401 comme*
1919 1382 1954 1401 ne
1981 1371 2103 1402 doutant
2123 1383 2158 1401 en
2181 1382 2284 1401 aucune
2297 1370 2392 1413 fafon

1328 1423 1378 1453 que
1391 1410 1449 1441 leur
1464 1410 1610 1450 entreprise'*
1626 1410 1702 1441 n’ebt
1716 1423 1754 1441 un
1760 1408 1851 1449 st'dcces
1863 1409 1934 1449 ausfi
1944 1408 2069 1440 honteux
2093 1422 2143 1450 que
2162 1408 2191 1440 la
2210 1411 2391 1449 precedente,-

1330 1451 1491 1480 neanmoins
1504 1460 1572 1480 vous
1588 1449 1709 1480 rendunt
1721 1459 1812 1486 graces
1825 1449 1858 1478 de
1873 1446 2024 1487 votresbin
2040 1448 2078 1484 ὠ·
2094 1448 2131 1479 du
2145 1448 2198 1479 bon
2220 1447 2322 1489 eonftil
2340 1460 2392 1489 que

1332 1499 1399 1519 vous
1421 1499 1462 1518 me
1484 1488 1610 1527 dannez,
1628 1489 1661 1518 de
1685 1498 1719 1518 ne
1727 1495 1779 1526 pas
1791 1486 1907 1525 nlgliger
1922 1486 1952 1516 la
1972 1486 2114 1526 mauvasst
2129 1490 2287 1525 intention,
2304 1498 2332 1518 ce
2344 1491 2395 1527 qui

1329 1538 1369 1556 me
1376 1525 1441 1572 far}
1458 1531 1597 1558 concevoir
1611 1537 1661 1564 que
1681 1537 1749 1557 vous
1774 1529 1849 1555 eriez
1863 1523 1957 1564 fdche'
1970 1525 2039 1565 qu’il
2055 1525 2172 1555 arriva't
2191 1526 2302 1566 quelque
2323 1525 2396 1555 mal-

1330 1565 1397 1596 hear
1411 1577 1429 1595 a
1446 1565 1509 1596 celle
1522 1569 1569 1606 qui
1574 1564 1689 1606 jufiqu’a‘
1697 1566 1751 1603 pre‘
1759 1572 1825 1602 ent,
1844 1567 1916 1595 Dieu
1931 1561 1987 1603 fhit
2010 1564 2086 1603 loue‘,
2105 1564 2168 1594 n'en
2190 1576 2209 1594 a
2224 1566 2395 1602 experimen-

1325 1605 1522 1682 f'azgm'de
1529 1603 1600 1644 finis
1609 1612 1679 1644 pour
1696 1615 1730 1635 ne
1736 1611 1790 1643 pas
1806 1612 1875 1634 vous
1891 1613 2010 1644 ennuyer
2015 1602 2079 1642 plus
2093 1601 2225 1641 longtems
2234 1614 2322 1642 ,avec
2337 1604 2396 1633 des-

1345 1654 1388 1674 em
1451 1653 1479 1682 re
1502 1653 1542 1681 er,

1817 1717 1912 1756 Votre
1926 1717 2118 1751 affeClionnee
2131 1719 2235 1759 Soeur,

1968 1797 2223 1828 EmzAnm-ri
2249 1795 2293 1829 R:

354 1941 422 1974 Rex
446 1941 545 1972 Scotiae
568 1936 612 1971 ad
634 1940 798 1985 Reginam,
822 1939 929 1970 Literae
951 1934 988 1968 de
1014 1931 1187 1969 credentia.

229 2025 354 2095 Rlffiht
375 2024 457 2064 High
480 2023 573 2064 Right
595 2021 754 2067 Excellent.
769 2022 824 2053 and
838 2021 939 2074 ‘Right-
955 2019 1074 2058 Mighry
1090 2017 1217 2048 Princess
1232 2027 1286 2047 our

326 2063 413 2094 earest
433 2062 528 2101 Syster
539 2062 594 2094 and
607 2061 731 2101 Cousm,
748 2072 777 2092 in
789 2070 840 2092 our
855 2058 983 2091 hearnest
999 2067 1115 2089 manner
1128 2057 1192 2088 We
1203 2065 1286 2087 com—

183 2118 189 2123 ·
226 2103 314 2134 mend
332 2102 380 2133 Us
393 2111 426 2133 to
442 2111 521 2141 yow.

261 2142 326 2172 Our
337 2140 445 2186 earnest
460 2139 626 2184 Affee‘tion,
647 2139 779 2178 carefully
793 2146 825 2169 to
838 2138 986 2169 continew
1001 2134 1058 2166 that
1074 2133 1184 2173 perfeci:
1200 2133 1285 2163 Ami-

223 2178 586 2249 {zui-{lefffffsl'sssez'sra‘t
598 2172 1194 2255 ἓξὲξΕὲἷὲῗὲῖιῗὶἷεξῗῗὲἱιῗὲἶὲὲῆιῗὲῗῇ
1212 2172 1286 2241 ἓξὲξ

221 2257 346 2301 hatched
358 2256 412 2288 and
427 2255 553 2286 fostered
567 2257 604 2293 by
622 2254 692 2285 unfit
707 2254 914 2291 Instruments,
930 2250 1082 2291 employed
1100 2250 1137 2290 by
1151 2249 1241 2281 elther
1254 2249 1292 2279 of

223 2295 273 2327 Us
287 2305 316 2326 m
334 2296 383 2326 the
398 2294 539 2334 Treating
554 2294 592 2325 of
601 2303 655 2324 our
671 2291 782 2327 Affairs.

262 2372 322 2404 For
346 2372 471 2404 remedie
494 2370 630 2403 whereof
642 2394 652 2408 ,
675 2370 736 2401 We
761 2369 834 2400 have
855 2367 940 2400 made
966 2367 1062 2399 choise
1083 2374 1116 2398 to
1133 2364 1199 2396 send
1216 2372 1288 2396 unto

222 2421 280 2452 you
330 2411 376 2442 for
405 2410 606 2442 Ambaffadors
623 2432 632 2447 ‚
658 2419 712 2439 our
738 2407 835 2439 trustie
853 2407 961 2438 Coufin
979 2406 1034 2437 and
1054 2404 1224 2436 Counsellor
1241 2403 1289 2435 the

225 2453 288 2481 Ear
325 2448 360 2489 of
379 2452 460 2480 Marr
487 2458 502 2478 a
527 2447 698 2478 Nobleman
722 2445 812 2477 sound
828 2445 882 2475 and
901 2445 1013 2476 zealous
1031 2446 1061 2474 in
1080 2443 1214 2482 Religion
1231 2442 1286 2472 and

223 2489 262 2519 of
284 2489 386 2518 knoun
410 2485 560 2518 Affection
584 2494 615 2516 to
641 2485 689 2515 the
715 2484 926 2514 Maiotainance
952 2482 989 2512 of
1010 2483 1058 2512 the
1074 2482 1167 2520 happy
1187 2481 1288 2519 Amity

228 2527 349 2557 betwixt
372 2535 427 2568 our¹
449 2523 565 2555 Crouns
580 2546 589 2561 ,
617 2523 671 2552 and
694 2522 764 2552 with
780 2522 842 2551 him
862 2522 911 2552 the
926 2520 1022 2550 Abbot
1041 2518 1076 2558 of
1088 2517 1211 2586 Kynlaege
1230 2528 1288 2547 one

227 2564 265 2595 of
278 2574 332 2595 our
350 2563 445 2594 Privie
463 2561 617 2598 Counsell,
641 2560 737 2591 whose
756 2559 836 2599 good
856 2558 1031 2595 Dispofition
1048 2565 1080 2587 to
1098 2557 1146 2587 the
1195 2555 1292 2585 onser—

229 2604 329 2634 vation
346 2601 383 2632 of
394 2601 443 2632 the
458 2600 592 2631 aforesaid
611 2598 710 2637 Amity
726 2598 748 2627 is
765 2606 817 2627 not
834 2596 972 2626 unknoun
991 2605 1022 2625 to
1039 2604 1111 2635 your
1127 2594 1193 2632 sels,
1210 2593 1292 2624 That

227 2641 268 2682 by
285 2641 356 2673 their
376 2639 509 2677 Ministry
528 2638 583 2669 and
602 2636 796 2674 Negotiation
815 2635 882 2666 such
900 2635 976 2674 good
1001 2632 1140 2665 Grounds
1166 2641 1229 2671 may
1253 2631 1291 2662 be

228 2680 285 2711 laid
303 2679 408 2717 down,
425 2688 453 2708 as
472 2687 536 2716 may
555 2675 690 2708 hereafrer
705 2674 735 2705 so
753 2673 914 2712 strenghten
926 2673 981 2704 and
997 2673 1165 2703 corroborat
1181 2671 1230 2701 the
1241 2680 1292 2700 en-

230 2719 284 2750 tire
302 2717 358 2748 and
377 2716 453 2746 most
466 2715 574 2746 assured
586 2713 677 2745 Trust
692 2713 802 2743 betuixt
816 2712 882 2750 Us,
896 2722 923 2742 as
941 2711 1010 2751 busy
1022 2711 1137 2749 Spirits‚
1155 2708 1292 2739 Enemies

229 2765 264 2826 {o
280 2757 328 2801 the
346 2754 461 2793 Repose
476 2753 512 2784 of
528 2753 600 2785 both
618 2763 671 2783 our
690 2751 801 2790 Estats,
826 2760 891 2791 may
910 2751 984 2782 have
1003 2759 1044 2780 no
1063 2748 1164 2779 Credit
1181 2756 1214 2778 to
1230 2746 1292 2778 sha-

251 2807 266 2827 e
285 2805 314 2825 in
334 2804 367 2825 an
428 2803 446 2823 ο
465 2800 505 2822 nt.

267 2803 545 2870 Thus‚ye¹›³rp)e&ing
561 2839 633 2870 your
652 2828 721 2859 kind
742 2828 932 2866 Acceptation
949 2827 987 2858 of
1000 2826 1099 2863 them,
1125 2824 1195 2856 with
1217 2822 1292 2854 Cre-

232 2873 275 2904 dit
294 2874 323 2902 in
339 2870 407 2902 such
426 2878 558 2906 matters,
584 2878 612 2898 as
630 2868 696 2908 they
714 2876 800 2898 come
819 2868 895 2896 from
912 2865 980 2903 Us,
997 2874 1070 2895 even
1086 2873 1114 2894 as
1132 2862 1271 2893 ourselves
1283 2885 1293 2898 ‚

231 2910 317 2948 Right
329 2908 408 2946 High
420 2907 504 2945 Right
521 2906 666 2937 Excellent
684 2906 743 2935 and
755 2904 840 2942 Right
856 2903 966 2943 Mighty
978 2901 1098 2940 Princel}
1115 2911 1177 2932 oure
1189 2900 1294 2941 deanst

230 2949 313 2991 sister
327 2948 386 2979 and
397 2947 508 2989 Coufin,
525 2945 588 2976 We
603 2945 652 2976 bid
667 2954 724 2985 you
740 2943 815 2983 right
834 2943 948 2974 hartelie
963 2941 1094 2974 farewell.

273 3062 314 3096 At
330 3060 542 3103 Holyrud-houft
557 3061 606 3092 the
624 3060 670 3091 18.
685 3059 722 3091 of
735 3059 875 3099 February
895 3059 981 3089 1601.

691 3139 757 3166 Your
769 3135 832 3175 most
846 3134 939 3172 leving
953 3134 1013 3164 and
1023 3133 1182 3173 affed'lionat

856 3211 976 3242 Brother
988 3210 1047 3241 and
1057 3208 1166 3250 Ccufin,

928 3287 946 3327 J
960 3297 979 3317 A
990 3296 1017 3318 M
1029 3296 1047 3317 i:
1058 3295 1070 3316 ς
1095 3285 1137 3316 R.

436 3424 515 3457 Dux
538 3420 648 3464 Brunsl
673 3423 709 3457 (ῥ’
735 3415 852 3453 Luneb.
877 3416 921 3449 ad
942 3419 1098 3462 Reginam.

280 3516 389 3557 Inclyta
414 3515 578 3556 Sereniffima
599 3512 833 3555 Potentifflmaque
855 3514 958 3550 Regina
982 3514 1103 3543 Domina
1129 3508 1301 3549 Clementiffi-

243 3557 304 3593 bna,

251 3629 415 3693 CUM,
434 3632 518 3660 Anno
536 3630 700 3670 nonagesimo
712 3629 840 3669 septimo,
859 3627 1014 3664 Ediehxm,
1038 3634 1070 3657 ut
1092 3635 1152 3656 non
1170 3627 1300 3665 ignotum

335 3680 370 3699 ve
409 3679 432 3698 κε
457 3669 617 3737 Μῗὲβαιὶ,
635 3672 651 3699 a
673 3669 795 3709 Caesarea
816 3666 965 3706 Majestate
988 3665 1120 3695 Domino
1145 3674 1212 3694 meo
1231 3663 1300 3693 Cle-

249 3708 339 3738 menti
363 3716 440 3743 1m0‚
458 3716 486 3735 m
537 3716 674 3738 creatores
692 3708 957 3742 Adventuratorios‚
976 3703 1152 3741 Monopolia
1169 3712 1303 3733 exercen-

247 3754 306 3784 τες,
332 3744 540 3782 promulgatum
562 3746 645 3784 esset,
671 3747 704 3776 &
725 3756 778 3783 pro
800 3745 870 3775 illius
891 3743 1060 3780 diligentiori
1080 3741 1228 3779 indagine,
1249 3750 1299 3778 per

249 3782 636 3826 ocularemjnspectionem,
655 3792 686 3814 ut
703 3785 754 3814 alia
772 3783 956 3821 inquisitionis
979 3781 1070 3811 media
1089 3780 1161 3817 prius
1181 3779 1304 3809 instituta

249 3821 411 3864 exequendi
424 3821 527 3864 gratia,
545 3821 707 3852 Generosus
720 3823 752 3853 &
770 3822 887 3851 Nobilis
900 3820 952 3850 Vir
966 3817 1118 3858 Erenftied
1125 3817 1143 3847 ἃ
1159 3820 1304 3857 Minquitz

250 3860 399 3901 Dominus
422 3869 452 3888 m
478 3858 697 3897 Minquiliburgs
718 3862 750 3891 ὃς
775 3860 912 3896 Drenan,
936 3860 951 3888 a
974 3859 1100 3897 Caesarea
1124 3859 1302 3894 Imperatoria

250 3897 400 3936 Majestate
414 3896 556 3942 ablegatus
571 3899 744 3936 Hamburg0,
761 3899 811 3928 ubi
834 3907 883 3936 per
907 3897 1013 3934 aliquot
1031 3896 1090 3926 dies
1110 3903 1304 3925 commoratus

249 3944 322 3972 erat,
343 3936 431 3965 Nom:
452 3935 592 3977 Fekruarii
611 3937 639 3965 in
661 3936 814 3967 Civitatem
836 3936 991 3972 Stadensem
1013 3933 1186 3970 advenisset,
1205 3934 1237 3965 ὃς
1253 3942 1301 3963 me

246 3974 365 4006 Senatus
385 3972 522 4004 stadenns
541 3973 598 4005 hoc
619 3974 720 4006 detulit
739 3976 773 4005 &
790 3973 894 4005 fiducia
913 3973 978 4012 illa,
996 3973 1077 4012 quod
1094 3971 1128 4004 ad
1143 3971 1303 4011 propellen-

1424 1933 1536 1966 Lettre
1561 1929 1602 1966 de
1626 1941 1751 1966 creance
1776 1928 1823 1964 du
1845 1927 1914 1964 Roi
1938 1927 2093 1965 d'Ecosse
2115 1930 2132 1964 a
2158 1929 2184 1965 la
2207 1931 2323 1967 Reine.
2394 1918 2400 1927 ⁴

1395 2016 1448 2047 Res
1462 2018 1576 2055 Haute,
1590 2016 1648 2047 tres
1667 2015 1830 2048 Excellente
1849 2014 1888 2051 &
1909 2014 1968 2045 tres
1987 2014 2127 2054 Pufflnte
2143 2016 2291 2057 Princeffi,
2308 2019 2402 2049 Notre

1415 2056 1471 2086 tres
1493 2054 1568 2085 chere
1587 2059 1662 2085 Soeur
1681 2055 1720 2090 &
1738 2054 1866 2094 Coufine,
1883 2063 1948 2085 nous
1966 2063 2033 2084 nous
2043 2056 2264 2087 recommandons
2287 2057 2307 2087 ὰ
2330 2068 2399 2089 vous

1335 2096 1368 2125 de
1386 2093 1415 2124 Ia
1428 2095 1548 2124 muniere
1560 2093 1590 2124 la
1602 2093 1666 2133 plus
1678 2093 1803 2124 cordiale.

1370 2134 1462 2163 Notre
1477 2131 1606 2172 affidlion
1617 2132 1722 2174 fince‘re
1734 2131 1752 2163 ἃ
1765 2134 1918 2162 entretem'r
1933 2141 2003 2161 avec
2000 2128 2076 2197 hfiin
2091 2138 2160 2162 cette
2178 2132 2306 2172 parfaite
2329 2138 2401 2167 ami.

1334 2172 1377 2202 tie‘
1391 2182 1426 2202 en
1445 2170 1562 2212 laquelle
1583 2171 1688 2212 confifie
1710 2170 1737 2200 le
1754 2168 1816 2209 plus
1832 2169 1927 2207 grand
1947 2170 1997 2199 hon
2021 2179 2066 2198 eur
2088 2170 2121 2200 de
2137 2181 2184 2200 nos
2202 2172 2273 2202 deux
2291 2175 2377 2203 Etats

1332 2220 1398 2240 nous
1418 2221 1436 2240 a
1447 2208 1511 2249 fait
1526 2210 1640 2250 pre‘voir
1658 2208 1696 2239 les
1720 2208 1844 2248 obstacles
1865 2208 1945 2249 qu'on
1968 2219 1986 2236 a
2003 2206 2108 2246 forme‘s
2123 2218 2193 2248 pour
2213 2221 2247 2241 en
2260 2197 2400 2250 empecher'·

1332 2248 1553 2287 l'accroiffi’ment
1568 2247 1605 2282 (ἶν’
1621 2251 1667 2289 qui
1680 2255 1728 2277 ont
1742 2249 1789 2278 e'te‘
1799 2254 1957 2276 entretenus
1968 2253 2023 2283 par
2037 2246 2082 2275 des
2098 2247 2260 2284 instrumens
2276 2250 2335 2279 mal
2347 2250 2404 2290 dis:

1328 2286 1403 2327 pofe‘r
1409 2290 1477 2364 Just
1491 2294 1542 2317 ont
1555 2288 1602 2316 e‘te‘
1611 2285 1736 2328 employe‘s
1756 2295 1811 2326 par
1825 2283 1884 2315 l'un
1897 2283 1936 2319 &⁴
1951 2283 2055 2314 l’autre
2067 2284 2099 2314 de
2119 2296 2185 2316 nous
2203 2286 2222 2316 ἃ
2246 2291 2351 2319 traiter
2368 2290 2401 2320 de

1335 2336 1384 2357 nos
1396 2337 1414 2355 a
1437 2335 1516 2355 atres.

1372 2365 1446 2394 Pour
1486 2364 1613 2394 remedier
1627 2364 1706 2394 Nous
1719 2374 1809 2394 avom·
1815 2360 1881 2402 fait
1894 2360 1971 2391 choix
1994 2361 2027 2391 de
2045 2367 2124 2392 notre
2136 2363 2222 2403 fidele
2241 2365 2337 2405 Coufin
2359 2365 2400 2402 ὠ·

1335 2376 1482 2442 Conftilleyr
1494 2401 1519 2431 le
1535 2402 1645 2433 Comte
1659 2403 1695 2433 de
1712 2401 1792 2433 Mart
1802 2409 1868 2439 pour
1883 2410 1952 2430 vous
1963 2399 2104 2440 l'envoyer
2130 2413 2226 2432 comme
2250 2405 2402 2446 Ambaffiz-

1335 2441 1418 2479 deur,
1435 2440 1538 2471 homme
1552 2441 1629 2471 noble
1637 2464 1647 2479 ,
1655 2441 1795 2479 judicie-ux
1810 2439 1848 2475 ὠ·
1865 2438 1930 2469 zele‘
1932 2447 2001 2478 pour
2014 2438 2043 2468 la
2057 2439 2195 2480 Religion,
2209 2452 2322 2473 reconnu
2331 2453 2403 2483 pour

1335 2480 1395 2510 e¹tre
1408 2479 1577 2518 affeffionne‘
1585 2479 1604 2509 ἆ
1617 2484 1769 2510 entretenir
1780 2477 1925 2516 l’heureuse
1937 2477 2078 2507 harmonie
2090 2482 2136 2517 qui
2155 2490 2234 2517 regne
2252 2490 2331 2511 entre
2352 2493 2403 2513 nos

1335 2521 1504 2554 Cauronne55
1523 2517 1561 2551 dy
1584 2527 1654 2547 avec
1673 2516 1711 2546 lui
1731 2514 1842 2557 l'Abbe
1863 2516 1899 2545 de
1924 2514 2064 2554 Kynlosse
2077 2527 2115 2546 un
2129 2517 2162 2546 de
2177 2529 2226 2547 nos
2240 2519 2400 2559 Confiillers

1336 2556 1449 2593 prives,
1467 2554 1535 2584 dont
1549 2554 1577 2584 la
1591 2555 1679 2584 bonne
1691 2553 1843 2595 disposition
1858 2552 1877 2583 ὰ
1900 2553 2043 2592 conserver
2064 2561 2135 2584 cette
2160 2558 2259 2586 amitie‘
2272 2569 2307 2587 ne
2330 2569 2402 2589 vous

1337 2592 1430 2632 estpas
1441 2596 1591 2629 inconnue3
1612 2596 1658 2633 qui
1665 2600 1720 2630 par
1735 2593 1794 2622 leur
1816 2590 1959 2629 Ministere
1979 2591 2017 2626 ᾤ’
2037 2590 2097 2621 leur
2116 2593 2297 2629 Negociation
2315 2606 2401 2636 pour-

1336 2638 1402 2661 ront
1418 2630 1495 2670 poJer
1517 2639 1571 2668 par
1592 2630 1622 2661 la
1653 2635 1709 2661 uite
1722 2630 1790 2671 desi
1803 2630 1867 2660 bons
1876 2628 2039 2668 fondemens
2049 2638 2118 2668 pour
2126 2629 2252 2671 fortifier
2266 2633 2304 2668 ὠ»
2318 2636 2402 2674 affer-

1337 2673 1390 2699 mir
1404 2680 1458 2700 une
1467 2669 1602 2737 confance
1627 2680 1636 2696 ι
1650 2670 1752 2699 entie're
1763 2667 1801 2702 &y
1809 2667 1912 2707 fifitre
1934 2675 2012 2697 entre
2032 2670 2127 2706 Nous,
2146 2680 2196 2707 que
2209 2678 2268 2701 tous
2283 2672 2322 2702 les
2340 2675 2398 2714 Es:

1335 2711 1410 2746 prits
1430 2708 1506 2738 brous'
1519 2708 1591 2744 lons,
1608 2709 1739 2737 Ennemis
1762 2707 1798 2736 du
1821 2708 1906 2742 Repos
1925 2706 1958 2736 de
1980 2716 2028 2737 nos
2048 2706 2120 2737 deux
2134 2709 2223 2739 Etats
2272 2711 2404 2744 n'auront

1339 2753 1520 2777 aucunement
1533 2746 1558 2776 le
1567 2749 1684 2784 pouvoir
1699 2746 1731 2776 de
1746 2743 1903 2775 l'e'branler.
2238 2733 2248 2749 ²

1377 2821 1465 2890 Ainlf
1476 2833 1540 2853 nous
1555 2822 1669 2862 flatans
1689 2833 1740 2864 que
1761 2832 1831 2853 vous
1851 2820 1890 2851 les
1902 2830 2031 2851 recevrez
2042 2820 2291 2863 favorablement,
2305 2828 2344 2863 ὠ·
2358 2840 2409 2868 que

1342 2871 1412 2892 vous
1445 2871 1492 2890 eur
1515 2862 1652 2892 donnerez
1675 2864 1784 2892 cre'ance
1809 2862 1880 2890 dans
1902 2859 1939 2889 les
1961 2860 2072 2899 affin'res
2092 2862 2170 2901 qu'ils
2185 2865 2360 2903 proposeront
2376 2869 2410 2898 de

1343 2908 1424 2931 notre
1435 2907 1521 2938 part,
1538 2911 1634 2941 cor-nme
1650 2901 1682 2929 de
1697 2899 1901 2935 Nous-memes,
1919 2897 1995 2928 Tres
2017 2899 2128 2937 Haute,
2147 2901 2222 2932 Tr‘es
2243 2904 2409 2937 Excellente

1342 2936 1382 2972 ὠ
1401 2939 1475 2968 Tres
1498 2937 1637 2969 Puissante
1658 2939 1818 2977 Princesse,
1842 2937 1941 2967 Notre
1962 2937 2038 2967 Tres
2059 2938 2144 2968 chere
2167 2939 2251 2971 Sceur
2272 2944 2305 2973 &
2325 2943 2408 2976 Cou-

1344 2976 1419 3015 fine,
1437 2977 1515 3006 Nous
1532 2987 1600 3008 vous
1605 2977 1768 3017 fhuhaitons
1782 2976 1839 3007 tres
1855 2975 2049 3007 cordialement
2063 2984 2139 3007 toute
2149 2978 2304 3021 prosperita

1384 3055 1420 3083 A
1432 3051 1672 3092 Holyrud—house
1687 3053 1711 3085 le
1728 3055 1773 3087 18.
1788 3054 1820 3084 de
1835 3053 1950 3082 Fevrier
1970 3053 2057 3084 1601.

1811 3129 1904 3161 Votre
1917 3129 1972 3160 tres
1988 3129 2058 3160 cher
2073 3131 2107 3162 &
2122 3132 2295 3166 affeffionne

1974 3203 2059 3238 Frere
2073 3209 2106 3241 δι
2121 3209 2231 3243 Coufin
2239 3236 2251 3252 ,

2053 3282 2073 3321 J
2082 3292 2102 3312 Α
2112 3291 2163 3321 Qu
2171 3292 2190 3315 i:
2199 3293 2212 3315 s
2240 3284 2283 3316 R.·

1352 3353 2406 3370 Μ

1350 3402 1418 3447 dam
1432 3402 1495 3439 vel,
1511 3401 1545 3444 ad
1565 3410 1677 3440 minus,
1695 3402 1882 3434 differendam
1907 3406 2043 3437 e‘usmodi
2066 3407 2273 3439 Executionem
2295 3409 2409 3446 aliquod

1351 3442 1476 3488 valiturae
1490 3440 1579 3483 essent
1592 3440 1665 3477 apud
1683 3440 1822 3479 Legatum
1837 3443 1948 3482 habita,
1966 3444 2021 3476 Me
2036 3445 2072 3476 de
2091 3445 2192 3477 Literis
2212 3448 2412 3478 intercefforiis

1353 3488 1439 3521 quar-n
1454 3478 1598 3523 humiliter
1611 3480 1630 3497 ⁷¹⁸
1648 3480 1846 3518 compellavit,
1866 3482 1922 3512 illas
1936 3484 2037 3521 etiarn,
2054 3485 2084 3513 in
2095 3486 2193 3520 primis
2205 3487 2294 3522 Regiae
2311 3485 2409 3524 vestrae

1353 3516 1514 3560 Mayestatts
1526 3515 1666 3547 Dommae
1682 3527 1752 3547 meae
1769 3517 2004 3551 Clementiffimae
2015 3521 2108 3551 habita
2130 3524 2254 3560 ratione,
2274 3524 2307 3554 &
2330 3525 2412 3561 quod

1352 3555 1542 3586 Subditorum
1564 3554 1678 3586 suorum
1700 3556 1757 3600 Res
1781 3566 1866 3596 atque
1889 3559 2026 3589 Fortunas
2039 3559 2112 3589 mihi
2125 3560 2309 3598 summopere
2327 3572 2413 3594 com-

1354 3593 1498 3639 mendatas
1509 3592 1661 3637 haberem,
1677 3604 1707 3624 re
1722 3595 1778 3633 ipsa
1790 3597 1957 3636 intelligeret
1968 3599 2053 3634 Regia
2068 3597 2158 3636 vestra
2172 3599 2306 3638 Majestas
2340 3601 2410 3633 faci-

1353 3632 1424 3661 lime
1438 3640 1606 3674 impetrawt.
2314 3623 2323 3638 ³

1391 3669 1493 3705 Scrrpii
1505 3670 1588 3707 igitur
1603 3670 1636 3714 ad
1651 3670 1762 3702 dietum
1779 3672 1940 3709 Legatum,
1957 3673 1990 3704 &
2013 3673 2152 3711 Negotii,
2169 3675 2246 3711 quod
2266 3684 2331 3707 anre
2352 3688 2413 3709 ma-

1354 3718 1406 3738 nus
1418 3708 1684 3753 haberetffatrones
1698 3709 1804 3740 Merita
1819 3713 1851 3742 &
1866 3710 2098 3741 Circumstantias
2108 3712 2218 3742 summa
2232 3712 2286 3744 fide
2301 3717 2333 3746 δε
2348 3716 2411 3748 dili-

1355 3754 1454 3791 genna
1465 3746 1498 3776 ad
1514 3755 1643 3791 ammum
1656 3749 1752 3786 retuli,
1770 3750 1807 3779 ne
1821 3749 1855 3780 ad
1872 3749 1907 3779 ab
1921 3748 2087 3789 Hanfiaticis
2102 3748 2191 3781 forsan
2209 3754 2301 3782 minus
2322 3765 2411 3792 opor-

1353 3793 1424 3815 tune
1437 3783 1584 3821 efflagitata
1596 3785 1694 3816 ultima
1705 3795 1843 3824 extrema,
1860 3796 1894 3816 ex
1910 3788 2010 3825 quibus
2027 3787 2086 3817 aliae
2100 3786 2355 3823 Incommoditates
2379 3795 2413 3824 ti-

1355 3822 1467 3866 mendae
1490 3822 1594 3865 essent,
1611 3824 1692 3868 Facile
1711 3825 1917 3863 progrediretur
1934 3825 2094 3855 dehortatus
2113 3828 2189 3864 sum;
2206 3830 2241 3860 δε
2263 3839 2293 3860 ut
2315 3832 2412 3863 multe)

1354 3869 1441 3898 magis
1453 3861 1491 3905 de
1503 3860 1639 3898 ejusmodl
1656 3864 1755 3893 mediis
1767 3866 1899 3901 cogitaret
1916 3873 1979 3900 quae
1993 3863 2026 3892 ad
2049 3862 2248 3896 Concordiam
2271 3869 2394 3901 facerent

1354 3900 1387 3930 &
1410 3899 1512 3945 quibus
1535 3898 1594 3930 Res
1611 3900 1674 3944 haec
1701 3903 1824 3931 maxime
1844 3902 1933 3940 gravis
1950 3902 1982 3932 &
1999 3899 2098 3940 ardua,
2117 3912 2174 3934 ram
2192 3906 2298 3942 publici
2315 3894 2411 3938 Com:

1355 3937 1436 3967 modi
1457 3945 1544 3982 quam
1564 3942 1705 3976 utriuique
1722 3939 1809 3969 Partis
1826 3941 1939 3976 privatae
1954 3939 2077 3970 utilitatis
2091 3943 2199 3973 ratione
2212 3944 2305 3975 habita
2339 3947 2412 3982 iopi-

1351 3985 1427 4007 retur
1444 3998 1456 4014 ,
1479 3984 1566 4013 quam
1588 3976 1623 4008 ad
1645 3978 1776 4009 ulteriora
1800 3977 1920 4009 Diffidia
1944 3977 1979 4009 &
1999 3977 2134 4018 Dampna
2147 4004 2157 4019 ,
2185 3991 2250 4020 quae
2272 3967 2412 4020 im'pedito

2320 4020 2413 4052 Com-

2395 194 2474 227 Ann.
2487 195 2531 232 D,

2419 235 2505 266 1602..

2397 282 2434 310 44
2444 275 2514 304 Elin.

2400 316 2447 350 Reg

2426 3470 2445 3490 *ἶ
2466 3472 2547 3501 XVI.

2429 3510 2493 3546 428.
