2557 4279
78 260 161 293 'Ann.
174 258 219 290 D.

105 299 192 330 1612.

87 339 218 375 ioJac.i.

85 490 102 505 ‘
119 490 203 516 XVI.

87 536 153 563 7²9·

114 3401 133 3419 ὓ
145 3402 227 3428 xvi.

100 3448 164 3476 730·

227 172 308 215 186

265 255 450 290 Generosum
463 254 626 295 Johannem
640 253 793 285 Albertum
810 257 943 285 Comitem
956 251 1127 293 Solmenftm,

265 301 316 328 Me
333 296 468 326 nhardum
481 295 513 324 de
527 293 679 332 Schonburg
691 292 846 332 Equitem,

270 339 307 366 Vo
319 336 416 364 radam
436 333 469 361 de
488 332 607 372 Pleffbn,

270 371 478 403 Pleickhardum
493 372 526 400 de
539 369 697 410 Helmstadt
706 369 861 410 Equitem,

269 414 418 479 genricum
433 410 466 439 de
481 409 653 448 Schonburg‚

298 460 307 480 t

271 489 290 507 ’¹¹
314 472 506 518 Plitkhardum
524 484 719 526 Landfihadt,

272 525 397 564 Legatos
411 526 444 556 ad
459 526 527 557 Nos
541 527 570 555 in
587 526 649 556 hoc
666 525 806 563 Regnum
821 522 952 555 nostrum
974 519 1092 559 Angliae
1110 517 1299 559 transmiserit,

232 573 302 595 cum
318 564 462 595 Potestate
478 565 511 595 &
535 563 677 594 Mandato
697 564 809 602 speciali
831 563 866 594 ad
889 561 1060 593 Tractatum
1081 559 1240 597 pleniorem
1264 559 1299 590 δε

234 603 428 634 absolutivum
441 603 605 634 habendum
619 603 656 632 de
671 603 710 632 eis
726 612 790 640 quae
816 602 887 631 inter
906 599 1068 630 Confilium
1092 598 1222 628 nostrum
1246 596 1299 628 Se-

234 651 347 673 cretum
366 644 398 674 δε
413 643 585 673 Secretiores
599 641 781 672 Conliliarios
793 640 856 670 suos
872 640 905 670 &
922 638 1063 676 Legatos3
1081 636 1226 675 videlicet²
1233 635 1297 668 Ge·

234 680 371 711 nerosum
385 680 536 721 Philippum
555 680 726 710 Ludovicum
742 681 872 708 Comitem
887 679 1040 714 Hanouiae,
1057 674 1119 706 δίς.
1138 676 1171 706 &
1195 674 1299 713 praedi·

236 721 319 750 &uin
337 718 481 750 Volradom
494 720 526 749 de
545 719 648 758 Pleffen
665 728 724 749 non
740 719 778 748 ita
800 717 927 754 pridem,
949 723 1074 753 nempe,
1098 712 1198 744 decimo
1215 711 1298 754 sexto

237 761 292 788 Die
308 761 383 788 Maii
402 759 461 789 hoc
484 759 573 789 Anno
595 757 717 788 Domini
742 757 776 788 ὃς
801 754 1004 791 Redemptoris
1028 751 1119 782 nostri
1131 752 1299 788 ,Millefimo

236 797 440 828 sexcentefimo
453 797 629 828 duodecimo
645 792 869 834 Wstmonasterii
883 791 958 831 apud
968 790 1112 821 Palatium
1133 790 1252 830 nostrum
1266 790 1299 821 de

239 835 404 866 thitehall
412 837 526 867 traerata
540 837 571 866 &
586 842 744 871 conventa,
762 832 812 863 sub
826 830 1011 868 Beneplacito
1025 829 1142 867 nostro,
1167 831 1301 868 utrinque

237 874 414 913 respective,
433 876 465 907 ὅ(
482 873 669 912 postmodum
684 881 742 902 ram
757 873 773 901 a
787 870 887 901 Nobis
902 868 1030 909 tricesimo
1048 870 1103 898 Die
1125 868 1202 907 Julii
1226 878 1302 906 prae-

236 913 319 944 sentis
335 914 431 951 Anni,
451 914 537 951 quarn
553 923 569 942 a
591 911 709 949 praefato
731 908 908 940 Charissimo
931 906 1156 947 Consanguineo
1179 908 1299 947 nostro,

237 951 373 990 Johanne
394 951 629 990 Administratore
650 948 835 979 Palatinatiis
856 946 1041 985 Eleft'oralis,
1064 955 1123 977 tam
1143 945 1194 977 suo
1213 948 1300 986 quam

236 990 341 1021 Matris
358 990 463 1030 praefati
478 988 650 1021 Sereniss‘imi
667 988 801 1016 Frederi'ci
814 985 966 1024 moetoris,
981 985 1161 1023 aliorumque
1183 985 1299 1017 Contu-

237 1037 337 1060 torum
355 1030 492 1067 nomine,
511 1039 579 1058 nono
596 1031 650 1056 Die
663 1025 778 1064 ejusdem
796 1024 890 1064 Julii,
907 1024 1013 1055 laudata
1029 1026 1182 1063 approbata
1203 1024 1237 1056 δε
1258 1035 1300 1056 ra-

233 1067 339 1098 rificata
355 1070 432 1106 sunt,
449 1069 528 1104 super
545 1066 741 1096 Matrimonio
755 1064 800 1096 seu
816 1063 998 1103 Sponsalibus
1019 1065 1090 1094 inter
1111 1062 1302 1101 supradictum

236 1106 451 1138 Sereniffimum
467 1106 635 1135 fredericum
661 1103 814 1133 Eleflorem
837 1101 876 1138 ὠ
898 1101 1098 1133 Elizabetham
1121 1101 1223 1133 Filiam
1244 1112 1300 1134 no-

235 1145 321 1176 stram
335 1144 528 1176 charisfimam
543 1146 575 1176 &
592 1145 704 1174 unicam
720 1141 936 1173 contrahendis:

275 1183 411 1221 Cumque
431 1184 530 1215 itidem
552 1181 748 1213 illustriflimus
773 1181 909 1218 Princeps
940 1178 1178 1220 Consanguineus
1206 1178 1302 1211 noster

236 1221 426 1253 Charillimus
461 1225 614 1252 fllauritiur
628 1219 831 1260 Araufinorum
848 1222 974 1258 Princeps
997 1218 1107 1250 Comes
1131 1217 1300 1257 Naffoviae,

237 1264 297 1292 &c
329 1271 400 1290 unus
421 1245 620 1291 Conrutorurn
644 1260 866 1298 praeoietorum,
889 1258 1016 1288 Fratrem
1038 1257 1120 1289 suum
1152 1259 1302 1287 Henricum

237 1302 388 1337 Principem
403 1299 579 1341 Arausinum
592 1298 743 1329 Comitem
769 1296 921 1327 Naffoviae
936 1319 946 1334 ,
970 1297 1030 1327 &c
1055 1298 1089 1328 ad
1112 1297 1171 1326 hoc
1193 1295 1302 1334 Nego-

234 1339 306 1368 tium
322 1337 502 1368 tractandum
518 1339 576 1369 huc
591 1337 771 1376 delegaverit,
779 1346 847 1366 cum
864 1334 1153 1366 coniimiliPotestate
1166 1335 1199 1366 &
1212 1335 1299 1365 Man-

235 1376 320 1414 dato,
339 1385 423 1416 prout
438 1386 471 1406 ex
489 1377 605 1408 Litteris
616 1377 668 1406 suis
684 1376 849 1406 Parentibus
871 1374 953 1404 Datis
973 1377 1063 1411 Hagae
1080 1377 1213 1403 Comitum
1230 1372 1301 1403 Hol-

236 1413 338 1445 landiae
356 1419 412 1445 Die
429 1415 553 1456 vicesimo
566 1415 708 1455 praesenti}
727 1412 829 1453 Mensis
847 1413 988 1449 Octobris,
1016 1413 1126 1450 plenius
1145 1412 1243 1450 liquet.

273 1454 371 1485 Sciatis
390 1455 472 1493 igitur
487 1455 567 1492 quod
586 1454 671 1492 Nos,
690 1454 726 1484 de
742 1452 886 1482 Fidelitate
900 1450 1041 1481 Industria
1055 1451 1088 1481 &
1105 1451 1223 1488 provida
1233 1449 1300 1481 Cir-

234 1493 465 1561 cumipeeklione,
486 1493 724 1524 Praedileetorum
747 1490 1038 1529 Consanguineorum
1058 1490 1091 1520 &
1115 1488 1300 1521 Consiliario-

232 1541 296 1563 rum
312 1535 360 1561 nol
376 1542 473 1562 rorum

269 1573 383 1601 Henrici
399 1554 509 1600 comiiis
525 1569 732 1608 Northampton
751 1565 888 1597 Custodis
906 1565 1016 1598 Privati
1030 1564 1120 1606 Sigilli
1135 1566 1240 1607 nostri,

272 1610 413 1640 Ludovi'ci
429 1612 514 1639 Ducis
531 1611 642 1646 Lemx,

267 1648 374 1679 Thomae
395 1651 505 1678 Comitis
523 1646 625 1685 Suffivlk
641 1644 792 1675 Camerarii
805 1642 932 1682 Hospitii
949 1643 1051 1682 nostri,

272 1687 414 1717 Edwardi
436 1689 547 1715 Comitis
566 1682 712 1722 Worcester
731 1682 865 1715 Praefeeti
879 1682 987 1721 Equitii
1003 1681 1110 1722 nostri,

271 1725 400 1756 Gulielmi
419 1728 528 1754 comitis
547 1722 701 1761 Pembrok5

268 1764 419 1802 Necnon,

268 1803 508 1835 Prttdilectorum
526 1800 763 1833 Confiliariorum
782 1799 959 1840 nostrorum,

270 1841 381 1872 Roberti
396 1845 424 1870 V
424 1844 563 1871 icetomin's
580 1840 740 1881 Rochester,

269 1881 377 1912 Thomae
396 1883 564 1910 Vicecomitis
575 1883 681 1910 Fenton
697 1878 830 1910 Praefeeti
845 1878 976 1911 Satellitii
989 1877 1096 1916 nostri,

270 1918 396 1950 Gulielmi
413 1920 535 1950 Baronis
552 1917 661 1950 Knollir
675 1918 852 1950 Thesaurarii
870 1917 999 1955 Hospitii
1013 1915 1120 1955 nostri,

269 1959 325 1995 Et,

266 1997 345 2070 {ulii
363 1996 481 2038 Cesaris
496 1997 610 2037 Equitis
628 1997 726 2027 Aurati
744 1994 916 2027 Cancellarii
930 1994 1071 2027 Scaccarii
1086 1991 1187 2032 nostri,

293 2040 380 2071 lenius
394 2038 582 2074 considentes,
599 2036 633 2068 ad
648 2035 821 2075 praedictum
837 2033 949 2067 finalem
965 2033 1000 2066 δι’.
1016 2033 1215 2064 conclusivum
1223 2029 1299 2064 Tra·

231 2078 342 2111 &atum
359 2087 427 2110 cum
442 2076 528 2107 dietis
551 2075 664 2116 Legatis
686 2073 939 2105 illustrissimorum
961 2071 1133 2111 Principum
1155 2070 1301 2110 Johannir

233 2118 267 2149 &
284 2121 417 2148 Mauritii
433 2118 512 2154 {uper
534 2114 592 2145 hoc
616 2113 751 2153 Negorio
774 2111 977 2144 matrimoniali
1001 2110 1241 2142 concordandum
1264 2112 1298 2142 &

231 2155 436 2188 absolvendum
453 2178 462 2194 ,
489 2163 605 2185 necnon
625 2163 658 2184 ea
682 2161 746 2190 quae
767 2152 822 2190 jam
837 2160 918 2183 cauta
939 2151 972 2183 ὅτ.
993 2149 1168 2181 concordata
1184 2149 1299 2181 fuerunt

233 2196 349 2227 ulterius
369 2194 572 2232 explicandum
593 2192 627 2223 ὃς
653 2189 913 2229 interpretandum,
937 2197 1024 2227 prout
1046 2190 1125 2220 bona
1143 2188 1224 2219 Fides
1238 2198 1300 2258 cpo-

232 2234 333 2273 stulat,
351 2245 384 2266 ac
402 2236 485 2266 etiarn
503 2232 536 2261 ad
557 2242 590 2262 ea
612 2239 678 2269 quae
692 2230 729 2260 iic
752 2229 867 2260 tractata
892 2237 1039 2259 conventa
1061 2228 1095 2259 &
1125 2236 1238 2258 concor
1259 2238 1273 2258 a

231 2282 314 2343 grant
328 2274 410 2305 omni
423 2272 579 2304 Securitate
594 2268 714 2300 honesta
727 2268 760 2300 &
774 2268 886 2308 debita,
905 2268 1028 2299 nomine
1050 2266 1168 2305 nostro,
1183 2265 1301 2298 firman-

253 2322 318 2343 um·

270 2336 518 2389 Co⁷nsimilemque
535 2348 724 2380 Securitatem
740 2355 793 2385 pro
809 2343 908 2376 Nobis
923 2345 957 2376 &
971 2343 1109 2376 Nomine
1131 2343 1232 2375 nostro
1253 2353 1302 2385 pe-

230 2391 351 2422 tendum
370 2389 563 2428 stipulandum
579 2388 612 2418 &
630 2385 849 2426 recipiendum,

271 2428 440 2466 Caeteraque
453 2427 590 2457 omnia&
600 2426 704 2464 singula
714 2423 880 2455 faciendum
887 2422 1094 2461 exercendum,
1109 2421 1302 2462 &expedien-

233 2467 306 2497 dum
323 2476 387 2504 quae
400 2468 427 2495 in
437 2465 589 2497 Praemilsis
603 2465 636 2495 &
651 2465 728 2495 circa
741 2473 774 2494 ea
790 2461 942 2493 necessaria
956 2462 1059 2493 fuerint
1074 2470 1121 2491 aut
1137 2461 1303 2499 quomodo-

231 2505 301 2536 libet
315 2513 494 2542 opportuna,
509 2513 542 2534 ac
558 2513 625 2542 quae
637 2503 752 2540 qualitas
768 2502 801 2532 &
814 2508 911 2529 natura
925 2499 1121 2537 Negotiorum
1137 2499 1301 2537 hujusmodi

233 2548 352 2583 exigunt
362 2545 394 2574 &
409 2543 570 2580 requirunt,
587 2542 620 2571 &
635 2549 701 2577 quae
717 2538 787 2569 Nos
802 2538 959 2569 faceremus
974 2537 1019 2568 seu
1033 2537 1126 2568 facere
1143 2537 1302 2574 poffemus,

235 2582 339 2614 etiamsi
356 2582 418 2612 talia
433 2585 486 2611 iint
501 2589 564 2619 quae
583 2577 757 2608 Mandatum
769 2578 1153 2618 exiguntquantumcunque
1167 2574 1300 2612 speciale,-

230 2621 384 2662 praedictos
398 2629 515 2656 omneS,
533 2618 589 2649 sive
605 2618 745 2654 majorem
759 2623 868 2652 partem
885 2614 1025 2652 ipsorum,
1042 2613 1153 2644 nostros
1167 2623 1248 2644 veros
1263 2613 1303 2644 le-

235 2662 351 2700 gitimos
367 2669 400 2690 ac
413 2659 585 2688 indubitatos
606 2655 822 2691 Procuratores,
834 2651 1036 2690 Negotiorum
1051 2650 1303 2690 Gestores‚C0m-

237 2699 377 2730 miffar-ios
396 2699 428 2729 ὃς
444 2697 607 2735 Deputatos
629 2693 757 2733 speciales
777 2691 896 2722 facimus
916 2692 1078 2722 ordinamus
1099 2692 1132 2723 &
1152 2690 1303 2722 constitui-

237 2749 300 2769 mus
317 2747 364 2775 per
381 2735 548 2766 Praesentes:

276 2777 481 2808 promittentes
496 2774 523 2803 in
541 2772 640 2802 Verbo
654 2770 749 2811 Regio
768 2769 839 2800 Nos
859 2776 950 2799 ratum
972 2769 1005 2799 &
1026 2776 1137 2808 gratum
1162 2770 1303 2806 perpetuo

237 2816 403 2852 habituros,
423 2812 558 2851 quicquid
575 2821 623 2849 per
649 2811 744 2840 dictos
768 2808 971 2838 Procurarores
993 2807 1122 2845 nostros,
1140 2817 1186 2837 aut
1204 2816 1306 2837 eorum

235 2856 305 2893 quin
329 2863 381 2890 ue,
399 2852 498 2882 aetum
514 2850 626 2889 gestum
640 2849 697 2881 sive
708 2856 894 2886 procuratum
907 2845 991 2877 fuerit
1005 2847 1035 2876 in
1044 2844 1195 2877 Praemiffis
1209 2845 1306 2878 &sin-

235 2894 308 2934 gulis
349 2891 548 2922 raemiilorum.

275 2970 390 3001 Datum
409 2968 482 3008 apud
498 2965 779 3006 westmonasterium,
796 2964 847 2994 sub
872 2962 977 3000 Magni
992 2962 1080 3001 Sigilli
1104 2960 1195 2994 nostri
1209 2961 1307 2993 Testi-

243 3010 364 3045 monio,
385 3008 521 3037 vicesimo
537 3016 617 3036 nono
634 3005 692 3034 Dic
708 3004 848 3035 octobris
865 3015 875 3041 3
901 3003 990 3033 Anno
1010 3002 1108 3042 Regni
1130 3001 1220 3032 nostri
1239 3001 1307 3033 Ma·

239 3057 307 3088 gnae
320 3046 470 3078 Britanniae
486 3045 615 3076 Franciae
628 3045 661 3074 &
677 3043 825 3074 Hiberniae
843 3041 969 3072 decimo.

992 3116 1202 3149 CAREW.

281 3203 350 3234 Nos
365 3198 591 3240 Johasines‚Dei
605 3197 813 3236 Gratia,c0mcs
825 3195 971 3226 Palatinus
980 3193 1078 3232 Rheni,
1086 3193 1184 3225 Tutor
1197 3193 1230 3224 &
1245 3193 1311 3224 Ele-

245 3239 534 3273 &oralisPalatinariis
550 3236 777 3273 Administrator,
788 3234 855 3264 Dux
873 3233 1122 3273 ssavariaessomes
1130 3235 1159 3263 in
1168 3232 1311 3264 Veldentz

244 3284 276 3313 ἃ
291 3280 467 3320 Sponheim,
486 3278 548 3308 &c
567 3276 699 3306 omnibus
719 3276 751 3306 &
769 3273 880 3314 singulis
893 3273 943 3304 has
959 3272 1106 3312 praesentes
1119 3271 1231 3303 lecturis
1254 3281 1308 3302 no-

244 3329 305 3350 tum
322 3319 512 3353 testatumque
529 3316 667 3352 facimus,

282 3359 364 3389 Cum
382 3354 596 3388 Porenuffimus
608 3362 641 3382 ac
655 3350 851 3382 Sereniffimus
872 3350 1008 3388 Princeps
1021 3372 1032 3388 ‚
1050 3347 1172 3387 Jacobus
1198 3350 1312 3386 Magne

247 3400 404 3426 Britanniae
418 3393 518 3425 Galliae
537 3390 575 3427 ὠ
591 3391 732 3422 Hiberniae
754 3392 833 3426 Rex,
850 3386 912 3423 &c.
933 3387 1039 3426 Capita
1060 3387 1105 3418 illa
1125 3390 1139 3404 ‘
1158 3396 1222 3425 quae
1246 3396 1309 3417 tum

247 3437 261 3465 {i
281 3435 470 3466 Sereniffimae
488 3430 642 3467 Maiestatis
655 3428 738 3467 ipsius
755 3428 874 3458 Secreto
889 3426 1039 3464 Concilio,
1056 3433 1120 3456 tum
1137 3426 1152 3456 a
1168 3426 1310 3455 Secretio-

248 3475 323 3503 ribus
336 3471 524 3507 Consiliariis,
541 3479 575 3500 ac
592 3468 708 3505 Legatis
722 3467 839 3504 nostris,
858 3465 1007 3496 Generoso
1024 3463 1144 3504 Philippo
1167 3463 1309 3494 Ludovico

249 3516 352 3541 Comite
366 3513 518 3546 Hanania),
537 3510 598 3539 &c.
618 3509 651 3539 &
670 3505 789 3536 Valrado
802 3503 973 3547 de-Pleffiofl
994 3504 1102 3534 ratione
1117 3502 1309 3541 Dispensatio-

253 3552 295 3580 nis
309 3560 390 3586 atque
417 3548 598 3578 Matrimonii
622 3547 695 3576 inter
719 3543 933 3574 Sereniiiimum
959 3542 1120 3579 Principem
1143 3540 1313 3570 Fredericum

251 3592 382 3618 Comi-mm
402 3587 563 3617 Palatinum
578 3584 681 3622 Rheni,
691 3583 770 3614 Sacri
787 3580 916 3612 Romani
933 3580 1044 3618 Imperii
1058 3580 1232 3617 Electorerm
1246 3578 1312 3609 Du-

254 3636 321 3656 cem
341 3625 476 3660 Bavariae,
492 3626 552 3656 &c
572 3625 605 3654 &
622 3620 831 3653 Serenislimam
849 3619 1012 3659 Principem
1034 3616 1233 3649 Elizabetham
1250 3618 1315 3648 uni-

256 3675 322 3696 cam
337 3663 445 3701 praefati
458 3667 534 3701 Regis
560 3665 675 3699 Magnae
698 3662 859 3690 Britanniae
881 3658 981 3689 Filiam
997 3681 1007 3695 ‚
1032 3656 1234 3693 contrahendi,
1254 3665 1314 3686 non

254 3705 294 3733 ita
311 3702 436 3738 pridem,
454 3711 573 3739 nempe,
591 3701 707 3731 decimo
723 3699 802 3729 sexto
819 3697 876 3727 Die
899 3696 972 3727 Maii
992 3696 1052 3726 hoc
1077 3696 1166 3726 Anno
1188 3693 1316 3725 Domini

256 3744 291 3773 ἃ
307 3741 506 3776 Redemptoris
522 3739 626 3777 nostri,
646 3737 794 3767 millesimo
806 3736 1008 3766 sexcentesimo
1020 3735 1214 3769 duodecimo,
1234 3733 1319 3771 Wst-

257 3778 491 3817 monasteriiapud
508 3777 642 3807 Palatium
660 3776 786 3815 Regium
800 3775 835 3805 de
850 3775 891 3804 W
892 3772 1041 3811 bitte-hall,
1056 3774 1172 3803 tractata
1195 3771 1227 3801 ὃ(
1246 3781 1319 3801 con-

258 3826 344 3849 venta
361 3826 392 3846 ac
410 3815 503 3852 postea
518 3817 533 3845 {t
551 3816 668 3852 Nobis,
686 3813 906 3844 communicato
920 3812 1052 3843 Consilio
1075 3820 1146 3842 curn
1172 3809 1318 3840 Sereniffi-

260 3866 308 3886 rna
325 3856 457 3890 Principe
473 3853 604 3883 Elem-ica
617 3853 725 3892 praefati
739 3851 911 3883 Sereniffimi
924 3850 1060 3881 Elec'loris
1075 3849 1188 3886 Matre,
1207 3857 1241 3878 ac
1260 3858 1319 3878 cae-

260 3894 326 3924 teris
341 3892 565 3928 Contutoribus,
585 3902 642 3922 tam
658 3893 756 3921 nostro
773 3891 858 3929 quam
871 3889 996 3927 ipsorum
1011 3889 1146 3924 nomine,
1164 3886 1273 3917 laudata
1287 3887 1320 3916 &

259 3932 413 3970 approbata
429 3930 614 3967 postmodum
631 3929 783 3969 Tricefimo,
803 3937 926 3966 nempe,
945 3930 1000 3957 Die
1015 3925 1092 3966 Julii
1108 3926 1185 3957 Anni
1200 3925 1319 3963 praesen-

259 3973 311 4007 tis,
329 3969 451 3999 similiter
468 3968 662 4006 ratificaverit,
681 3976 738 3999 rata
753 3968 786 3998 &
801 3975 875 4005 grata
892 3966 1038 4004 habuerit,

297 4007 384 4044 Nos,
402 4006 436 4036 ad
451 4007 613 4036 ulteriorem
630 4008 662 4036 ὃς
675 4006 788 4035 finalem
797 4005 968 4034 Tractatum
984 4005 1039 4034 hac
1048 4003 1085 4034 de
1101 4011 1131 4033 re
1148 4001 1324 4040 habendum,

684 160 1913 216 CONVENTIONES‚L1TERAE,·

1373 248 1513 284 Generosi
1525 247 1668 288 Johanm‘s
1686 248 1803 280 Alberti
1819 250 1930 280 Comitis
1946 245 2105 290 Solmenfis,
2127 245 2296 281 Electoralis
2318 246 2398 280 Pala·
2416 248 2494 283 Ann.
2510 251 2550 285 D.

1333 287 1441 356 tirfffis
1457 285 1562 326 Magni
1576 286 1714 320 Praefeffl
1728 287 1846 326 Palatii,

1405 335 1500 357 ecnon

1374 348 1540 395 Mei-neuris·
1552 363 1586 394 de
1597 363 1752 402 &honburg
1768 362 1881 403 Equitis
1888 386 1899 403 ‚
1914 363 2072 397 Maiescaui
2082 387 2093 404 ,

1375 401 1488 433 Volradi
1503 403 1536 433 de
1558 401 1661 442 Pleffen
1670 425 1681 442 ,

1335 440 1532 512 stagleichardi
1551 441 1584 474 de
1599 440 1758 482 Helmstadt
1780 439 1910 482 Equitis,
1933 439 2119 472 vicedomini
2141 441 2234 475 nostri
2259 442 2289 474 in
2315 441 2403 474 Neu-

1398 488 1410 510 t

1369 502 1485 588 {sehin
1499 517 1533 549 de
1546 517 1716 558 Schonburg,
1734 517 1879 558 Burgravii
1893 516 2167 559 starkenburgensis,

1399 565 1411 588 t

1332 633 1354 664 h
1369 580 1545 640 Pleickhardi
1563 594 1747 636 Landfihadt
1765 606 1782 628 a
1795 595 1937 627 Steinach
1953 593 2089 626 Praeiee’ti
2105 594 2195 626 nostri
2206 596 2237 628 in
2252 595 2403 630 Germers-

1355 643 1412 665 eim

1383 657 1500 705 Pl'enii‘is
1518 672 1714 712 confidentes,
1735 672 1771 704 ad
1799 672 1971 712 praedictum
2001 671 2116 703 finalem
2141 673 2176 704 δε
2203 673 2403 706 conclufivum

1333 711 1505 744 Tractatum
1518 712 1574 744 hac
1595 713 1632 744 de
1655 723 1685 744 re
1708 712 1911 744 matrimoniali
1935 710 2175 742 concordandum
2194 712 2230 743 &
2256 712 2404 745 abiolven-

1330 751 1422 789 dum,
1439 761 1556 782 necnon
1572 762 1603 783 ea
1619 750 1754 790 quaejam
1768 760 1850 783 cauta
1871 758 2016 783 conventa
2028 750 2061 782 δὲ
2084 749 2260 781 concordata
2279 749 2402 791 fuerint,

1332 790 1433 820 nostro
1444 789 1581 821 Nomine
1595 789 1765 822 firmandum
1776 801 1788 828 ς

1370 828 1612 868 Securitatemque
1627 829 1854 860 convenientem
1869 836 1922 866 pro
1949 827 2052 859 Nobis
2072 835 2107 858 ac
2133 825 2316 859 Sereniffimo
2335 825 2403 858 Ele·

1333 867 1408 897 aare
1424 867 1600 906 petendum,
1618 867 1809 906 stipulandum
1824 867 1858 898 ὃ(
1872 866 2086 904 recipiendum,

1372 905 1488 937 Caetera
1504 906 1625 944 denique
1638 907 1738 937 omnia
1753 907 1786 938 &
1801 905 1906 944 singula
1928 904 2059 936 facienda
2083 903 2243 936 exercenda
2263 904 2296 936 &
2319 913 2405 945 expe-

1334 943 1439 976 dienda
1454 954 1519 983 quae
1535 946 1564 975 in
1581 944 1720 985 praedieto
1731 944 1924 975 Matrimonio
1936 943 2138 975 contrahendo
2150 943 2300 974 necessaria
2312 953 2405 984 erunt,

1334 992 1381 1027 aut
1395 993 1459 1023 quae
1476 983 1534 1013 Res
1549 983 1580 1013 in
1593 983 1651 1015 hoc
1667 983 1805 1024 Negorio
1818 982 2000 1022 postulaverit
2036 982 2070 1014 δε
2084 991 2151 1022 quae
2178 981 2249 1013 Nos
2270 982 2405 1020 persona-

1334 1022 1398 1054 liter
1422 1021 1574 1060 praesentes
1595 1022 1754 1053 faceremus
1774 1021 1821 1053 vel
1845 1020 1939 1052 facere
1960 1030 2000 1058 po
2024 1029 2122 1058 emuS,
2147 1021 2252 1053 etiamsi
2267 1022 2330 1053 talia
2348 1022 2404 1053 sint

1335 1070 1401 1100 quae
1419 1060 1591 1092 Mandatum
1607 1062 1750 1099 requirant
1768 1061 1858 1099 magis
1871 1058 2032 1090 absolutum
2046 1058 2080 1090 δε
2094 1059 2213 1097 speciale
2251 1061 2404 1099 praedidtos

1333 1109 1435 1130 omnes
1453 1099 1508 1129 five
1523 1100 1659 1143 majorem
1673 1108 1783 1138 partem
1798 1098 1921 1137 ipsorum
1935 1107 2017 1129 veros
2040 1098 2048 1128 l
2085 1098 2182 1130 itimos
2207 1081 2241 1129 ἐι
2261 1100 2402 1131 indubita-

1332 1146 1380 1169 tos
1395 1137 1600 1175 Mandatarios,
1614 1137 1816 1177 Negotiorum
1834 1136 1982 1175 Gestores,
1998 1137 2033 1168 &
2104 1137 2275 1169 mmiffarios
2289 1138 2402 1170 nostros

1333 1176 1464 1217 speciales
1476 1177 1598 1207 facimus
1613 1177 1775 1207 ordinamus
1789 1176 1823 1206 &
1838 1175 2038 1206 constituimus
2051 1184 2100 1213 per
2116 1173 2280 1208 Praesentes.

1369 1215 1550 1256 Spondentes
1573 1216 1607 1247 &
1633 1216 1832 1253 promittentes
1853 1215 1882 1244 in
1912 1213 2009 1244 Verbo
2033 1213 2193 1252 Principis,
2220 1214 2401 1248 tamtnostro

1332 1252 2404 1330 esssutgffissffifflc⁵¹3{siwia„ffi‘sszssssssfflffiasstffssfflffi‘ia”

1333 1332 1402 1370 quid
1420 1340 1469 1370 per
1487 1330 1583 1361 dictos
1600 1314 1804 1362 Procuratores
1826 1329 1940 1360 nostros
1952 1352 1962 1366 ,
1986 1337 2034 1359 aut
2058 1336 2169 1366 partem
2188 1302 2405 1369 eorum’iiiajo-

1334 1379 1413 1439 {HF
1431 1369 1532 1437 adltum
1545 1368 1657 1410 gestum
1674 1370 1731 1400 sive
1748 1377 1932 1407 procuratum
1948 1367 2078 1399 fueritin
2092 1365 2246 1399 Praemiffis
2266 1370 2405 1401 omnibus

1396 1418 1423 1438 in
1445 1417 1493 1438 uis

1356 1444 1406 1490 .In
1425 1417 1549 1485 {uor'um
1564 1446 1674 1485 Fidem,
1689 1446 1843 1478 Praesentes
1855 1443 2080 1485 subscripsimus,
2096 1454 2168 1477 cum
2181 1444 2352 1484 appenfione
2360 1445 2404 1479 Si·

1334 1485 1394 1525 gilli
1410 1485 1501 1516 nostri
1516 1484 1764 1518 confirmavimus.

1372 1562 1488 1595 Datum
1503 1561 1689 1600 Heidelbergae
1701 1566 1732 1594 in
1747 1564 1824 1593 Arce
1837 1559 1993 1592 Eleaorali
2025 1561 2143 1593 decima
2161 1560 2237 1594 sexti
2252 1560 2314 1594 Die
2332 1561 2403 1603 Sep·

1336 1603 1475 1640 tembris,
1500 1604 1590 1634 Anno
1607 1601 1759 1633 millesimo
1771 1600 1973 1634 sexcentesimo
1987 1584 2173 1633 duodecime.

1431 1755 1646 1791 Praediaarum
1664 1758 1899 1790 conventionum
1911 1752 2103 1799 Confirmatio
2112 1764 2167 1801 per
2183 1757 2304 1803 Regem.

2439 289 2525 323 1612.

2423 329 2516 368 toJac.
2527 341 2548 362 ι.

1374 1842 1502 1880 Acobus,
1519 1841 1576 1873 Dei
1589 1841 1709 1880 Gratia,
1726 1843 1842 1879 Magnae
1866 1841 2024 1869 Britannia:
2043 1841 2167 1869 Franciae
2185 1838 2224 1875 &a
2258 1841 2402 1874 Hiberna
2424 1846 2550 1880 Ambo·-

1391 1884 1452 1912 Rex
1467 1880 1725 1919 Fidei'Defens0r‚
1740 1880 1801 1911 &c
1816 1878 1949 1911 universis
1963 1877 1996 1909 &
2015 1877 2129 1918 singulis
2140 1878 2174 1910 ad
2195 1888 2268 1918 quos
2280 1879 2400 1919 praesen-
2446 1885 2527 1918 1612,

1332 1928 1373 1952 tes
1388 1919 1493 1951 Literae
1569 1920 1714 1958 venerint,
1732 1917 1870 1950 Salutem.

2419 1928 2476 1953 Rot.

1375 1958 1459 1990 Cum
1474 1967 1513 1998 po
1553 1968 1651 1998 graves
1663 1959 1697 1991 &
1713 1958 1793 1989 serias
1808 1954 2041 1988 Consultationes
2057 1955 2090 1986 &
2103 1954 2306 1988 Tiacrationes
2318 1957 2401 1990 habi·
2423 1963 2552 1993 Tame.

1333 2005 1504 2067 ωὐίιὶἓὲἓὲἒ
1515 2037 1549 2068 &
1565 2045 1703 2076 perquam
1719 2034 1827 2066 Fideles
1844 2033 2029 2065 Consiliarios
2047 2031 2169 2072 nostros,

1370 2077 1519 2121 {ascaricum
1541 2079 1670 2107 comitem
1694 2073 1902 2113 Northampton
1920 2071 2083 2104 Custodem
2102 2071 2216 2105 Privati
2245 2072 2334 2114 sigilli
2353 2083 2408 2110 rio:

1336 2113 1544 2184 strifudovieum
1562 2156 1665 2184 Ducem
1683 2155 1801 2191 Lenox,

1372 2193 1503 2223 rhomam
1519 2195 1650 2223 Comitem
1667 2191 1786 2232 Suffiilke
1804 2189 2003 2222 Camerarium
2015 2188 2086 2220 Hos
2099 2189 2140 2220 itii
2154 2187 2256 2227 nostri,

1373 2231 1550 2262 Edu-ardum
1564 2234 1693 2262 Comitem
1711 2228 1856 2269 Worcester
1874 2227 2052 2260 Praefectum
2072 2198 2180 2267 Equitii
2197 2228 2307 2268 nostri,

1376 2269 1540 2301 Gulielmium
1553 2274 1683 2302 Comitem
1699 2268 1847 2300 Pembroke
1855 2290 1866 2307 ,

1376 2309 1560 2379 Pigzcdifegios
1574 2349 1607 2381 &
1622 2347 1730 2379 Fideles
1742 2344 1927 2377 Confiliarios
1941 2342 2072 2383 nostros,

1377 2386 1526 2417 Robertum
1543 2389 1572 2417 V
1572 2390 1730 2418 icecomitem
1748 2383 1888 2424 Rochqster
1896 2405 1906 2421 ,

1376 2425 1508 2455 Thomam
1525 2428 1711 2456 Vicecomitem
1727 2427 1833 2454 Fenton
1851 2421 2027 2453 Praefefflm
2039 2420 2164 2453 Satellitii
2177 2420 2276 2460 nostri,

1377 2463 1540 2495 Gulielmum
1558 2468 1696 2495 Baronem
1714 2461 1830 2502 Knollys
1848 2460 2069 2493 Thesaurarium
2086 2459 2217 2498 Hospitii
2228 2458 2331 2501 nostri,

1374 2502 1640 2608 {iiiam-cresium
1653 2538 1793 2577 Militem,
1809 2537 2024 2581 Cancellarium
2038 2536 2178 2568 Scaccasii
2191 2535 2301 2574 nostri,

1375 2587 1579 2646 E{ocuratores
1595 2579 1629 2610 δε
1642 2577 1803 2616 Deputatos
1820 2576 1933 2639 nostros
1946 2575 2093 2615 speciales,
2109 2583 2144 2604 ex
2159 2583 2213 2604 una
2236 2573 2332 2612 Parte,

1374 2640 1499 2686 Illt’istres
1511 2653 1665 2686 Praeclaros
1679 2653 1713 2685 &
1727 2653 1855 2686 Nobiles
1870 2652 1972 2689 Viros,

1374 2692 1542 2724 Dominum
1557 2693 1718 2732 Johannem
1734 2692 1887 2723 Albertum
1903 2693 2032 2732 Comitem
2050 2687 2212 2728 Solmensim
2236 2687 2405 2721 Electoralis

1339 2730 1511 2764 Palatinatfis
1527 2732 1547 2752 ³*
1568 2740 1705 2771 magnum
1725 2730 1900 2762 Praefectum
1915 2727 2023 2764 Palatii,

1375 2771 1572 2801 Meinhardum
1591 2771 1622 2799 de
1639 2768 1812 2807 Schonburgh
1835 2767 1974 2807 Equitem
1996 2767 2030 2798 &
2056 2765 2140 2797 Aulae
2164 2765 2300 2797 Palatinae
2319 2766 2404 2799 Sum·

1339 2818 1423 2840 mum
1441 2809 1679 2844 Mareschallum,

1379 2846 1535 2877 Volraldum
1549 2847 1581 2877 de
1597 2846 1712 2886 Pleffln,

1379 2885 1569 2916 Pleichardum
1595 2885 1627 2916 de
1653 2883 1826 2926 Helmestadt
1849 2882 1988 2923 Equitem
2007 2880 2239 2914 vicedominum
2260 2881 2297 2913 de
2313 2880 2412 2914 Nieu-

1340 2923 1527 2995 staiiite’nricum
1550 2961 1717 2993 Theodorum
1742 2962 1775 2992 de
1796 2959 1969 2999 Schonburgh
1998 2958 2192 2999 Burgraviutn
2219 2957 2407 2991 Starkenbut·

1340 3003 1470 3073 εειὲΐεαι,

1407 3051 1420 3073 t
1850 3057 1853 3059 .

1343 3119 1364 3149 h
1378 3064 1566 3125 Ple'ichardum
1590 3077 1756 3118 Landsihat
1777 3077 1798 3107 ἃ
1825 3076 1956 3109 steinach
1983 3074 2161 3107 PraefeCkutn
2194 3075 2224 3106 in
2257 3074 2411 3107 Germers·

1365 3129 1421 3150 eim

1379 3143 1558 3189 nidstriffimi
1574 3156 1672 3186 Princi
1693 3156 1714 3185 is
1730 3153 1897 3194 Johanm's,
1914 3153 1975 3185 Dei
2000 3152 2122 3191 Gratia,
2150 3154 2261 3182 comitis
2282 3151 2414 3183 Palatius·

1343 3195 1385 3225 ad
1397 3196 1520 3226 Rhenum
1531 3219 1540 3233 ,
1558 3194 1649 3225 Ducis
1689 3195 1790 3224 avariae
1800 3216 1809 3230 ,
1824 3193 1986 3224 Electoralis
2002 3190 2172 3222 Palatinatfis
2190 3190 2411 3222 Administrato·

1344 3235 1397 3272 ris,
1420 3236 1481 3266 ὅτε.
1500 3233 1685 3264 Consiliarios
1701 3231 1899 3262 Procuratores
1915 3233 1948 3262 &
1977 3230 2138 3269 Deputatos
2157 3230 2302 3270 speciales,
2317 3238 2352 3261 ex
2368 3228 2411 3259 al-

1344 3281 1402 3303 tera
1421 3272 1525 3310 Parte,
1544 3270 1724 3301 Authoritate
1741 3271 1774 3301 ὃς
1799 3269 1913 3301 Virtute
1939 3268 2190 3300 Commiffionum
2216 3269 2232 3298 a
2258 3267 2357 3299 Nobis
2373 3266 2409 3297 &

1344 3311 1426 3341 dicio
1446 3309 1635 3341 Illustriffimo
1654 3307 1787 3348 Principe
1801 3308 2038 3339 Administratore
2057 3308 2096 3337 eis
2114 3305 2272 3344 respective
2291 3304 2409 3336 conces-

1345 3349 1457 3388 sarum,
1475 3348 1626 3379 Tractatus
1652 3346 1767 3385 quidam
1790 3349 1824 3378 de
1853 3346 2045 3378 Matrimonio
2060 3368 2069 3384 ,
2095 3346 2169 3376 inter
2190 3342 2409 3375 Illustriffimum

1346 3386 1516 3426 Principem
1533 3386 1719 3423 Fridericum,
1738 3385 1796 3416 Dei
1809 3384 1927 3422 Gratia,
1956 3388 2087 3415 comitem
2113 3382 2278 3413 Palatinum
2298 3379 2410 3418 Rheni,

1347 3426 1467 3458 Ducem
1482 3425 1606 3456 Bavariae
1617 3446 1626 3462 ,
1646 3423 1722 3454 Sacri
1740 3423 1868 3455 Romani
1884 3424 2001 3460 Imperii
2025 3421 2273 3459 Archidapiferum
2291 3419 2325 3449 &
2343 3417 2410 3449 Ele·

1346 3465 1469 3503 ἃοτετῃ,
1485 3464 1519 3494 &
1537 3462 1741 3494 Chariffimam
1761 3463 1862 3493 Filiam
1881 3462 2009 3493 nostram
2025 3459 2224 3491 Elizabetham
2236 3456 2409 3488 contrahen-

1345 3502 1385 3534 do
1403 3504 1437 3535 δε
1454 3500 1686 3533 consummando
1697 3503 1861 3541 nuperrime
1877 3508 2038 3533 conventus
2051 3501 2086 3531 &
2102 3495 2252 3530 conclusus
2274 3495 2359 3527 fuerit
2375 3495 2409 3527 in

1346 3551 1380 3573 ea
1395 3551 1460 3580 quae
1472 3540 1594 3579 sequitur
1611 3540 1722 3579 forma,

1388 3618 1439 3649 An
1460 3617 1611 3648 LAUDEM
1631 3616 1805 3648 GLORIAM
1825 3625 1870 3648 ετ
1883 3615 2060 3647 HoNoRzM
2076 3613 2145 3644 Der
2163 3610 2317 3655 oprimi,
2335 3608 2413 3642 Ma:

1349 3665 1442 3694 er1‚
1461 3657 1495 3687 ad
1513 3656 1670 3694 Religionis
1685 3657 1718 3687 &
1733 3665 1807 3686 verae
1823 3654 1902 3686 Fidei
1920 3653 2091 3695 Christianae·
2101 3650 2359 3694 Propagationem,
2376 3650 2413 3681 &

1351 3696 1388 3728 ad
1403 3695 1632 3726 Stabilimentum
1650 3694 1731 3726 Pacis
1747 3695 1781 3726 &
1797 3692 1945 3724 Amicitiae
1957 3694 2028 3722 inter
2044 3689 2189 3725 Principes
2205 3697 2327 3726 vicinos,
2343 3697 2412 3719 nec-

1354 3744 1416 3767 non
1429 3743 1482 3772 pro
1497 3734 1661 3772 Augmento
1678 3732 1807 3763 Honoris
1820 3730 1999 3762 Illustriffimi
2015 3727 2158 3762 Principis
2171 3725 2332 3770 frederici,
2350 3725 2411 3758 Dei

1356 3772 1478 3811 Gratia,
1495 3775 1605 3801 Comitis
1620 3770 1748 3801 Palatini
1763 3769 1804 3800 ad
1816 3768 1959 3805 Rhenum,
1977 3769 2063 3797 Ducis
2080 3764 2204 3796 Bavarlae
2214 3787 2224 3804 ,
2240 3765 2320 3796 Sacri
2344 3763 2410 3795 Ro·

1358 3813 1437 3842 mani
1455 3810 1571 3848 Imperii
1589 3806 1796 3848 Archidapiferi
1812 3809 1845 3839 &
1864 3805 2016 3840 Eleaoris,
2044 3804 2105 3834 &c-
2134 3811 2169 3833 ex
2191 3812 2247 3834 una
2271 3802 2366 3841 Parte,
2381 3804 2417 3835 &-

2423 2001 2488 2040 Jac-
2507 2011 2530 2039 ¹⁵

2429 2737 2447 2753 ⁸
2461 2734 2539 2765 xvr.

2432 2782 2494 2813 73¹·

1358 3848 1545 3881 Sereniffirnae
1561 3847 1699 3886 Principis
1718 3846 1857 3878 Dominae
1872 3842 2048 3875 Elizabethae
2063 3841 2141 3872 Filiae
2164 3843 2276 3880 unicae‚
2293 3841 2417 3873 Serenis-
2447 3866 2451 3873 r

1359 3889 1419 3919 simi
1437 3889 1470 3919 &
1492 3885 1682 3918 Potentisfimi
1694 3886 1852 3922 Principis,
1867 3882 1985 3922 Jacobi,
2004 3881 2061 3911 Dei
2079 3878 2200 3918 Grani,
2219 3883 2332 3919 Magne
2353 3881 2421 3910 Bri-

1361 3931 1469 3958 tanm‘ae
1485 3927 1607 3954 Franciae
1625 3922 1664 3959 ό·
1684 3923 1822 3954 Hiberniae
1836 3925 1916 3958 Regis
1932 3920 2012 3952 Fidei
2031 3918 2198 3949 Defensoris
2235 3920 2295 3950 &c.
2319 3927 2356 3950 ex
2380 3917 2420 3949 al-

1361 3975 1420 3997 tera
1436 3972 1513 4002 parte
1523 3975 1537 4008 ς.
1550 3963 1614 4007 post.
1627 3972 1723 4002 graves
1738 3963 1772 3993 &
1787 3961 1866 3992 serias
1881 3958 2109 3990 Consultationes
2125 3956 2159 3987 &c
2176 3941 2376 3988 &iactatione
2384 3955 2422 3988 de

1363 4003 1578 4040 MatrimoniO,
1600 4010 1674 4032 inter
1695 4000 1806 4030 diotum
1829 3996 2048 4028 Illustriffimum
2073 3993 2239 4033 Principem
2270 3994 2423 4025 EleHorem

258 4047 295 4078 de
308 4046 439 4077 fidelitate
458 4046 490 4074 &
507 4044 640 4074 industrii
656 4043 803 4081 prudentia
825 4043 858 4072 ὃς
876 4042 1129 4082 circumspectione
1151 4039 1322 4079 perdilecto·
1364 4043 1397 4074 δε
1416 4040 1561 4079 praefatam
1576 4038 1788 4071 Sereniffimam
1811 4036 1974 4067 Dominam
1996 4031 2197 4065 Elizabetham
2222 4031 2431 4068 contrahendo,

258 4096 322 4117 rum
342 4086 375 4117 ὃς
391 4082 522 4114 fidelium
536 4081 770 4115 Consiliariorum
785 4079 959 4118 nostrorum,

1366 4081 1461 4118 deque
1478 4080 1510 4110 iis
1526 4087 1592 4117 quae
1608 4076 1711 4111 exinde
1728 4074 1891 4114 dependent
1905 4074 2027 4112 habita53

2389 4104 2438 4137 In·
