2557 4279
7 261 82 292 Ann.
89 258 129 292 D.

9 351 19 368 1
28 339 89 378 Jac.
101 347 126 367 1.

743 159 851 201 ET
936 158 1201 200 ACTA

150 251 236 282 other
252 247 380 291 Officers·
388 248 424 287 by
439 256 496 286 you
504 268 514 285 ‚
530 255 563 277 or
578 255 632 285 any
647 245 727 277 three
740 255 774 276 or
787 254 855 276 moe
869 245 905 276 of
916 255 973 286 you
988 255 1016 275 as
1028 245 1050 275 is
1062 243 1204 282 aforesaid,

103 321 109 328 ,
149 299 242 330 geven
257 288 311 320 and
325 287 460 323 limitted3

188 327 308 365 Willing
322 325 376 355 and
392 323 599 362 commanding
613 322 669 353 also
685 322 718 353 all
731 333 785 354 our
801 321 938 354 Auditors
954 322 1010 352 and
1023 322 1107 364 other
1125 318 1203 363 Offi-

153 376 216 398 cers
227 375 257 396 to
270 367 372 396 whom
385 364 407 393 it
420 363 487 394 shall
502 364 665 402 appertein,
684 371 762 400 upon
783 361 833 392 the
854 361 929 400 fight
948 361 984 391 os
1004 361 1053 390 the
1073 360 1130 390 sard
1150 357 1203 388 [3111

153 415 187 436 or
200 402 277 440 Bilis,
293 403 389 441 ligned
404 402 476 433 with
493 403 543 432 the
556 401 644 431 hands
657 400 694 430 of
704 410 778 438 you,
796 410 830 430 or
845 410 899 440 any
923 400 1003 430 three
1027 409 1060 429 or
1082 407 1150 428 moe
1171 396 1208 427 of

152 452 208 483 you
222 452 249 473 as
261 443 284 471 is
297 440 448 479 aforesaid,
464 450 495 471 to
512 442 595 470 make
610 448 681 469 unto
695 440 744 469 the
757 438 812 468 said
829 437 971 468 Receiver
987 438 1042 467 due
1060 436 1204 467 Allowan—

152 491 187 513 ce
201 480 354 518 according
369 487 400 510 to
415 479 464 510 the
481 479 536 509 said
551 478 605 509 Bill
618 488 652 508 or
670 478 722 508 Bill
738 487 816 515 upon
832 478 876 507 his
889 479 1047 515 Accotnpt.

152 519 163 529 ⁸·
187 518 347 549 Moreover
360 527 412 548 our
426 518 499 548 Will
514 518 639 548 Pleasure
657 516 712 546 and
726 515 992 546 Commandement
1004 523 1045 557 ⁴ys
1068 513 1128 544 that
1149 521 1206 552 you

149 566 203 588 our
216 557 273 588 said
288 556 543 594 Commfflioners,
562 558 616 587 and
632 564 717 593 every
740 555 776 584 ot·
792 563 866 593 you,
893 554 961 584 shall
982 552 1126 592 diligently
1149 552 1206 582 and

150 595 288 634 faithfully
303 604 421 626 execute
435 595 488 626 this
502 605 556 625 our
572 592 769 625 Commiffion
781 593 836 622 and
850 602 934 632 every
948 599 1008 634 part
1023 592 1078 621 aud
1097 590 1205 620 branch

148 633 265 665 thereos
278 635 308 664 in
322 644 440 665 manner
459 635 513 664 and
529 635 606 664 form
620 632 765 668 aforesaid,
785 630 840 660 and
860 632 1018 667 according
1039 638 1071 660 to
1085 629 1132 660 the
1146 638 1207 672 true

149 681 291 712 meanyng
307 673 436 710 thereos,
451 671 709 706 notwithstanding
724 678 779 707 any
804 668 985 706 Appellation
1010 668 1207 698 Provocauon

149 711 313 750 Privileoge
329 722 363 742 or
378 711 533 743 Exemtion
548 711 576 740 in
595 710 654 739 that
669 708 768 737 behalf
781 715 813 736 to
829 708 865 736 be
879 708 936 737 had
953 707 1037 736 made
1051 707 1204 744 pretended

147 759 182 779 or
196 750 322 790 alledged
338 752 377 790 by
401 760 454 789 any
473 749 578 780 Person
593 755 626 776 or
643 746 761 776 Persons
777 744 894 775 residant
911 755 946 774 or
961 744 1095 782 dwellrng
1108 746 1138 774 in
1152 754 1206 783 any

146 788 228 826 place
243 800 276 819 or
291 789 385 826 places
400 796 513 825 exempt
526 796 558 815 or
572 793 627 815 not
640 793 755 822 exempt
769 784 872 814 within
885 784 941 813 this
956 793 1008 813 our
1021 783 1134 819 Realrn,
1151 792 1204 821 any

145 837 200 857 our
217 827 318 858 Lawes
329 828 447 859 Statutes
458 823 694 861 proclamations,
710 823 794 853 other
809 822 953 852 Grauntes
967 822 1155 863 Pryvyledges
1171 831 1205 850 or

143 864 343 905 Ordinances‚
363 866 440 897 wich
456 866 490 894 be
505 872 538 893 or
551 872 616 903 may
633 863 706 892 seem
721 869 852 899 contrary
867 870 898 891 to
913 860 964 891 the
978 859 1129 890 Premiiles
1142 867 1207 890 not-

175 905 245 935 ithst
302 907 330 935 i]
352 929 358 935 .

143 913 174 936 W
186 905 399 983 Andanqotrgthe
415 944 502 973 better
517 939 618 971 Credit
631 939 686 970 and
701 949 780 970 more
794 937 935 979 manyfest
951 946 1058 977 notyce
1075 937 1112 967 of
1131 946 1204 976 you-

148 991 179 1012 re
194 982 326 1021 Doinges
337 983 365 1011 in
381 981 584 1012 th’Execution
597 979 634 1008 of
644 980 698 1009 this
710 989 762 1008 our
785 977 990 1017 Commyffion
1001 999 1011 1014 ,
1027 986 1079 1006 our
1095 975 1203 1006 Pleaiu-

148 1030 180 1051 re
195 1022 248 1052 and
264 1020 530 1051 commandement
547 1027 579 1059 ys
592 1017 672 1055 that,
689 1027 766 1054 upon
780 1026 850 1055 your
865 1016 975 1046 Letters
991 1014 1111 1055 mylfive
1130 1014 1203 1044 Pro-

146 1059 233 1090 cesses
247 1060 370 1089 Decrees
385 1057 492 1088 Ordres
509 1057 662 1086 Sentences
675 1057 728 1085 and
743 1055 916 1094 Judgtnents
927 1055 1004 1085 frotn
1022 1064 1055 1084 or
1075 1054 1112 1093 by
1135 1061 1205 1091 you,

145 1107 180 1128 or
198 1107 251 1136 any
267 1097 347 1127 three
361 1107 395 1126 or
411 1106 478 1126 moe
494 1096 529 1126 of
542 1104 599 1134 you
617 1105 644 1124 as
660 1104 690 1133 ys
711 1094 857 1130 aforesaid,
888 1103 919 1124 to
943 1095 978 1123 be
999 1091 1148 1129 awarded,
1166 1090 1205 1120 set

144 1136 241 1173 forth,
258 1136 333 1173 had,
352 1135 451 1173 made,
470 1134 605 1171 decreed‚
622 1142 712 1172 geven
727 1143 762 1163 or
780 1132 979 1172 pronounced,
997 1140 1063 1170 you,
1080 1141 1115 1160 or
1127 1131 1206 1159 some

144 1175 224 1204 three
237 1184 271 1205 or
286 1185 355 1205 moe
367 1175 404 1204 of
411 1184 472 1214 you
485 1183 513 1203 as
526 1175 547 1203 is
561 1171 703 1209 aforesaid,
711 1171 778 1202 shall
793 1171 873 1202 cause
890 1180 922 1201 to
935 1172 971 1200 be
985 1179 1034 1212 put
1049 1170 1104 1199 and
1118 1170 1146 1208 fy
1152 1169 1202 1198 xed

143 1212 225 1281 {ome
240 1214 429 1282 costkrveniente
445 1213 524 1244 Seale
540 1221 568 1242 as
593 1212 763 1249 accordinge
790 1220 821 1242 to
844 1220 918 1250 your
941 1209 1119 1240 Discretions
1137 1207 1206 1238 shall

154 1261 219 1282 eem
232 1253 268 1282 be
302 1264 308 1269 ·

185 1290 252 1322 And
267 1276 360 1332 fin’ally
371 1314 381 1330 ‚
399 1290 461 1321 We
474 1290 533 1321 will
549 1289 604 1320 and
620 1288 779 1320 command
794 1288 826 1319 all
846 1288 966 1327 Justices
987 1287 1025 1318 of
1045 1287 1093 1318 the
1114 1285 1205 1330 Peace

143 1328 265 1371 Mayors
281 1330 402 1361 Sheriffs
418 1329 521 1360 Balliffs
534 1327 720 1366 constables,
738 1327 793 1358 and
808 1329 890 1358 other
913 1337 965 1358 our
992 1326 1117 1363 Officers
1141 1325 1203 1355 Mi—

1283 158 1741 207 PUBLICA.
2252 182 2306 222 97

2308 253 2384 284 Ann.
2403 252 2446 285 D.

2330 291 2415 330 1603.

1280 320 1401 353 Voulant
1418 322 1455 358 ὠ
1470 324 1664 354 commandant
1682 325 1749 365 auffl
1761 326 1779 354 ἂ
1796 336 1841 356 nos
1853 329 2006 358 Auditeurs
2021 327 2059 363 (ἐν
2072 334 2165 359 autres
2176 326 2297 366 Officiers
2319 330 2400 367 ¹Jun-
2413 340 2437 359 ι.

1244 360 1262 388 ἃ
1278 363 1323 402 qui
1338 361 1361 390 il
1375 363 1572 400 appartiendra
1583 386 1591 399 ,
1610 364 1674 403 qu’d
1688 364 1717 392 la
1731 375 1784 393 vue
1799 366 1842 394 des
1867 366 1966 404 Jusdits
1988 367 2075 397 billets
2088 367 2177 407 figne's
2195 367 2227 396 de
2248 377 2298 396 vos

1245 403 1343 437 mains,
1364 410 1396 428 ou
1407 408 1462 438 par
1476 404 1542 429 trois
1561 412 1594 430 ou
1613 400 1741 439 plufieurs
1765 404 1795 431 de
1815 414 1900 441 vous,
1918 406 1951 435 ils
1971 409 2047 435 aient
2070 406 2088 436 ἂ
2104 406 2141 435 les
2156 404 2245 444 paſjer
2264 415 2296 433 en

1243 445 1343 476 compte
1356 437 1565 477 conforme‘ment
1579 449 1614 467 au
1622 438 1716 477 findit
1729 444 1873 472 Receveur.

1282 515 1333 556 De
1339 512 1411 552 plus,
1421 520 1499 543 notre
1512 513 1635 551 volante,
1649 513 1805 554 bonrplaifir
1819 516 1855 551 ό»
1871 518 2095 548 commandement
2109 519 2155 558 est,
2169 529 2219 559 que
2231 529 2298 548 vous

1247 562 1294 581 nos
1300 551 1406 590 fhsdits
1420 551 1610 591 Commiſjbires
1634 552 1671 586 ὠ
1695 554 1796 583 chacun
1818 556 1850 584 de
1870 567 1936 585 vous
1955 558 2092 586 exs'clctt'ez
2116 558 2296 594 diligemment

1247 589 1285 625 &
1300 601 1368 620 avec
1382 590 1491 630 fide‘lite‘
1499 598 1568 620 cette
1583 591 1744 630 Commtffion
1760 591 1798 626 &
1819 593 1889 622 daus
1912 602 1998 623 toutes
2012 594 2054 632 jes
2070 600 2188 633 parties,
2213 598 2246 626 de
2265 595 2296 625 la

1247 632 1367 658 mansere
1380 628 1417 662 ὠ·
1431 629 1500 659 dam
1515 629 1544 659 la
1552 628 1644 668 fiarme
1651 629 1767 669 susilite,
1781 629 1819 664 (ἐν
1834 630 2041 670 confhrmement
2053 632 2128 671 tisim
2147 636 2214 662 vrai
2220 635 2297 672 stus,

1247 667 1413 706 nonobstant
1429 674 1489 697 tout
1504 669 1590 706 appel,
1608 669 1741 705 privilege
1754 679 1786 697 ou
1799 673 1949 706 exemption
1961 681 2010 710 que
2028 669 2040 698 l
2050 683 2081 699 on
2088 672 2169 709 puiſj}
2184 672 2298 709 prestent-

1246 705 1294 734 dre
1307 716 1338 734 ou
1353 705 1471 743 alleguer
1484 706 1502 734 ti
1518 714 1560 735 cet
1583 707 1681 744 εξςανᾶ,
1705 707 1737 735 de
1761 706 1789 735 la
1809 715 1874 744 part
1895 708 1927 736 de
1949 708 2071 748 quelques
2087 710 2229 747 peryomzes
2251 714 2298 751 qui

1244 742 1310 780 font
1325 742 1384 773 leur
1398 746 1519 774 demeure
1550 745 1620 773 daus
1634 744 1758 785 quelques
1773 745 1893 774 endroits
1907 757 1956 786 que
1972 757 1997 774 ce
2008 746 2098 784 soient
2111 749 2141 775 de
2154 759 2179 776 ce
2189 751 2227 777 Ro
2225 760 2296 788 yan-

1247 793 1288 810 me
1294 779 1396 821 francs
1409 782 1444 812 'ou
1459 781 1628 822 norifrancs,
1644 783 1806 822 nonobstam
1821 791 1908 812 tontes
1924 794 1969 812 nos
1984 786 2067 819 Lux,
2092 786 2211 823 Statum,
2232 789 2295 815 Pro-

1246 819 1407 850 clamations
1418 847 1425 857 ,
1453 823 1576 859 OHrois,
1595 821 1744 859 Privileges
1761 832 1794 850 on
1808 821 1977 858 Regkmens,
1996 825 2041 861 qui
2053 821 2118 859 sont
2135 834 2166 852 ou
2180 827 2224 863 qui
2246 833 2294 861 pa-

1246 858 1355 897 rozjffi‘nt
1373 863 1521 890 contraires
1534 871 1591 889 aux
1607 859 1691 899 choses
1704 861 1885 890 mentionne'es
1897 859 2027 898 ci-deffiu.

1283 937 1326 964 Et
1351 935 1410 974 afin
1434 936 1466 965 de
1486 936 1589 965 donner
1608 934 1668 973 plus
1691 937 1722 966 de
1745 937 1830 966 credit
1853 935 1891 971 ῤ’
1914 935 2016 965 d'e‘clat
2041 935 2059 965 a*
2082 946 2132 965 vos
2150 937 2304 973 proctsdures

1247 984 1281 1002 en
1297 975 1446 1004 exe‘cutant
1472 982 1542 1003 cette
1565 974 1749 1012 Commrfflou,
1769 986 1834 1005 nous
1855 974 1971 1004 voulons
1992 974 2029 1009 ὠ·
2053 973 2239 1004 commendans
2253 987 2304 1015 que

1248 1022 1317 1040 vous
1325 1011 1429 1050 faffiez
1445 1012 1597 1041 attacherd
1608 1021 1694 1042 tontes
1709 1024 1758 1043 vos
1772 1017 1895 1050 Lettres,
1912 1013 2249 1050 Aeles,1)ecrets,0rdres
2264 1011 2302 1046 «ἐν

1248 1049 1410 1088 Jugemens‚
1427 1061 1477 1091 que
1493 1061 1572 1086 vous,
1593 1061 1625 1079 ou
1640 1055 1705 1081 trois
1719 1063 1751 1081 ou
1760 1051 1891 1093 plusieurs
1910 1052 1942 1081 de
1959 1062 2039 1089 vous,
2048 1063 2133 1081 aurez
2145 1053 2302 1089 prononcezq

1249 1088 1367 1127 arreins,
1384 1089 1485 1118 donne‘s
1499 1087 1536 1122 &
1551 1089 1677 1127 dantes,
1696 1103 1733 1120 un
1739 1093 1821 1130 sreau
1835 1090 2013 1128 convenable,
2029 1091 2061 1120 de
2075 1090 2103 1121 la
2118 1093 2238 1121 mamere
2252 1101 2303 1130 que

1246 1136 1313 1158 vous
1328 1127 1352 1157 le
1367 1135 1518 1158 trouverez
1533 1126 1558 1156 le
1579 1131 1668 1158 mieux
1675 1128 1755 1167 selon
1770 1136 1850 1159 votre
1861 1129 2013 1168 discretion-

1284 1281 1326 1309 Et
1333 1279 1502 1321 finalement
1517 1291 1584 1310 nous
1596 1280 1712 1312 voulons
1724 1278 1762 1315 όν
1780 1282 1968 1313 commandens
1989 1283 2007 1312 ἃ
2029 1291 2088 1313 tous
2108 1281 2144 1313 les
2164 1283 2253 1322 Juges
2271 1285 2303 1313 de

1246 1320 1330 1356 Paix‚
1348 1323 1465 1358 Maius,
1482 1318 1596 1357 Sherifs‚
1618 1319 1742 1359 Badhfs,
1763 1321 1953 1360 c'ommzffizires
1970 1323 2015 1350 des
2029 1330 2185 1362 quantem,
2203 1323 2241 1358 ὠ
2256 1334 2304 1352 7105

144 1367 214 1399 stess
228 1368 283 1398 and
299 1369 446 1407 subjegss’
464 1370 493 1398 in
508 1367 544 1399 all
557 1367 613 1397 and
626 1376 709 1406 every
726 1367 803 1405 place
830 1366 886 1397 and
908 1367 998 1404 places
1017 1372 1132 1402 exempt
1147 1363 1204 1393 and
1244 1365 1339 1386 autres
1351 1357 1482 1430 Jahn,
1502 1358 1644 1397 thstres
1658 1359 1694 1392 (ᾖν
1711 1363 1816 1402 Sujetr²
1836 1362 1980 1405 danstouys
1995 1360 2031 1389 les
2046 1361 2120 1390 lieux
2135 1357 2172 1394 (ξφ
2189 1362 2307 1407 endroits

145 1415 199 1437 not
216 1416 299 1437 exem
321 1417 331 1438 t
349 1409 452 1439 within
466 1407 514 1438 [he
529 1406 581 1436 find
596 1405 719 1436 Dioceffi
732 1405 770 1434 of
780 1404 977 1443 winchester,
995 1413 1074 1442 upon
1089 1403 1205 1433 Know-
1236 1394 1337 1435 francs
1405 1407 1462 1426 non
1475 1395 1575 1435 francs
1588 1397 1623 1426 a'u
1643 1398 1684 1426 dit
1701 1400 1807 1436 Dmcese
1822 1399 1853 1427 de
1871 1399 2056 1438 anzclscster,
2072 1411 2120 1439 que
2137 1399 2189 1437 fitr
2205 1399 2307 1438 lavis,

143 1445 225 1483 ledge
241 1456 274 1475 or
322 1446 418 1485 equest
433 1446 509 1476 from
527 1454 605 1485 you,
622 1453 655 1474 or
668 1453 721 1482 any
737 1444 817 1473 three
828 1453 861 1473 or
877 1453 945 1474 moe
965 1443 1000 1473 of
1011 1452 1068 1481 you
1083 1453 1111 1473 as
1130 1452 1161 1481 ys
1175 1451 1204 1471 a·

148 1484 284 1522 foresaid‚
305 1494 337 1515 to
354 1486 433 1516 thetn
451 1494 485 1515 or
497 1493 552 1524 any
569 1483 608 1512 of
618 1483 698 1513 thern
713 1490 807 1520 geven
821 1491 854 1512 or
878 1482 977 1520 made,
1002 1490 1032 1512 to
1056 1482 1093 1512 be
1112 1482 1205 1519 aiding

144 1522 264 1562 helping
278 1523 350 1553 ande
364 1523 486 1562 assisting
502 1530 574 1552 unto
586 1531 656 1561 you,
674 1523 730 1550 and
744 1529 771 1550 at
787 1530 860 1560 your
875 1520 1161 1551 Commaundement
1175 1520 1204 1549 in

145 1564 201 1592 and
215 1561 261 1590 for
278 1562 326 1592 the
346 1561 401 1592 due
426 1562 578 1598 executing
602 1560 639 1589 of
657 1569 730 1600 your
755 1559 888 1596 Precepts
910 1559 1020 1589 Letters
1043 1559 1097 1589 and
1121 1558 1204 1588 other

145 1598 293 1629 Proceffes
307 1599 436 1637 requisite
453 1601 481 1628 in
497 1599 552 1629 and
571 1597 617 1627 for
630 1598 680 1628 the
689 1597 744 1626 due
752 1596 912 1628 Execution
928 1598 964 1627 of
974 1598 1028 1626 this
1043 1607 1095 1627 our
1111 1596 1205 1626 Com-

145 1636 278 1675 miffion,
296 1647 324 1667 as
340 1638 408 1678 they
423 1637 477 1668 and
492 1645 577 1675 every
592 1635 628 1665 of
638 1636 717 1666 them
734 1636 832 1665 tendet
847 1645 900 1665 our
916 1635 1058 1674 Pleasure,
1076 1636 1132 1667 and
1146 1635 1206 1667 will

143 1675 268 1707 answear
283 1684 314 1706 to
329 1676 379 1706 the
395 1676 535 1706 contraire
546 1682 574 1706 at
589 1675 661 1706 their
676 1674 824 1705 uttermost
844 1674 962 1705 Perrills.

181 1751 218 1782 In
234 1753 337 1784 witnes
354 1752 499 1792 whereof,
520 1752 581 1789 &c.

177 1829 295 1866 Witnes
310 1839 363 1862 our
381 1830 447 1862 selfe
461 1838 488 1862 at
500 1829 666 1871 Harfeilde,
684 1831 733 1863 the
747 1831 821 1863 26th
834 1830 916 1870 Daye
930 1829 966 1861 of
980 1829 1101 1869 August.

765 1911 820 1938 Per
838 1907 921 1948 ipficm
939 1911 1046 1946 Regem.

393 2035 421 2063 ,ἓ
441 2038 489 2070 De
514 2036 687 2082 Conceffione
710 2037 955 2086 IndigenationIs.

1245 1446 1295 1474 que
1308 1445 1394 1471 vous,
1411 1445 1442 1463 ou
1461 1438 1528 1464 trois
1541 1446 1573 1464 ou
1586 1435 1715 1474 plusieurs
1730 1435 1761 1463 de
1778 1448 1857 1474 vous,
1872 1436 1927 1466 leur
1940 1439 2092 1475 donnerez,
2117 1441 2155 1473 r&
2178 1437 2196 1467 ἃ
2219 1438 2247 1467 la
2264 1450 2307 1467 re-

1245 1472 1369 1512 quifition
1383 1484 1434 1513 que
1453 1484 1521 1502 vous
1535 1473 1593 1502 leur
1609 1485 1643 1502 en
1653 1473 1753 1514 ferez,
1775 1473 1807 1503 ils
1822 1487 1838 1502 a
1836 1482 1903 1514 yent
1925 1475 1942 1504 ἃ
1960 1487 2027 1504 vous
2048 1477 2123 1505 azder
2144 1475 2181 1511 «θ’
2198 1476 2306 1516 alJt'ster,

1245 1510 1282 1545 &
1296 1523 1314 1539 a
1330 1513 1452 1541 exe‘cuter
1466 1513 1640 1541 exaHemeut
1658 1512 1675 1541 ὰ
1691 1519 1770 1541 votre
1787 1513 2014 1542 commandemeut
2029 1525 2080 1542 vos
2095 1511 2246 1551 reglemeus,
2257 1526 2307 1545 vos

1244 1548 1341 1578 lettres
1355 1549 1392 1584 ὠ·
1408 1557 1501 1579 autres
1509 1551 1664 1587 proce'dures
1686 1550 1801 1591 requises
1826 1559 1891 1588 pour
1914 1551 1974 1581 bien
1995 1551 2117 1590 effieJuer
2139 1561 2207 1583 cette
2231 1557 2308 1583 Com-

1245 1587 1362 1626 mzffion,
1375 1587 1452 1626 selon
1467 1588 1548 1629 qu’ils
1565 1596 1666 1618 aurant
1680 1588 1698 1618 ἂ
1713 1599 1780 1618 caeur
1794 1590 1825 1618 de
1832 1588 1912 1629 faire
1923 1598 2001 1619 notre
2018 1590 2142 1629 voloute'‚
2151 1602 2182 1621 ou
2197 1592 2228 1621 de
2242 1602 2306 1621 ren-

1244 1626 1292 1656 dre
1305 1634 1404 1664 compte
1420 1627 1454 1656 du
1468 1631 1605 1657 contraire
1625 1627 1642 1657 ἁ
1657 1627 1715 1657 leur
1727 1627 1792 1665 plus
1803 1629 1898 1665 grand
1912 1628 2008 1669 risqtce.

1287 1743 1335 1771 En
1344 1739 1391 1779 foi
1408 1741 1440 1770 de
1452 1745 1524 1783 quoi,
1544 1742 1607 1773 ὅτε.

1283 1817 1404 1847 Te‘moins
1417 1817 1592 1849 nous-memes
1611 1820 1626 1849 a
1642 1818 1791 1858 Harfeild,
1811 1820 1836 1850 le
1855 1820 1903 1851 26.
1921 1819 2043 1851 d'Aout.

1882 1896 1937 1927 Per
1954 1897 2046 1936 ipsum
2061 1896 2183 1937 Regem.

1247 2027 1365 2058 antehac
1383 2027 1466 2058 editis
1480 2027 1560 2058 factis
1574 2028 1708 2060 ordinatis
1721 2030 1766 2060 seu
1779 2031 1894 2068 provisis
1903 2053 1912 2068 ,
1931 2037 1978 2060 aut
1989 2029 2079 2068 aliqua
2102 2030 2156 2061 alia
2171 2029 2219 2061 Re
2232 2030 2309 2062 Cau-

0 2059 11 2078 *
21 2060 104 2089 XVL
1248 2066 1278 2097 si
1296 2066 1341 2095 vel
1357 2065 1481 2097 Materia
1495 2073 1696 2107 quacumque,
1716 2071 1745 2098 in
1762 2070 1856 2106 aliquo
1871 2079 1929 2098 non
1943 2068 2135 2099 obstantibus·

0 2107 58 2134 552-
242 2113 245 2116 ·
348 2128 351 2131 .
373 2129 378 2134 .
1286 2104 1421 2135 Attamen
1439 2104 1587 2144 volumus,
1605 2107 1637 2136 ὃ(
1655 2116 1702 2143 per
1717 2108 1869 2137 Praesenres
1888 2109 1979 2137 eidem
1996 2110 2111 2137 Domino
2133 2111 2221 2137 Home
2238 2117 2310 2145 prae-

0 2136 68 2168 Ann.
84 2134 128 2165 D·
149 2125 235 2181 RE
245 2125 276 2158 X
292 2128 450 2183 .0¹‚¹'{n²b';¹⁵³
465 2127 501 2158 ad
518 2139 607 2167 (ΝΘΕ,
625 2128 688 2160 &0
706 2127 842 2159 samtem·
1248 2143 1370 2180 cipimus
1383 2143 1463 2182 quod
1481 2142 1574 2173 eidem
1592 2146 1724 2174 Dominus
1739 2147 1826 2175 Home
1840 2146 2019 2184 Homagium
2033 2146 2154 2184 Ligeum
2171 2147 2255 2176 nobis
2268 2147 2310 2176 fa-

22 2175 110 2215 1603·
183 2199 208 2230 P
247 2166 345 2210 3⁰¹³F¹³
360 2167 439 2206 q⁰⁰d
453 2167 538 2211 N⁰.⁸³
654 2206 659 2211 .
728 2205 733 2211 .
940 2204 965 2211 ..
1070 2204 1075 2210 .
1092 2204 1108 2211 ..
1189 2204 1195 2210 .
1248 2183 1323 2220 ciat,
1342 2191 1375 2212 ac
1399 2181 1520 2212 Lottum
1543 2182 1576 2213 ὅ(
1599 2182 1755 2221 Scottum,
1774 2193 1859 2222 prout
1874 2185 1916 2215 alii
1938 2185 2020 2222 Ligei
2040 2184 2124 2214 nostri
2149 2184 2255 2214 faciunt
2276 2186 2310 2216 &

0 2218 49 2242 eat.
68 2224 90 2243 ¹·
210 2213 243 2232 ΓΟ
259 2206 292 2248 {⁵⁶
308 2215 337 2234 ¹⁰
349 2205 575 2249 confidefauone
588 2205 660 2236 bom
675 2215 735 2236 ven
750 2205 783 2236 ὅ(
797 2204 979 2242 acceptab1l1s
996 2202 1109 2250 servm
1126 2204 1209 2235 ⁰0b¹⁵
1244 2221 1430 2250 contribuunt
1472 2219 1559 2250 solvat
1581 2220 1614 2250 δε
1638 2223 1800 2253 contribuat
1823 2232 1854 2253 ut
1876 2223 1916 2253 est
1931 2222 2037 2260 iustum
2072 2233 2104 2253 ac
2131 2223 2210 2260 quod
2227 2222 2306 2253 idern

0 2252 51 2287 fac.
77 2262 100 2281 ι.
145 2249 211 2283 ΡΕΓ)
231 2241 380 2287 Dssefstum
396 2244 429 2275 ὃ(
443 2243 569 2287 fidelem
587 2244 714 2274 ¹¹0stmm
724 2267 733 2282 ⁷
752 2243 951 2291 Alf'fiandsum
962 2247 1110 2273 Dmmnum
1122 2248 1209 2288 H‘m'e
1248 2261 1381 2289 Dominus
1395 2242 1481 2288 Ho’me
1493 2258 1529 2288 ad
1540 2268 1640 2289 omnes
1655 2261 1689 2291 δε
1705 2261 1820 2290 finvulas
1837 2245 2148 2291 Ordinationes⁷Aclus
2161 2261 2310 2292 statuta&

0 2301 15 2319 ν.
35 2301 60 2328 3.
142 2279 194 2310 inb
211 2280 386 2312 Obedlenna
400 2281 495 2313 ”Ostra
510 2292 544 2326 ¹⁰,
566 2281 787 2327 Reg¹¹0‚¹¹0stf0
813 2284 918 2327 5⁶01}ae
934 2291 1040 2326 natum·
1057 2284 1089 2313 ὅ(
1107 2293 1206 2330 ΟῙΗΠΛῙ·
1248 2297 1490 2327 proclamationes
1502 2297 1585 2333 hujus
1599 2296 1695 2336 Regni
1713 2284 1800 2328 notitri
1822 2299 1950 2336 Anoliae,
1969 2308 2026 2329 tam
2048 2300 2123 2330 edita
2146 2301 2230 2336 quarn
2254 2300 2310 2329 irn-

0 2338 26 2357 n.
37 2339 82 2359 22.
141 2319 214 2348 dum
224 2342 233 2356 ²
251 2319 296 2350 ΓΒΗ
311 2330 498 2358 quocumque
511 2321 566 2351 ²¹¹0
582 2321 718 2351 Nomme
734 2319 925 2358 C⁰g⁰0m¹ne
940 2321 1097 2352 Addffffine
1112 2321 1209 2352 status
1247 2334 1394 2372 posterum
1410 2334 1533 2372 edenda,
1550 2344 1677 2366 teneatur
1691 2337 1724 2367 δε
1738 2323 1944 2375 obediens⁵fit,
1958 2338 2039 2375 quta
2062 2339 2186 2368 formam
2206 2337 2308 2369 statuti

140 2355 258 2388 Gradus
274 2359 330 2389 five
345 2359 419 2389 Loci
433 2360 576 2390 censeatur
595 2368 712 2390 vocetur
735 2358 792 2388 five
817 2360 1023 2396 cognoscatur,
1041 2360 1204 2399 multiplici-

139 2405 185 2426 ter
200 2396 269 2426 fasti
283 2398 317 2428 &
334 2398 466 2436 impensi,
487 2408 538 2436 ac,
554 2407 607 2435 pro
624 2398 736 2428 diversis
747 2397 805 2427 aliis
821 2397 918 2428 Cauiis
934 2400 967 2430 ὃς
989 2397 1205 2430 Confideratio-

139 2435 224 2465 nibus
239 2445 292 2465 nos
306 2435 458 2474 specialiter
474 2436 675 2474 moventibus,

177 2472 227 2503 De
246 2473 347 2504 Gratia
362 2474 456 2504 nostra
470 2475 597 2511 speciali,
616 2485 649 2505 ac
673 2483 707 2504 ex
723 2482 798 2505 certa
813 2474 937 2505 Scientia
960 2474 993 2505 &
1010 2484 1090 2504 mero
1113 2474 1203 2506 Motu

137 2511 258 2550 nostris,
278 2521 332 2551 pro
348 2512 447 2542 Nobis
458 2512 627 2544 Haeredibus
646 2514 678 2544 ὃς
695 2512 907 2543 Successoribus
930 2513 1046 2550 nostris,
1065 2515 1204 2544 concedi-

137 2559 203 2580 mus
217 2552 337 2588 praefato
352 2551 520 2582 Alexandro
533 2554 651 2581 Domino
664 2554 749 2581 Home
764 2552 843 2588 quod
858 2551 928 2589 ipse,
945 2551 1064 2581 durante
1072 2551 1203 2590 Vitisua,

135 2588 170 2619 fit
185 2588 321 2627 Indigena
335 2591 369 2621 &
382 2590 487 2629 Ligeus
501 2590 596 2622 noster
612 2600 645 2620 ac
660 2589 821 2620 Haeredurn
831 2590 1075 2620 &Success'orum
1090 2591 1202 2620 nostro-

138 2636 204 2658 rum
221 2626 319 2666 Regni
333 2628 423 2658 nostri
438 2630 569 2667 Angliae,
587 2638 620 2659 ac
640 2628 720 2666 quod
731 2652 740 2665 ‚
758 2627 822 2666 post
845 2627 976 2658 Mortem
997 2628 1123 2666 ejusdem
1143 2632 1202 2659 Do-

137 2669 204 2695 mini
217 2668 315 2704 Home,
323 2666 458 2697 Haeredes
470 2667 508 2698 sui
523 2668 576 2698 fint
595 2668 627 2698 &
642 2676 722 2697 erunt
733 2667 813 2705 Ligei
828 2666 1202 2698 nostril-laeredum&Suc-

136 2704 284 2735 cefforum
299 2704 483 2744 nostrorum,
502 2716 535 2736 ac
552 2706 648 2744 quod,
667 2714 727 2736 tam
749 2705 804 2743 ipse
815 2705 933 2736 durante
946 2704 1016 2736 Vita
1029 2704 1075 2736 sua
1086 2728 1095 2743 ,
1115 2707 1202 2745 quam

137 2742 276 2774 Haeredes
289 2744 329 2774 sui
345 2743 409 2782 post
425 2745 484 2783 ejus
500 2744 651 2781 Mortem,
670 2745 698 2774 in
713 2745 848 2774 omnibus
861 2744 1014 2775 trariientur
1036 2752 1201 2782 reputentur

1246 2375 1276 2404 in
1290 2383 1320 2403 ea
1337 2383 1413 2411 parte
1426 2383 1515 2412 nuper
1531 2373 1599 2403 editi
1613 2375 1645 2405 ὃς
1662 2375 1770 2412 provisi.

1282 2411 1424 2443 Volumus
1438 2414 1538 2449 etiarn,
1558 2412 1622 2450 ἃς,
1637 2414 1740 2452 absque
1754 2413 1824 2444 Fine
1838 2414 1867 2444 in
1878 2413 2045 2451 Hanaperio
2055 2436 2066 2452 ‚
2084 2415 2143 2445 &c‚

1282 2488 1318 2519 In
1336 2489 1415 2527 cujus
1434 2489 1490 2526 rei,
1508 2488 1570 2519 &c.

1278 2563 1367 2595 Teste
1381 2563 1461 2605 Rege
1473 2564 1548 2603 apud
1560 2565 1697 2605 Harfeild
1709 2566 1825 2598 decimo
1838 2568 1925 2599 tertio
1939 2567 1986 2598 die
2001 2567 2183 2606 Septembris.

1641 2648 1696 2676 Per
1715 2650 1809 2677 Breve
1824 2647 1856 2677 de
1870 2650 1990 2679 Privato
2006 2647 2118 2686 sigillo,
2135 2647 2198 2683 &c.

135 2789 284 2812 teneantur
296 2782 449 2814 habeantur
464 2784 497 2815 &
510 2784 702 2822 gubernentur
717 2790 849 2822 tanquam
863 2781 956 2813 fideles
965 2782 1046 2822 Ligei
1061 2783 1149 2814 nostri
1158 2785 1202 2814 in-
1514 2786 1536 2808 *
1554 2787 1603 2818 Dc
1624 2785 1846 2834 Indigenatione
1870 2787 2004 2835 conceffiz.
2319 2794 2336 2811 ⁸
2354 2794 2439 2825 Xvn

139 2819 180 2849 :fra
196 2820 330 2859 Regnum
345 2821 475 2852 nostrum
487 2821 600 2860 Angliae
611 2822 739 2858 oriundi,
2316 2840 2385 2868 553.

176 2857 216 2890 Et
231 2858 310 2898 quod
323 2859 379 2898 ipse
393 2860 426 2890 &
439 2859 576 2891 Haeredes
591 2862 628 2891 sui
640 2870 742 2891 omnes
755 2859 982 2891 &omnimodas
995 2859 1135 2892 Actiones
1147 2861 1200 2892 Se-
1304 2871 1368 2904 EX
1387 2872 1522 2903 omnibus
1556 2871 1590 2902 ad
1625 2882 1673 2902 003
1712 2873 1764 2903 &c
1789 2871 1914 2903 Salutem
2319 2873 2379 2898 Pat.
2404 2873 2431 2897 ιζ

141 2896 199 2926 &aa
213 2897 246 2928 &
261 2898 414 2936 Querelas,
434 2900 636 2943 cujuscumque
649 2900 700 2929 fint
712 2899 823 2936 generis
837 2906 944 2929 naturae
960 2898 1017 2929 five
1030 2898 1151 2939 speciei,
1170 2901 1200 2930 in
1244 2874 1300 2928 R
1355 2911 1453 2941 Sciatis
1476 2894 1557 2948 qugd
1578 2882 1659 2949 NqOS²
1683 2896 1692 2911 ’
1768 2896 1774 2902 ’
1918 2896 1925 2902 “
2318 2907 2382 2944 Jac.
2405 2918 2429 2936 ι.

140 2935 365 2980 quibuscumque
381 2936 476 2980 Curiis
492 2938 578 2968 Locis
594 2939 626 2969 ὃ(
640 2936 887 2980 jurisdictionibus
905 2937 1022 2975 nostris,
1042 2939 1143 2969 habere
1152 2948 1198 2969 ex-

138 2983 249 3017 ercere,
269 2974 359 3013 eisque
374 2983 417 3005 uti
432 2976 465 3005 &
482 2977 618 3014 gaudere,
633 2986 666 3006 ac
681 2986 725 3007 eas
742 2976 775 3006 ὅ(
790 2975 896 3006 eisdem
912 2976 1084 3013 placitare&
1100 2978 1200 3015 impla-

138 3013 238 3051 citari,
253 3012 418 3057 respondere
433 3014 466 3045 ὃς
488 3014 667 3057 respondem·
681 3013 830 3057 defendere
849 3016 882 3058 &c
904 3015 1017 3058 defendi
1041 3015 1144 3058 poffint
1164 3017 1198 3046 &

138 3051 264 3087 valeant,
282 3061 312 3081 m
326 3052 461 3081 omnibus
476 3053 509 3081 ὅ(
527 3061 575 3089 per
588 3062 684 3082 omnia
701 3053 771 3083 ficut
789 3053 886 3090 aliquis
909 3052 998 3083 fidelis
1021 3053 1125 3092 Ligeus
1145 3065 1199 3084 no-

1275 2947 1333 2979 Pro
1347 2951 1380 2981 ὃς
1395 2951 1424 2979 in
1439 2949 1662 2979 consideratione
1677 2950 1748 2979 boni
1762 2950 1824 2980 veri
1839 2950 1872 2980 &
1887 2947 2067 2987 acceptabilis
2089 2948 2201 2980 Set-vitii
2215 2948 2298 2979 nobis
2317 2952 2342 2981 P·
2366 2956 2392 2981 3·

1241 2996 1306 3027 per,
1327 2988 1476 3018 Dilectum
1491 2989 1524 3019 &
1545 2987 1670 3017 Fidelem
1693 2987 1945 3026 Consanguineum
1963 2990 1996 3018 δε
2020 2987 2224 3017 Confiliarium
2245 2997 2298 3018 no·
2319 2993 2345 3011 ’7’
2368 2993 2411 3022 23·

1241 3025 1347 3063 strum,
1361 3025 1522 3064 Johannem
1539 3029 1668 3055 Comitem
1689 3028 1789 3055 Marre
1811 3026 1861 3056 sub
1881 3025 2053 3056 Obedientia
2076 3026 2168 3055 nostra
2190 3026 2219 3055 in
2238 3024 2300 3056 Re-

1240 3072 1298 3102 gno
1313 3067 1412 3094 nostro
1427 3064 1533 3094 Scotiae
1549 3074 1646 3094 natum
1660 3065 1693 3095 δε
1709 3064 1865 3094 oriundum
1877 3086 1887 3101 ‚
1906 3064 1950 3093 seu
1963 3074 2146 3103 quocumque
2161 3064 2217 3094 alio
2230 3063 2299 3094 No-

140 3088 213 3128 ster,
231 3098 277 3120 aut
290 3089 376 3127 aliqui
396 3088 491 3119 fideles
509 3089 623 3120 Subditi
638 3089 726 3120 nostri
747 3091 777 3120 in
798 3090 879 3121 dicto
893 3090 999 3129 Regno
1020 3094 1120 3123 nostro
1136 3093 1198 3124 An-

136 3127 204 3167 gliae
220 3129 276 3158 nati
293 3127 350 3159 five
363 3128 488 3165 oriundi,

174 3165 210 3197 Et
226 3166 334 3204 insuper
351 3166 429 3206 quod
440 3166 515 3197 idem
530 3170 664 3198 Dominus
678 3170 764 3198 Home
778 3168 811 3199 &
825 3166 960 3199 Haeredes
975 3167 1013 3198 sui
1027 3168 1131 3200 Terras
1137 3169 1199 3200 Te-

139 3213 277 3236 nementa
293 3204 434 3236 Redditus
450 3204 636 3237 Reverfiones
650 3207 683 3237 ὅ(
699 3207 834 3244 Servitia,
852 3216 884 3236 ac
901 3207 952 3236 alia
966 3206 1197 3239 Haereditamen-

138 3253 167 3275 ta
183 3252 376 3282 quaecumque
391 3244 461 3274 infra
475 3244 583 3275 dietum
597 3245 733 3282 Regnum
750 3245 863 3281 Angliae
881 3246 913 3275 ὃς
929 3245 979 3275 alia
995 3245 1134 3277 Dominia
1144 3258 1199 3278 no-

138 3282 193 3313 stra
204 3305 214 3320 ,
233 3283 395 3321 perquirere
410 3284 532 3320 recipere
546 3293 646 3322 capere
660 3284 761 3314 habere
775 3292 872 3315 tenere
886 3294 982 3315 emere
995 3285 1027 3315 &
1043 3285 1199 3325 possidere,

136 3329 171 3351 ac
185 3322 225 3351 eis
240 3321 326 3352 uti&
338 3321 475 3360 gaudere,
492 3331 577 3361 eaque
591 3322 656 3353 dare
670 3323 790 3354 vendere
801 3322 919 3353 alienare
930 3324 963 3354 &
972 3323 1197 3362 legarecuicum-

135 3369 192 3398 que
204 3359 336 3391 Personae
349 3359 394 3390 seu
409 3360 635 3398 quibuscumque
648 3361 773 3392 Personis
793 3362 842 3391 fibi
858 3362 1009 3401 placuerit,
1026 3364 1060 3394 ad
1079 3364 1196 3395 libitum

137 3399 219 3429 suum
232 3398 341 3428 valeant
355 3399 389 3429 δί
404 3398 510 3436 possint
523 3399 600 3429 licite
612 3400 644 3430 &
658 3400 776 3437 impune
791 3410 824 3430 ac
840 3401 912 3431 adeo
934 3400 1021 3432 libere
1044 3404 1139 3440 quiete
1153 3404 1197 3433 in-

136 3437 215 3476 tegre
230 3437 263 3467 &
278 3435 414 3475 pacifice,
434 3437 502 3467 ficut
519 3436 615 3476 aliquis
629 3437 715 3468 fidelis
732 3438 836 3479 Ligeus
854 3438 951 3470 noster
971 3441 1044 3473 infra
1062 3442 1120 3472 hoc
1137 3441 1198 3471 Re-

134 3484 228 3514 gnum
239 3475 352 3515 Angliae
367 3475 503 3506 oriundus
512 3498 521 3514 ‚

173 3515 218 3545 Ac
238 3514 319 3552 qu‘od
336 3514 392 3551 ipse
409 3515 442 3544 &
458 3513 594 3545 Haeredes
606 3514 644 3543 sui
655 3514 743 3546 libere
757 3517 791 3547 &
809 3516 887 3548 licite
901 3518 1021 3549 clamare
1036 3520 1197 3552 retinere&

136 3553 256 3591 gaudere
275 3551 378 3590 posfint
402 3553 436 3582 &
457 3553 565 3583 valeant
582 3552 710 3583 Manena
729 3554 833 3585 Terras
855 3556 1039 3587 Tenementa
1057 3558 1197 3590 Redditus

134 3592 170 3622 &
181 3590 422 3622 Haereditamenta
435 3600 642 3629 quaecumque,
659 3591 707 3621 fibi
722 3601 771 3629 per
784 3593 868 3632 Nos,
886 3605 933 3626 aut
945 3605 993 3635 per
1007 3596 1109 3635 aliquas
1126 3598 1195 3629 Per-

137 3629 218 3660 sonas
232 3629 425 3668 quascumque
439 3638 485 3660 aut
501 3639 548 3667 per
563 3631 682 3669 aliquam
700 3630 854 3662 Personam
867 3643 1097 3674 quamcumque,
1115 3647 1195 3669 ante-

136 3667 191 3697 hac
205 3668 266 3700 data
281 3667 416 3699 concessa
432 3668 487 3698 five
503 3668 636 3706 assumta,
653 3667 725 3698 adeo
747 3669 834 3700 libere
854 3673 949 3709 quiete
972 3674 1081 3711 integre
1098 3677 1131 3708 ὃς
1145 3687 1194 3714 pa-

137 3704 242 3745 cifice,
257 3706 326 3737 ficut
342 3707 438 3745 aliquis
450 3706 536 3736 fidelis
551 3706 652 3746 Ligeus
666 3706 761 3737 noster
773 3709 845 3740 infra
859 3711 971 3740 dietum
987 3711 1125 3752 Regnum
1141 3725 1195 3746 no-

136 3741 228 3775 strum
246 3745 356 3784 Angliae
369 3745 520 3784 oriundus,

179 3782 226 3811 Ac
239 3784 324 3814 etiam
336 3783 416 3823 quod
428 3784 507 3814 idern
523 3783 693 3814 Alexander
705 3788 838 3815 Dominus
850 3788 936 3816 Home
948 3787 982 3818 &
995 3788 1131 3822 Haeredes
1145 3791 1198 3829 sui,

141 3827 242 3849 ornnes
255 3821 288 3851 &
303 3823 484 3853 omnimodas
507 3823 663 3854 Libertates
685 3823 862 3855 Franchefias
883 3826 917 3856 δε
940 3826 1090 3866 Privilegia
1109 3829 1195 3869 hujus

142 3855 241 3900 Regni
254 3859 342 3889 nostri
356 3860 443 3891 libere
455 3862 551 3900 quiete
565 3863 598 3892 ὃς
611 3861 730 3898 pacifice
749 3864 852 3894 habere
873 3864 907 3894 ὃς
928 3865 1083 3905 poffidere,
1102 3869 1193 3907 eisque

136 3903 179 3925 uti
195 3895 228 3924 &
241 3896 358 3934 gaudere
371 3899 492 3938 poffint,
509 3909 646 3938 tanquam
656 3900 735 3939 Ligei
750 3901 837 3932 nostri
859 3903 929 3932 infra
936 3903 1047 3935 dietum
1057 3906 1193 3944 Regnum

138 3931 268 3963 nostrum
291 3934 402 3980 Angliae
418 3939 493 3977 nati,
510 3940 563 3969 abs
579 3949 612 3970 ue
629 3940 838 3977 perturbatione
857 3941 1052 3974 molestatione
1071 3946 1191 3982 impedi-

141 3979 243 4001 mento
255 3981 399 4006 vexatione
410 3976 550 4008 calumnia
578 3989 612 4009 eu
621 3980 784 4017 gravamine
799 3978 887 4009 nostri
895 3979 1052 4012 Haeredum
1065 3992 1112 4014 aut
1121 3983 1193 4014 Suc-

140 4008 285 4040 cefforum
298 4011 458 4044 nostrorum
466 4038 477 4054 ,
490 4024 537 4047 aut
551 4017 712 4055 aliquorum
724 4018 842 4049 aliorum
857 4028 1127 4063 quorumcumque,
1145 4023 1193 4052 ali-

140 4057 200 4087 quo
213 4047 324 4080 Statuto
335 4049 414 4082 Actu
427 4052 616 4089 ordinatione
627 4056 674 4088 seu
689 4056 869 4096 Provisione,
887 4067 919 4089 in
938 4061 1112 4092 contrarium
1127 4060 1192 4094 inde

176 4089 251 4118 Tam.
267 4089 339 4127 VII.
357 4091 437 4121 Part.
453 4094 498 4123 ΙΙ.

1240 3112 1318 3133 mine
1334 3102 1520 3142 Cognomine
1532 3103 1686 3133 Additione
1699 3100 1792 3133 Statfis
1809 3101 1924 3132 Gradus
1939 3103 1993 3133 five
2010 3102 2084 3132 Locr
2098 3102 2239 3133 censeatur
2246 3112 2299 3133 vo—

1240 3149 1322 3171 cetur
1338 3141 1392 3172 five
1408 3140 1611 3180 cognoscatur,
1631 3142 1823 3178 multipliciter
1840 3141 1906 3171 facti
1921 3141 1952 3171 &
1972 3142 2109 3179 impensi,
2128 3151 2177 3178 ac,
2197 3151 2249 3178 pro
2257 3141 2301 3170 di-

1240 3179 1323 3210 verfis
1338 3179 1397 3209 aliis
1410 3178 1506 3210 Caufis
1522 3180 1554 3210 &
1574 3179 1854 3210 Considerationibus
1867 3189 1918 3208 nos
1936 3179 2086 3216 specialiter
2100 3180 2301 3215 moventibus,

1277 3217 1325 3248 De
1341 3217 1440 3248 Gratia
1456 3216 1551 3248 nostra
1566 3217 1696 3256 speciali,
1711 3228 1745 3248 ac
1759 3227 1792 3248 ex
1816 3227 1892 3247 certa
1910 3218 2032 3248 Scientia
2050 3219 2083 3248 &
2103 3227 2184 3248 mero
2208 3215 2300 3246 Motu

1239 3255 1359 3295 nostris,
1378 3266 1431 3294 pro
1448 3256 1548 3287 Nobis
1562 3256 1735 3286 Haeredibus
1749 3257 1782 3287 ὃ(
1799 3255 2012 3287 Successoribus
2028 3257 2142 3293 nostris,
2160 3254 2297 3285 concedi—

1241 3305 1305 3325 mus
1320 3295 1436 3332 praefato
1450 3294 1582 3334 Johanni
1594 3298 1691 3324 Comiti
1707 3298 1806 3325 Marre
1823 3294 1903 3332 quod
1922 3294 1993 3332 ipse,
2008 3295 2126 3324 durante
2151 3292 2216 3323 Vita
2230 3291 2295 3331 sua,

1238 3333 1269 3363 fit
1285 3333 1422 3372 Indigena
1436 3335 1468 3365 &
1483 3333 1584 3372 Ligeus
1596 3333 1691 3364 noster
1709 3344 1740 3363 ac
1754 3332 1912 3362 Haeredum
1927 3332 2170 3363 &Successorum
2183 3330 2299 3360 nostro-

1240 3382 1305 3402 rum
1320 3372 1415 3411 Regni
1431 3371 1518 3402 nostri
1540 3372 1670 3412 Angliae,
1688 3382 1721 3402 ac
1743 3371 1840 3409 quod,
1857 3370 1920 3408 post
1940 3370 2070 3401 Mortem
2096 3369 2218 3408 ejusdem
2238 3368 2296 3406 Jo-

1237 3409 1340 3441 hannis
1352 3413 1463 3441 Comitis
1476 3413 1591 3448 Marre,
1610 3410 1746 3440 Haeredes
1759 3409 1799 3439 sui
1816 3409 1866 3439 fint
1883 3410 1915 3440 ὃς
1929 3418 2007 3439 erunt
2024 3410 2102 3447 Ligei
2118 3407 2204 3437 nostri
2219 3407 2292 3437 Hae-

1237 3449 1338 3479 redum
1354 3451 1386 3480 &
1404 3449 1605 3479 Succefforum
1620 3449 1801 3486 nostrorum,
1818 3457 1850 3477 ac
1866 3449 1963 3485 quod,
1981 3456 2038 3478 tarn
2055 3447 2230 3484 ipsedurante
2239 3445 2293 3476 Vi-

1237 3487 1266 3518 ta
1280 3488 1344 3525 sua,
1363 3488 1449 3525 quam
1464 3487 1599 3518 Haeredes
1614 3488 1652 3517 sui
1668 3487 1730 3524 post
1744 3487 1801 3524 ejus
1818 3485 1964 3524 Mortem,
1983 3487 2010 3514 in
2026 3485 2158 3514 omnibus
2170 3484 2294 3514 trasten-

1236 3534 1283 3557 tur
1298 3534 1461 3564 reputentur
1477 3534 1622 3555 teneantur
1635 3526 1790 3556 habeantur
1800 3525 1831 3555 ὃς
1848 3525 2037 3562 gubernentur
2051 3532 2187 3561 tanquam
2197 3522 2293 3554 fideles

1240 3564 1322 3594 Lioei
1339 3564 1425 3595 nostri
1440 3564 1507 3594 infra
1525 3563 1662 3600 Regnum
1679 3563 1806 3593 nostrum
1822 3562 1932 3599 Angliae
1947 3561 2077 3599 oriundi,

1274 3588 1312 3633 fit
1326 3603 1406 3641 quod
1423 3602 1478 3640 ipse
1489 3602 1521 3632 &
1541 3601 1677 3632 Haeredes
1690 3602 1728 3631 sui
1743 3600 2073 3630 omnes&omnimodas
2089 3601 2227 3632 Actiones
2236 3600 2287 3632 Se-

1235 3641 1294 3672 ctas
1311 3643 1343 3673 &
1359 3641 1508 3679 QierelaS‚
1528 3640 1729 3677 cujuscumque
1743 3639 1796 3669 fint
1809 3638 1916 3676 generis
1930 3645 2034 3668 naturae
2052 3639 2107 3670 five
2123 3638 2241 3679 speciei,
2257 3641 2289 3672 in

1235 3680 1459 3718 quibuscumque
1470 3677 1565 3708 Curiis
1584 3678 1670 3708 Locis
1683 3679 1716 3709 &
1727 3676 1974 3717 Jurisd1ffionibus
1988 3676 2107 3715 nostris,
2123 3679 2225 3710 habere
2237 3689 2285 3710 ex-

1235 3728 1366 3757 cercere,
1385 3718 1476 3754 eisque
1494 3717 1533 3746 uti
1547 3716 1580 3746 &
1595 3716 1729 3754 gaudere,
1746 3725 1779 3744 ac
1793 3724 1837 3744 eas
1859 3714 1890 3744 &
1906 3714 2011 3744 eisdem
2029 3715 2159 3752 placitare
2180 3720 2212 3748 δε
2229 3718 2285 3747 im-

1233 3756 1372 3796 placitari,
1392 3755 1555 3793 respondere
1569 3755 1601 3784 &
1617 3753 1790 3791 responderi,
1805 3751 1956 3795 defendere
1968 3754 2001 3784 &
2016 3754 2127 3786 defendi
2137 3755 2285 3793 poffint&

1233 3795 1361 3834 valeant,
1378 3795 1408 3824 in
1423 3792 1558 3824 omnibus
1572 3793 1605 3823 ὅτ
1620 3801 1669 3829 per
1685 3791 1781 3821 omnia
1800 3794 1868 3820 ficut
1881 3790 1978 3828 aliquis
1995 3790 2082 3824 fidelis
2104 3795 2206 3833 Ligeus
2225 3805 2283 3825 no-

1234 3833 1306 3872 ster,
1323 3842 1370 3864 aut
1387 3833 1471 3870 aliqui
1489 3831 1580 3860 fideles
1596 3830 1706 3860 Subditi
1722 3828 1810 3858 nostri
1830 3830 1861 3859 in
1876 3828 1957 3860 dieto
1974 3828 2079 3870 Regno
2099 3834 2198 3863 nostro
2221 3834 2285 3865 An.

1232 3873 1299 3909 gliae
1314 3872 1372 3901 nati
1383 3870 1439 3901 five
1451 3868 1581 3906 oriundi,

1270 3910 1308 3940 Et
1321 3909 1430 3946 insuper
1446 3908 1526 3946 quod
1542 3907 1618 3936 idem
1632 3904 1780 3944 Johannes
1800 3908 1889 3948 {lomes
1911 3908 2010 3936 Marre
2031 3907 2065 3938 &
2090 3907 2226 3940 Haeredes
2242 3910 2282 3941 sui

1231 3948 1333 3979 Terras
1345 3948 1527 3978 Tenementa
1542 3944 1679 3975 Redditus
1694 3944 1879 3975 Reverlrones
1893 3945 1926 3974 &
1943 3945 2076 3980 Servitia,
2093 3956 2126 3977 ac
2143 3949 2192 3978 alia
2209 3948 2283 3978 Hae-

1231 3987 1414 4017 reditamenta
1426 3992 1618 4022 quaecumque
1634 3982 1707 4012 infra
1719 3982 1828 4012 dictum
1845 3982 1979 4020 Regnum
1989 3984 2101 4022 Angliae
2115 3986 2148 4016 &
2157 3986 2206 4016 alia
2218 3986 2282 4016 Do-

1233 4026 1319 4055 minia
1338 4023 1451 4061 nostra,
1468 4023 1627 4060 perquirere
1643 4023 1766 4058 recipere
1788 4030 1887 4058 capere
1906 4022 2008 4052 habere
2025 4031 2119 4053 tenere
2140 4034 2233 4054 emere
2251 4026 2285 4056 &

1232 4063 1388 4102 poffidere,
1405 4071 1438 4094 ac
1454 4063 1492 4092 eis
1505 4062 1544 4092 uti
1560 4060 1594 4092 &
1611 4060 1851 4128 gaudereffaque
1864 4059 1930 4092 dare
1938 4060 2061 4093 vendere
2076 4061 2191 4094 alienare
2204 4064 2236 4093 &
2246 4063 2284 4091 le-

2224 4107 2288 4137 gar·
