2557 4279
19 270 92 301 Ann.
104 264 145 296 D.

38 306 118 342 1617-

23 343 145 382 isJacJ.

19 381 138 410 *XVlL

22 431 60 456 ¹7-

18 464 73 487 ΡΜ.
100 465 140 490 ¹5·

16 499 144 537 J-¹·P.24·

18 548 42 566 n.
61 538 87 562 6-

0 1303 84 1335 Αῃη,
97 1299 138 1331 D.

35 1341 117 1377 1617.

0 1403 1 1407 ,
11 1380 72 1408 thid.

9 1429 34 1447 n.
50 1426 77 1453 5.

7 2603 82 2636 Ann.
94 2603 134 2634 D.

25 2644 109 2681 1617.

7 2683 70 2710 Ibid.

7 2726 30 2756 p.
41 2729 50 2746 i
59 2722 137 2749 iai-6.

9 3174 26 3195 *³
37 3175 131 3206 XVII.

13 3760 82 3792 ann.
96 3760 139 3791 D.

27 3800 112 3837 1617.

14 3842 65 3866 ΡΜ.
89 3849 129 3873 ¹5-

727 174 838 216 ET
921 176 1191 218 ACTA

266 354 293 380 *
319 355 368 386 De
381 355 518 385 Licentia
533 350 657 398 eligendi
668 376 678 389 ,
695 362 750 397 pro
768 351 903 398 Epist-opo
922 352 1121 395 Dunelmenfi.

170 443 222 497 R
235 438 314 475 EX,
332 438 440 481 dileQis
457 438 539 467 nobis
553 438 580 466 in
598 436 715 467 Christo
726 461 735 475 ,
755 440 864 467 Decano
877 435 914 471 &⁴
929 436 1067 476 Capitulo,
1085 435 1221 468 Ecclefiae

243 477 414 507 Cathedralis
434 476 569 506 Dunelm.
589 475 722 505 Salutem.
917 483 923 489 ·

202 515 245 546 Ex
257 522 333 552 parte
348 514 439 545 vestra
453 515 535 544 nobis
551 513 593 544 est
607 513 750 544 humiliter
765 514 946 555 supplicatum
964 520 1014 550 ut,
1032 513 1102 556 cum
1119 513 1221 545 Eccle-

163 554 198 584 fia
210 553 345 590 praedicta
360 576 369 590 ,
392 563 441 590 pei·
457 561 581 582 mortem
604 553 757 583 naturalem
773 552 865 582 ultimi
879 550 1012 593 Episcopi
1026 551 1147 595 ejusdem
1158 553 1218 590 jam

162 600 258 629 vacet,
278 593 311 622 ὃς
331 591 449 621 Pastoris
467 591 498 621 sit
520 591 618 621 solatio
639 590 786 626 destituta,
805 589 892 619 alium
907 589 991 632 vobis
1003 589 1124 627 eligendi
1137 593 1165 620 in
1179 590 1220 620 E-

159 629 309 667 piscopum
327 630 359 659 &
370 629 516 659 Pastorem
528 629 688 660 Licentiam
703 628 826 658 nostram
843 627 1030 657 fundatorum
1046 629 1129 658 vobis
1146 639 1219 659 con-

157 668 258 699 cedere
273 669 475 705 dignaremurz,
887 704 891 709 “
908 704 912 708 ,
972 704 976 709 ¹
1031 704 1035 709 Ι

197 706 231 736 N
234 717 283 743 03,
303 708 438 737 Precibus
452 706 547 737 vestris
565 705 593 734 in
607 704 661 734 hac
677 711 753 741 parte
767 703 956 733 favorabiliter
970 703 1151 743 inclinantes,
1170 706 1219 736 Li-

160 747 283 776 centiam
302 745 390 775 alium
407 745 488 777 vobis
502 742 620 783 eligendi
637 744 666 771 in
689 742 863 780 Episcopum
880 742 913 772 ὅ(
929 741 1074 773 Pastorem
1089 744 1220 775 duximus

157 783 407 861 conRngaenltcestaic
423 822 453 850 in
467 818 521 849 fide
537 821 570 850 &
581 818 735 863 dilefflone
749 818 852 861 quibus
865 818 948 848 nobis
968 819 1104 849 tenemini
1118 822 1218 865 praeci7

182 862 281 928 ³⁰m‘ii’
300 860 380 928 3¹1¹th
395 856 926 934 ῑῗτῖῗίῶἶῗέςώἱέἓὲἓ3ξῖἕὲοὲἕῖῑῖ
939 856 973 926 ἓξ
986 856 1219 928 ἕέἔῗξῐὲἓήηὲῗ

196 909 231 967 ig
246 909 325 974 ειῗῖυε
341 919 398 973 rei,
414 934 475 964 &c-

195 1012 284 1044 Teste
299 1012 382 1049 Rege
397 1009 470 1048 apud
485 999 762 1050 lWstniorrasteriii'm,
779 1009 914 1040 vicesimo
932 1009 1010 1041 sexto
1023 1009 1069 1041 die
1084 1010 1167 1042 Maii.

659 1088 713 1115 Per
726 1089 819 1115 Breve
834 1085 866 1114 de
880 1088 1001 1116 Privato
1011 1084 1110 1124 Sigillo.

194 1216 243 1248 De
265 1212 477 1260 Significavit,
498 1224 553 1259 pro
570 1211 698 1245 Ricardo
718 1213 809 1246 Neile
827 1212 964 1259 Epiftopo
978 1214 1178 1257 Dunelmerfi.

159 1298 247 1355 RE
257 1297 304 1335 X,
324 1297 572 1329 Reverendissimo
588 1300 616 1327 in
632 1296 750 1327 Christo
766 1298 859 1334 Patri,
875 1308 908 1328 ac
922 1296 1086 1335 praediledlo
1101 1299 1135 1329 ὅτ
1148 1299 1219 1330 fide-

233 1338 251 1366 li
278 1337 376 1366 nostro
391 1360 400 1374 ,
428 1335 562 1366 Domino
584 1336 670 1366 Tobiae
692 1335 853 1376 Eboracenfi
872 1336 1072 1375 Archiepifiopo
1085 1360 1094 1374 ,
1114 1348 1147 1368 ac
1163 1339 1221 1369 aliis

159 1375 374 1413 quibuscunque
399 1374 546 1413 Episcopis
565 1397 574 1412 ‚
600 1384 723 1411 quorum
746 1375 774 1403 in
795 1375 849 1403 hac
872 1383 949 1411 parte
969 1375 1096 1405 intererit
1113 1399 1123 1415 ‚
1141 1376 1220 1408 Salu—

158 1421 225 1444 tem.

194 1452 291 1489 Cum,
310 1459 430 1482 vacante
447 1461 536 1488 nuper
553 1450 624 1480 Sede
640 1449 798 1487 Episcopali
812 1449 1072 1489 Dunelmensi,per
1088 1451 1219 1484 Mortem

158 1491 312 1520 naturalem
330 1491 423 1520 ultimi
439 1489 571 1527 Episcopi
589 1488 712 1525 ibidem,
730 1489 764 1517 ad
781 1489 917 1519 humilem
934 1489 1106 1520 Petitionem
1130 1495 1220 1521 Deca-

158 1532 188 1559 ni
201 1526 238 1563 &
255 1527 373 1566 Capituli
389 1528 513 1565 ejusdem
528 1527 662 1557 Ecclesiae
676 1527 874 1557 Dunelmensis
889 1550 898 1564 ,
925 1537 975 1564 per
993 1528 1099 1559 Literas
1112 1530 1219 1560 nostras

158 1566 303 1603 Patentes,
325 1567 480 1595 Licentiani
496 1565 718 1596 concesserimus
734 1566 821 1595 alium
843 1567 892 1595 fibi
916 1567 1034 1605 eligendi
1056 1568 1084 1595 in
1100 1566 1220 1604 Episco-

158 1615 232 1642 pum
256 1606 288 1635 &
312 1604 458 1633 Pastorem
480 1604 558 1633 Sedis
575 1603 737 1641 praediecae3
755 1604 839 1633 iidem
854 1608 979 1633 Decanus
994 1603 1031 1638 ὠ·
1047 1605 1218 1646 Capitulum,

159 1644 258 1680 vigore
281 1643 312 1672 ἃ
338 1643 460 1672 obtentu
486 1642 623 1671 Licentiae
647 1640 753 1671 nostrae
770 1642 932 1679 praedi6he,
948 1643 1090 1679 elegerunt
1107 1646 1136 1673 in
1152 1644 1219 1682 Epi-

157 1680 278 1718 scopum
303 1682 336 1711 &
360 1680 506 1710 Pastorem
522 1702 531 1717 ,
556 1679 757 1709 Reverendum
773 1680 939 1711 Dominum
953 1703 963 1718 ,
981 1682 1125 1710 Ricardum
1138 1683 1219 1712 Neile

160 1718 391 1750 Lincolniensem
407 1717 600 1755 Episcopum,
619 1726 704 1755 prout
718 1727 768 1755 per
784 1718 891 1749 Literas
910 1719 985 1756 suas,
1004 1719 1101 1758 Sigillo
1115 1730 1217 1751 eorum

160 1758 312 1787 communi
329 1756 473 1793 sigillatas,
492 1757 590 1787 Nobis
604 1756 671 1786 inde
687 1755 819 1794 directas,
839 1757 947 1794 plenius
961 1767 1086 1795 apparet:

197 1795 266 1825 Nos
282 1819 291 1833 ‚
318 1794 500 1825 Elestionem
525 1795 599 1824 illam
619 1804 796 1832 acceptantes
823 1797 917 1826 eidem
932 1795 1074 1826 Electioni
1091 1796 1218 1836 Regium

160 1833 290 1864 nostrum
308 1833 455 1864 Ailensum
469 1833 648 1863 adhibuimus
663 1835 761 1870 pariter
778 1834 811 1865 &
825 1833 973 1873 favorem,
988 1833 1026 1865 Et
1039 1835 1100 1867 hoc
1116 1837 1217 1875 vobis,

158 1872 280 1903 Tenore
295 1871 493 1908 praesentium,
513 1870 715 1910 fignificamus:

200 1910 345 1950 Rogantes
355 1933 363 1947 ,
379 1919 411 1939 ac
428 1911 456 1939 in
471 1908 527 1940 fide
541 1910 573 1940 &
591 1908 747 1941 dilectione
760 1933 769 1947 ‚
786 1910 889 1948 quibus
901 1910 985 1941 nobis
1000 1913 1154 1952 tenemini,
1173 1912 1219 1944 fir-

159 1950 244 1980 miter
259 1947 450 1988 praecipiendo
466 1947 642 1986 mandantes,
659 1957 795 1985 quatenus
811 1959 865 1979 vos
873 1950 997 1980 eundem
1011 1950 1219 1983 Reverendum

159 1987 327 2018 Dominum
351 1987 493 2016 Ricardum
517 1985 597 2016 Neile
615 1986 844 2017 Lincolniensem
860 1986 1036 2027 Episcopum
1054 1991 1084 2019 in
1100 1989 1219 2027 Episco-

158 2036 232 2064 pum
253 2027 285 2054 &
309 2024 456 2055 Pastorem
476 2023 611 2055 Ecclesiae
632 2024 808 2055 Cathedralis
832 2025 1033 2057 Dunelmensis
1055 2029 1220 2070 praedieiae,

160 2065 217 2102 sic,
237 2072 267 2094 ut
282 2064 427 2100 praefertui·
442 2086 451 2100 ‚
473 2062 613 2100 electum,
632 2062 868 2100 Eieetionemque
885 2064 1050 2101 praediCtam
1065 2066 1219 2098 confirma-

157 2113 205 2140 re,
222 2111 379 2139 caeteraque
394 2102 490 2130 omnia
507 2101 541 2130 ὃς
557 2101 659 2138 singula
676 2110 822 2140 peragere,
841 2112 906 2140 quae
921 2103 1016 2133 vestro
1031 2106 1059 2133 i'n
1074 2105 1126 2135 hac
1144 2115 1219 2143 parte

155 2142 330 2170 incumbunt
339 2138 450 2169 Officio
466 2138 599 2168 Pastorali
608 2162 617 2175 ,
632 2138 712 2176 juxta
727 2140 852 2170 formam
864 2140 970 2172 statuti
982 2143 1011 2172 iu
1024 2152 1055 2172 ea
1067 2152 1147 2182 parte
1160 2145 1220 2176 edi-

157 2180 180 2209 ti
195 2180 227 2210 ὃς
240 2178 362 2216 provisi,
381 2176 467 2208 velitis
483 2186 551 2207 cum
565 2176 680 2208 effestu.

194 2216 229 2248 In
245 2217 324 2254 cujus
337 2216 394 2253 rei,
409 2215 471 2246 &c-

195 2291 287 2324 Teste
299 2291 381 2332 Rege
394 2291 468 2331 apud
487 2291 764 2332 Wstmonasterium‚
783 2293 926 2325 tricesimo
939 2294 985 2326 die
994 2294 1083 2334 Junii.

660 2371 714 2399 Per
729 2372 822 2400 Breve
836 2370 868 2400 de
882 2372 1000 2401 Privato
1014 2372 1114 2410 Sigillo.

332 2520 381 2552 Dc
401 2520 555 2564 Francisci
571 2521 694 2552 Baronis
716 2521 861 2553 Vernlam
882 2522 1045 2554 creatione.

161 2604 214 2660 R
227 2603 312 2642 EX,
331 2605 391 2636 &a
411 2603 655 2643 Archiepiscopis,
676 2604 810 2635 Ducibus
822 2627 832 2642 ‚
859 2603 1092 2644 Marcfflonibus,
1111 2606 1219 2638 Comi-

236 2644 327 2680 tibus,
346 2643 589 2681 Viceconiitibus‚
609 2642 773 2681 Episcopis,
792 2642 961 2681 Baronibus,
978 2643 1218 2683 Batonettis,Mi-

159 2680 254 2711 litibus
267 2705 276 2720 ,
302 2681 462 2719 Praepositis
477 2704 487 2719 ,
509 2681 603 2711 liberis
624 2681 801 2712 Hominibus
813 2704 823 2720 ,
849 2691 883 2712 ac
897 2682 1031 2712 omnibus
1047 2683 1215 2723 Officiariis,

159 2718 299 2749 Ministris
312 2721 344 2750 &
359 2720 483 2750 Subditis
497 2719 600 2749 nostris
618 2720 859 2759 quibuscumque,
877 2720 913 2750 ad
928 2730 999 2759 quos
1012 2723 1159 2759 praesentes
1166 2723 1216 2755 Li-

159 2765 224 2788 terce
238 2759 434 2795 pervenerint,
454 2758 588 2788 Salutem.

195 2796 373 2826 Arbitraniur
386 2796 479 2834 regalis
495 2796 649 2836 Dignitatis
663 2796 805 2836 fastigium
818 2798 852 2829 &
866 2799 959 2828 ornari
972 2800 1006 2831 &
1020 2799 1126 2837 attolli,
1141 2799 1215 2831 dum

159 2834 221 2864 Viri
233 2835 311 2872 digni
324 2835 356 2865 &
371 2836 528 2864 viritutibus
542 2835 623 2872 clati,
643 2835 675 2865 &
691 2835 727 2865 de
743 2835 863 2866 Corona
877 2836 972 2866 nostra
990 2839 1023 2868 δε
1040 2838 1076 2868 de
1091 2839 1217 2875 republi—

156 2882 191 2902 ca
211 2872 284 2902 bene
307 2874 400 2903 meriti
417 2896 426 2910 ,
451 2872 579 2903 Honoris
593 2875 627 2905 ὃς
644 2873 802 2912 Dignitatis
819 2875 925 2906 Titulis
941 2876 974 2907 &
987 2876 1214 2909 Praeeminentiis

155 2910 337 2948 insigniuntur
352 2912 384 2942 ὃς
400 2911 578 2941 decorantur.

192 2949 264 2979 Hoc
277 2950 354 2979 enim
370 2959 437 2979 curn
453 2949 499 2987 sit,
518 2950 550 2981 ὅ(
564 2949 726 2988 hujusmodi
741 2950 874 2981 honorati
889 2951 1093 2984 confirmantur
1112 2955 1140 2984 in
1156 2954 1213 2986 stu-

153 2987 205 3017 dio
227 2987 299 3017 bene
321 2988 445 3017 merendi
461 3010 470 3025 ,
494 2989 527 3019 ὅτ
551 2989 596 3017 alii
621 2988 780 3026 complures
795 2989 986 3021 incenduntur
1008 2993 1042 3023 &
1057 2994 1214 3024 excitantur

154 3026 189 3055 ad
207 3026 391 3056 imitationem
407 3027 533 3063 virtutis²
552 3027 585 3056 ὅ(
599 3025 665 3056 Rex
677 3026 734 3065 ipse
747 3027 844 3058 fruitur
855 3027 974 3066 Judicio
988 3030 1039 3061 suo
1054 3031 1103 3061 cui
1115 3031 1213 3070 Popu-

154 3063 197 3095 lus
209 3064 347 3101 applaudit
362 3064 394 3094 &
409 3062 582 3100 suffragatur.

191 3102 260 3132 Nos
277 3103 376 3140 igitur,
393 3101 501 3131 maturi
518 3102 718 3132 deliberatione
734 3102 940 3135 considerantes
957 3107 991 3137 &
1008 3108 1211 3144 perpendentes

152 3141 179 3170 in
207 3140 327 3170 Persona
355 3140 505 3177 praedilecti
531 3141 564 3170 &
583 3139 669 3170 fidelis
685 3139 844 3172 Consiliarii
858 3143 948 3174 nostri
962 3146 1098 3184 Francisci
1114 3150 1209 3177 Baton

155 3179 255 3210 Militis
273 3177 438 3208 Cancellarii
456 3177 474 3197 ³*
496 3178 584 3208 nostri
604 3179 716 3217 Angliae
735 3180 871 3211 familiam
890 3182 905 3212 a
922 3182 994 3213 clara
1010 3183 1094 3222 stirpe
1113 3186 1211 3215 oriun—

151 3218 216 3248 dam
232 3240 242 3255 ,
268 3219 297 3247 in
316 3216 371 3254 qua
389 3218 472 3246 etiam
490 3217 619 3248 elucescit
637 3217 703 3248 illud
718 3240 729 3256 ,
752 3219 829 3256 quod
857 3223 921 3251 raro
940 3230 986 3251 aut
1003 3222 1117 3253 fortasse
1134 3233 1209 3255 nun-

151 3266 237 3293 quam
263 3256 355 3286 adhuc
373 3254 495 3292 accidit,
521 3265 551 3286 ut
570 3255 646 3286 Patri
669 3257 784 3293 optimo
802 3258 835 3288 &
854 3258 1069 3296 prudentiffimo
1086 3261 1158 3292 Viro
1176 3264 1207 3294 in

150 3295 264 3324 Officio
282 3293 418 3323 Custodis
437 3292 538 3331 Magni
555 3293 643 3332 Sigilli
661 3293 773 3334 Angliae
788 3295 948 3328 successerit
963 3322 973 3336 ,
989 3299 1091 3330 deinde
1105 3302 1205 3339 gradus

149 3334 221 3371 ipsos
237 3343 283 3370 per
302 3342 373 3370 quos
391 3332 420 3360 in
440 3340 572 3369 perpetua
596 3332 661 3362 serie
676 3333 778 3364 servitii
794 3335 881 3365 nostri
900 3337 933 3367 ad
954 3339 1105 3369 sublimem
1128 3339 1205 3378 Dig-

149 3374 266 3402 nitatem
284 3370 450 3401 Cancellarii
470 3370 558 3400 nostri
582 3380 630 3406 per
652 3381 705 3400 nos
727 3372 813 3403 veluti
836 3384 920 3405 manu
944 3376 1044 3407 duetus
1059 3379 1092 3408 &
1107 3378 1207 3409 vectus

150 3410 231 3441 fuerit
241 3433 250 3448 ,
268 3410 390 3447 denique
401 3408 549 3447 gratissima
564 3409 597 3438 &
611 3408 764 3440 fidelissima
780 3411 888 3444 servitia
901 3423 966 3452 quae
980 3415 1056 3445 idem
1079 3419 1206 3446 Francis-

150 3461 193 3479 cus
208 3453 300 3479 Baton
313 3457 372 3478 tam
388 3449 416 3477 in
433 3447 683 3478 Administratione
695 3447 816 3486 Justitiae
833 3452 921 3489 quam
943 3453 972 3482 in
995 3454 1085 3484 arduis
1101 3454 1205 3493 Nego-

148 3489 192 3519 tiis
208 3488 308 3526 Regni
322 3486 438 3517 Consilii
452 3486 484 3517 &
503 3484 597 3517 Status
613 3485 703 3519 nostri
717 3487 826 3521 summa
845 3500 912 3521 cum
934 3491 990 3521 fide
1004 3502 1072 3524 cura
1086 3494 1120 3524 ὅτ
1137 3503 1205 3533 pru-

179 3617 230 3650 De
250 3613 596 3661 Commisfionespecialie
614 3612 727 3647 diretta
745 3613 863 3648 Thomae
884 3620 1014 3652 Domino
1037 3624 1173 3668 Knyvet,

357 3664 448 3710 fhper
465 3667 593 3696 M‘oneta
607 3663 691 3707 infra
706 3665 831 3696 Turrim
847 3665 994 3702 audenda.

154 3746 274 3818 JAMes
284 3772 293 3784 ,
309 3750 347 3787 by
362 3750 411 3780 tlie
427 3748 522 3779 Grace
538 3747 573 3778 of
585 3748 673 3787 God,
691 3748 751 3785 &c.
770 3748 838 3787 To,
856 3761 909 3783 oui·
924 3754 1020 3786 trustie
1035 3758 1090 3788 and
1099 3759 1205 3790 welbe-

200 3786 281 3816 loved
291 3810 299 3824 ,
315 3787 427 3818 Thomas
443 3788 522 3817 Lord
536 3790 650 3827 Knyvet
661 3811 670 3826 ‚
689 3788 741 3818 and
756 3796 787 3818 to
797 3811 806 3826 ,
824 3800 878 3820 our
892 3792 986 3824 trustie
999 3797 1053 3826 and
1069 3798 1205 3828 welbelo-

159 3822 210 3852 ved
221 3846 229 3860 ,
247 3826 372 3855 Edmund
390 3826 524 3866 Dooblday
543 3826 658 3863 Esquier
673 3849 683 3863 ,
708 3826 848 3858 Wardens
868 3829 903 3857 of
913 3840 966 3861 our
982 3833 1087 3872 Mym,
1105 3838 1158 3865 and
1176 3846 1206 3867 to

116 3887 140 3904 ⁴.
159 3860 275 3890 Richard
294 3867 387 3900 Rogers
410 3865 605 3896 Comntroller
624 3889 633 3902 ,
650 3864 757 3894 Walter
777 3866 916 3896 Williams
930 3870 982 3900 and
996 3874 1126 3904 Andrew
1141 3875 1205 3904 Pal.

162 3909 234 3935 mer,
257 3899 462 3931 Assav-nmiiers
479 3904 514 3933 of
525 3914 577 3933 our
596 3903 699 3941 Mynt,
716 3903 852 3943 Anthony
866 3908 980 3945 Knyvet
992 3910 1089 3942 Tellor
1105 3913 1141 3942 of
1153 3924 1206 3944 our

165 3937 288 3975 Moneys
299 3962 304 3971 .‚
321 3940 402 3969 Paule
416 3941 562 3971 Swrllowe
577 3942 718 3980 Surveyor
732 3943 766 3971 oi
778 3944 825 3972 tlie
841 3945 957 3983 melting
968 3948 1004 3977 of
1016 3959 1069 3979 our
1087 3952 1190 3989 Myr-ite

161 3976 214 4005 and
240 3984 271 4005 tn
290 3976 324 4005 all
345 3979 425 4008 othei·
442 3990 494 4009 our
515 3980 640 4011 Officers
659 3981 713 4011 and
738 3980 881 4012 Ministers
905 3983 942 4013 of
950 3995 1002 4015 our
1017 3987 1071 4019 said
1087 3976 1208 4029 Mynte’

160 4014 216 4045 and
235 4020 265 4042 to
282 4024 360 4052 every
372 4018 405 4046 oi
418 4017 495 4048 them
508 4041 516 4054 ,
530 4018 676 4058 Greeting.
1199 4014 1209 4029 '

193 4051 366 4084 Forasmuch
385 4063 413 4085 as
434 4056 471 4095 by
496 4058 544 4090 the
568 4057 694 4090 Decease
716 4058 753 4090 of
770 4058 813 4091 Sir
836 4059 957 4093 Richard
966 4065 1081 4098 Martin
1095 4065 1207 4103 Knig'nt

1154 4106 1208 4137 late

1274 175 1761 225 PUBLICA;

2285 208 2329 246 13

1266 261 1358 293 dentia
1377 263 1506 308 praestitit
1529 267 1562 297 &
1585 268 1747 311 impendit,
1773 271 1914 311 indiesque
1935 274 2099 314 impendere
2123 286 2183 308 non
2206 278 2325 317 deestis,
2345 282 2411 311 llnn.
2425 279 2464 310 D.

1268 309 1384 346 necnon
1402 304 1708 350 circumspectionem,
1727 312 1899 345 prudentiam
1917 338 1924 349 ,
1952 314 2156 352 strenuitatem,
2174 316 2324 349 dexteriia-
2355 322 2438 354 1617.

1268 347 1348 377 tem,
1367 349 1557 380 integritatem
1572 365 1583 386 7
1597 345 1761 376 industriam
1776 369 1785 384 ,
1803 350 1989 381 constantiani
2007 354 2038 382 ὃ(
2059 354 2221 385 fiderit-iterii
2241 357 2322 393 ips-us
2334 355 2465 397 15J-ic.i.

2283 378 2291 387 ι

1266 377 1403 417 Francifii
1420 381 1515 423 chon
1532 379 1632 412 Militis
1649 392 1714 421 erga
1731 384 1797 415 Nos
1815 388 1847 418 &
1867 388 2013 420 Coretum
2035 392 2179 431 nostram,

1300 415 1352 460 De
1369 417 1467 448 Gratia
1484 417 1576 454 nostra
1594 419 1702 456 speciali
1718 445 1728 459 ‚
1746 434 1780 454 ac
1796 434 1829 454 ex
1849 435 1923 456 certa
1942 428 2061 460 Scienzia
2079 432 2111 462 &
2132 442 2211 463 mero
2231 432 2322 465 Motu

1264 453 1366 485 nostris
1382 478 1401 500 ,⁴
1417 456 1564 494 praefaium
1582 458 1750 497 Francifium
1774 464 1868 493 Baton
1890 465 2013 496 Militem
2041 469 2072 497 ad
2090 469 2199 501 Statum
2214 495 2222 500 .
2243 472 2320 503 Gra—

1262 492 1333 536 dum
1359 492 1539 538 Dignitatem
1554 495 1587 525 &
1600 496 1756 528 Honorem
1775 499 1825 531 Bai
1835 511 1886 532 Ro
1896 512 1917 532 N
1927 513 1938 533 i
1950 513 1962 534 s
1983 514 2003 534 D
2014 515 2030 535 ε
2052 507 2076 537 V
2086 517 2104 537 E
2116 518 2136 538 R
2150 517 2169 538 u
2179 518 2200 539 L
2210 503 2228 539 Ᾰ
2242 519 2268 540 M
2281 520 2321 540 to

1262 540 1292 561 in
1350 541 1469 576 omitatu
1493 533 1593 563 nostro
1612 534 1785 567 Hertfordiae
1811 542 1949 571 ereximus
1971 544 2145 580 piaefeeinius
2160 548 2192 578 ἃ
2212 551 2322 580 creavi—

1263 579 1343 608 mus,
1361 571 1508 610 ipsumque
1526 573 1693 612 Franciscum
1710 573 1850 606 Batonem
1867 578 1904 607 de
1923 578 2087 611 Verulamio
2103 586 2241 620 praedidio
2277 597 2322 619 re..

1262 618 1333 638 nore
1348 608 1547 647 Praesentium,
1567 611 1738 650 praeficimus
1756 614 1955 646 constituimus
1973 619 2006 649 &
2019 623 2173 654 creavimus
2184 646 2192 660 ‚
2211 612 2321 656 eidem-

1262 656 1317 684 que
1331 648 1471 688 Francisco
1485 648 1623 687 Nomen,
1641 651 1759 690 stilum,
1778 651 1911 683 Titulum
1931 655 1963 685 &
1983 655 2135 689 Honorem
2156 661 2269 694 B..ioiiis
2282 666 2320 695 de

1263 684 1429 716 Verulamio
1449 687 1634 724 imposuimus
1653 689 1783 721 dedimus
1802 691 1837 721 &
1854 692 2042 732 praebu1mus,
2057 706 2106 734 ac,
2126 708 2173 735 per
2194 701 2319 734 Praesen-

1260 731 1317 760 tes,
1335 725 1433 755 damus
1452 726 1626 764 imponimus
1644 728 1677 759 &
1694 729 1871 767 praebemus,

1299 761 1553 807 ῌᾼΒεΝουΜ
1574 766 1607 796 &
1629 766 1888 798 TENENDUM
1904 767 2003 799 eadem
2021 770 2149 812 Statum,
2168 775 2298 810 Gnidum
2314 784 2322 789 ’

1262 800 1443 838 Dignitatem
1460 825 1469 839 ,
1494 802 1598 833 Stilum
1613 827 1622 838 ,
1648 804 1773 835 Nomen
1789 828 1799 842 ,
1827 805 1959 836 Titulum
1981 808 2014 839 ὃς
2035 808 2187 841 Honorem
2205 805 2322 848 Γηρᾶ-ὦ

1262 839 1403 878 Francifio
1420 841 1453 871 &
1469 840 1639 872 Haeredibus
1661 842 1716 874 suis
1734 844 1864 875 masculis
1882 845 1919 875 de
1935 844 2070 883 Corpore
2087 849 2136 879 suo
2154 857 2320 887 excungbus

1261 876 1610 911 IMPERPETUUM:

1299 915 1439 960 Volentes
1457 918 1490 948 ὃς
1509 926 1558 954 per
1574 918 1725 951 Praesentes
1737 920 1931 954 concedentes
1947 945 1956 960 ,
1972 931 2023 959 pro
2040 922 2139 955 Nobis
2150 924 2320 963 Haeteclibus

1260 954 1300 997 ὃς·
1315 954 1529 986 Successoribus
1548 956 1649 986 nostris
1662 980 1672 996 ,
1698 960 1777 996 quod
1795 959 1945 998 praediciti<
1964 964 2121 1001 Framisms
2135 968 2166 996 ὅ(
2187 967 2322 1001 Haeredes

1261 992 1300 1022 sui
1319 993 1434 1023 masculi
1448 994 1575 1030 praediffi
1595 995 1738 1034 Nomen,
1757 997 1887 1036 Statum,
1907 998 2054 1038 Gradum,
2072 1001 2195 1041 stilum,
2216 1005 2323 1046 Digni-

1262 1038 1366 1070 tatem,
1382 1032 1514 1062 Titulum
1534 1033 1567 1063 &
1587 1032 1739 1064 Honorem
1757 1036 1906 1073 praedic‘tos
1925 1037 2080 1068 succeffive
2105 1049 2206 1077 gerant
2222 1046 2254 1074 ὃς
2273 1048 2322 1075 ha-

1262 1069 1361 1107 beant,
1381 1070 1412 1100 &
1430 1079 1530 1100 eorum
1550 1072 1667 1108 quilibet
1685 1082 1761 1110 gerat
1781 1075 1814 1105 &
1833 1074 1934 1106 habeat
1948 1099 1957 1114 ,
1983 1087 2016 1106 ac
2037 1087 2086 1115 per
2112 1089 2221 1111 nomen
2241 1082 2325 1114 Baro-

1261 1117 1335 1137 num
1353 1108 1390 1138 de
1406 1107 1572 1138 Verulamio
1592 1110 1744 1141 successive
1762 1121 1903 1144 vocentur
1918 1116 1951 1145 ὃ(
1972 1124 2171 1154 nuncupentur
2185 1143 2195 1157 ,
2220 1123 2253 1152 ἃ
2273 1132 2324 1153 co-

1262 1155 1327 1176 rum
1347 1145 1465 1183 quilibet
1481 1156 1601 1177 vocetur
1619 1150 1652 1179 &
1671 1159 1863 1188 nuncupetur:

1301 1184 1425 1222 Qiodq3
1444 1185 1519 1215 idem
1535 1187 1691 1225 Franciscus
1710 1189 1741 1218 ὃς
1762 1189 1897 1220 l-laeredes
1915 1191 1953 1221 sui
1971 1193 2084 1223 masculi
2108 1195 2238 1232 praedic‘li
2264 1199 2326 1230 suc-

1264 1222 1369 1253 ceffive
1389 1223 1512 1254 Batones
1529 1223 1564 1253 de
1586 1224 1714 1256 Verulam
1744 1229 1772 1257 in
1791 1230 1923 1259 omnibus
1944 1240 2087 1262 teneantur
2105 1234 2139 1264 ὃς
2157 1244 2188 1265 ut
2206 1235 2329 1269 Baiones

1263 1261 1418 1292 tractentur
1436 1263 1469 1294 &
1490 1271 1670 1302 reputentur,
1689 1266 1721 1296 &
1742 1267 1859 1304 quilibet
1877 1277 1977 1299 eorum
1996 1278 2119 1303 teneatur
2139 1274 2271 1305 tractetur
2290 1277 2325 1308 &c

1263 1309 1422 1338 reputetur,

1297 1338 1487 1384 ‘Habeantque
1507 1347 1619 1384 teneant
1639 1340 1670 1371 &
1692 1341 1847 1378 possideant
1860 1344 1952 1376 dictus
1969 1346 2125 1387 Francifcur
2140 1350 2172 1380 &
2188 1350 2328 1385 Haeredes

1264 1376 1302 1406 sui
1331 1377 1445 1408 masculi
1473 1378 1602 1416 praediffi
1618 1402 1627 1415 ,
1655 1380 1687 1409 &
1707 1390 1808 1411 eorum
1831 1383 1948 1420 quilibet
1966 1385 2064 1415 habeat
2083 1390 2221 1420 teneat&
2241 1392 2329 1428 possi-

1264 1415 1344 1453 deat,
1363 1416 1468 1446 Sedem
1489 1417 1603 1458 Locum
1628 1417 1661 1449 &
1681 1416 1795 1449 Vocem
1815 1421 1844 1449 in
1863 1421 2051 1454 Par-lismento
2069 1426 2103 1456 &
2122 1427 2243 1463 publicis
2263 1431 2327 1460 Co-

1266 1455 1348 1484 mitiis
1373 1463 1456 1491 atque
1482 1454 1612 1486 Connliis
1640 1454 1741 1486 nostris
1768 1457 1926 1489 Haeredum
1945 1462 1976 1490 &c
1993 1461 2195 1495 Succefforum
2211 1467 2328 1498 nostro-

1264 1502 1330 1523 rum
1344 1516 1354 1530 ,
1379 1493 1450 1522 infra
1473 1492 1608 1537 Regnum
1628 1494 1757 1525 nostrum
1785 1496 1896 1535 Angliae
1946 1501 2019 1529 inter
2036 1505 2103 1529 alins
2122 1502 2241 1535 Batones
2256 1530 2266 1542 ‚
2293 1515 2326 1538 ut

1264 1530 1387 1562 Batones
1421 1530 1600 1563 parliamenti
1630 1533 1663 1563 &
1687 1534 1871 1571 publicorum
1925 1538 2096 1569 omitiorum
2122 1542 2154 1572 ὃ(
2184 1541 2327 1576 Consilio-

1266 1578 1348 1607 rum,

1303 1607 1434 1638 Necnon
1446 1608 1538 1639 di&us
1555 1609 1713 1648 Franciscus
1732 1611 1765 1642 &
1780 1611 1919 1643 Haeredes
1933 1613 1972 1644 sui
1989 1613 2101 1645 masculi
2115 1616 2244 1653 praediffi
2260 1628 2327 1657 gau-

1265 1645 1349 1676 deant
1369 1647 1401 1678 &
1420 1655 1547 1685 utantur,
1566 1649 1599 1679 ὃς
1619 1658 1720 1678 eorum
1741 1651 1860 1687 quilibet
1878 1652 1997 1688 gaudeat
2015 1654 2049 1685 &
2068 1661 2160 1684 utatur
2176 1679 2186 1694 ,
2206 1666 2253 1692 per
2274 1669 2328 1689 no-

1265 1693 1331 1727 men
1350 1684 1491 1715 Baronum
1511 1685 1546 1715 de
1566 1686 1747 1724 Verulamio,
1766 1690 1902 1719 omnibus
1920 1690 1953 1720 &
1967 1690 2078 1730 singuiis
2091 1693 2190 1724 talibus
2201 1695 2330 1736 Juribus,

1265 1721 1423 1765 Privilegiis
1438 1746 1447 1760 ,
1472 1723 1717 1755 Praeheminentiis
1743 1726 1776 1756 ὃς
1800 1726 2031 1759 Immunitatibus
2058 1729 2139 1761 statui
2165 1732 2279 1764 Baroniz
2297 1738 2329 1766 in

1264 1762 1398 1791 omnibus
1416 1763 1469 1792 rite
1488 1763 1520 1792 ὅ(
1539 1763 1573 1792 de
1589 1762 1658 1799 J·ire
1677 1765 1879 1799 pertinentibus
1891 1789 1900 1804 ,
1919 1766 2021 1804 quibus
2037 1770 2133 1799 caereri
2152 1769 2270 1802 Ramnes
2286 1774 2329 1804 di-

1265 1798 1303 1829 eci
1326 1798 1419 1839 Regni
1437 1799 1525 1830 nostri
1545 1801 1657 1838 Angliae
1683 1811 1745 1833 ante
1770 1803 1833 1833 hec
1857 1814 1987 1842 tempora
2014 1806 2115 1837 melius
2136 1807 2329 1842 honorificen-

1264 1838 1318 1868 tius
1333 1840 1366 1869 &
1386 1839 1508 1876 quietiiIs
1528 1839 1567 1869 usl
1582 1839 1644 1870 sunt
1661 1840 1693 1871 &
1712 1841 1817 1880 gavisi,
1835 1841 1881 1873 seu
1899 1844 1928 1874 in
1945 1844 2073 1882 praesenti
2087 1846 2211 1885 gaudent
2237 1850 2270 1881 ὃ(
2292 1861 2326 1888 ug

1264 1884 1379 1914 tantun,

1302 1914 1444 1945 Volumus
1455 1916 1542 1946 etiam
1551 1939 1561 1955 ,
1580 1916 1642 1948 &c.

1299 1953 1346 1984 Eo
1361 1954 1440 1991 quod
1447 1976 1458 1991 ‚
1478 1956 1538 1985 &c.

1300 1991 1336 2023 In
1349 1992 1428 2030 qu'us
1445 1995 1501 2031 rei,
1520 1994 1581 2025 &c.

1672 2069 1738 2101 Hiis
1752 2071 1907 2111 Testibus,

1300 2145 1528 2214 Plrlaechariffimo
1549 2147 1583 2178 &
1600 2146 1844 2180 Praedilefflffimo
1863 2150 1935 2180 Filio
1954 2150 2052 2183 nostro
2067 2175 2078 2191 ‚
2095 2154 2190 2185 carolo
2206 2157 2325 2197 Principe

1263 2188 1317 2215 Wa
1341 2189 1391 2223 iae,
1853 2217 1858 2222 ,

1263 2261 1287 2292 st
1301 2223 1345 2266 Ac
1361 2225 1446 2255 etiam
1468 2223 1630 2255 charissimis
1647 2225 1862 2265 consanguineis
1881 2227 1914 2258 δε
1934 2228 2059 2259 fidelibus
2080 2230 2252 2264 Consiliariis
2270 2244 2325 2266 no-

1289 2272 1324 2292 ris
1448 2286 1451 2288 t

1299 2286 1439 2330 Lirdovico
1456 2304 1531 2330 Duce
1546 2304 1660 2340 Lenox,
1679 2302 1837 2333 Senescallo
1851 2303 1974 2342 Hospitii
1990 2305 2098 2345 nostri,

1297 2342 1408 2376 Georgia
1423 2340 1581 2369 Marrhione
1595 2341 1684 2377 nack,
1705 2341 1850 2379 Magistro
1866 2341 1939 2380 Equi
1956 2343 2064 2383 nostri,

1298 2377 1405 2416 Jacobo
1420 2378 1579 2407 Marclmne
1596 2378 1755 2417 Hamilton,

1299 2415 1452 2445 willielmo
1467 2420 1565 2445 Comite
1579 2416 1771 2456 pembrochiae,
1790 2418 1956 2450 Camerario
1971 2419 2096 2459 Hospitii
2111 2422 2217 2463 nostri,

1297 2453 1398 2483 Thema
1413 2458 1515 2483 Comite
1532 2455 1709 2485 Arundelliae
1722 2455 1760 2490 ῤ’
1775 2460 1879 2486 Surriae
1888 2481 1897 2495 ,

1294 2492 1341 2522 Ac
1357 2491 1529 2523 Chariffimo
1545 2492 1768 2531 Consanguineo
1782 2495 1901 2534 nostro,
1917 2496 2038 2535 Philippo
2060 2501 2161 2527 Comite
2176 2502 2325 2540 Mountgoss

1260 2540 1349 2560 merie.

1296 2571 1340 2598 Ac
1353 2569 1439 2598 etiarn
1455 2569 1618 2599 chariffimo
1633 2568 1857 2609 Consanguineo
1879 2573 1913 2604 &
1933 2572 2009 2604 fideli
2029 2572 2202 2607 Consiliario
2217 2576 2316 2610 nosti-0

1257 2605 1361 2638 Thoma
1376 2609 1404 2635 V
1405 2610 1534 2637 icecomite
1550 2610 1671 2645 Fenton,

1296 2644 1443 2683 Necnon,
1465 2645 1639 2676 Reverendis
1658 2647 1685 2675 in
1706 2645 1825 2678 Christo
1845 2647 1990 2688 Patribus,

1292 2683 1408 2713 Ricarda
1426 2683 1552 2722 Episc'opo
1567 2683 1691 2714 Dunelmt

1293 2722 1430 2751 Lodovico
1445 2722 1571 2762 Epfiopo
1588 2725 1709 2759 Bangon

1293 2761 1339 2791 Ac
1358 2760 1533 2790 Praedilecns
1546 2762 1579 2791 &
1596 2761 1738 2792 Fidelibus
1751 2761 1870 2800 nostris,

1293 2801 1410 2828 Henrico
1422 2801 1539 2829 Domino
1556 2798 1686 2837 Cliffirrd,

1260 2877 1280 2906 b
1294 2837 1568 2906 Ecss'munaesquomino
1587 2837 1709 2876 Sheffbld
1719 2860 1729 2875 ,
1748 2836 1921 2871 Praefidente
1937 2838 2056 2871 Consilii
2073 2841 2162 2874 nostri
2183 2845 2211 2874 in
2227 2845 2319 2883 Parti-j

1283 2886 1314 2906 us
1349 2885 1413 2907 orca
1426 2887 1434 2906 i
1459 2886 1489 2906 us

1292 2914 1340 2945 Ac
1354 2915 1437 2944 etiam
1456 2900 1621 2952 praedilectis
1640 2914 1675 2946 &
1692 2913 1819 2945 fidelibus
1838 2914 2008 2947 Consiliariis
2025 2918 2141 2958 nostris,

1291 2955 1401 2990 Georgia
1415 2956 1533 2983 Domino
1547 2956 1660 2982 carewe

1290 2990 1399 3059 {Iacobo
1415 2995 1530 3021 Domino
1542 2994 1624 3030 Hay,
1646 2975 1784 3028 Magistro
1800 3000 1910 3029 magnae
1930 2992 2107 3024 Garderobae
2127 2995 2248 3035 nostrae,

1250 3066 1266 3097 l
1298 3067 1316 3096 h
1330 3039 1424 3060 ecnon
1445 3030 1610 3067 praedilecto
1629 3030 1663 3061 ὃ(
1685 3028 1758 3060 fideli
1782 3030 1880 3060 nostro
1906 3032 2027 3061 lValtero
2054 3036 2169 3063 Domina
2192 3037 2225 3064 de
2247 3039 2316 3066 Boc:

1264 3077 1298 3104 ug
1326 3090 1336 3105 φ

1285 3105 1331 3136 Ac
1349 3106 1455 3136 dilecto
1475 3107 1507 3137 ὅ(
1524 3106 1596 3137 fideii
1612 3105 1780 3136 Consiliario
1799 3106 1899 3137 nostro
1919 3108 2031 3138 Roberto
2048 3111 2166 3141 Nanton
2178 3135 2187 3150 ,
2207 3112 2312 3151 Milite,

1251 3154 1310 3176 uno
1329 3144 1534 3175 Primatiorum
1553 3146 1772 3175 Secretariorum
1792 3145 1974 3185 nostrorum,

1287 3182 1464 3221 Diledtisque
1482 3185 1515 3214 ὅ(
1533 3183 1659 3214 fidelibus
1678 3183 1794 3220 nostris,

1287 3223 1404 3250 Henrico
1419 3222 1515 3259 Riche,
1538 3222 1633 3252 Milite
1652 3221 1810 3259 Capitaneo
1828 3222 1933 3253 Gardae
1953 3224 2073 3264 nostrae,

1286 3258 1304 3278 ²*
1323 3259 1460 3297 Johanne
1489 3259 1608 3298 Villers,
1634 3260 1729 3290 Milite
1756 3270 1815 3290 uno
1840 3260 2055 3294 Generosorum
2083 3259 2453 3335 Cubiculiprae.:‘9XV11.‘

1248 3297 1400 3328 charissimi
1419 3299 1477 3328 Filii
1497 3300 1603 3337 nostri,
1620 3298 1711 3328 Caroli
1730 3302 1862 3336 Principis
1871 3301 2015 3340 praedidli,

1284 3335 1322 3367 Et
1338 3337 1432 3367 multis
1449 3336 1515 3367 aliis.

1285 3411 1375 3443 Teste
1393 3413 1476 3454 Rege
1495 3414 1568 3453 apud
1586 3413 1731 3454 Wansted,
1750 3413 1908 3445 undecimo
1926 3415 1972 3445 die
1986 3414 2063 3453 Julii'.

1935 3494 1987 3521 Per
2000 3491 2082 3530 tyrsum
2093 3496 2197 3530 Regem.

306 3565 2277 3586 Ἣ

1247 3625 1458 3661 Commission
1488 3625 1682 3671 particuliere
1706 3625 1858 3659 donne‘ea
1880 3624 2023 3658 Thomna<
2044 3626 2131 3662 Lord
2150 3631 2305 3679 Kn)·vet,'

1443 3685 1525 3720 pour
1544 3674 1642 3708 baitre
1663 3675 1834 3719 Monnoye
1853 3671 1926 3707 dans
1944 3673 1970 3707 la
1994 3676 2097 3712 Tour.

1284 3771 1303 3792 A
1314 3769 1366 3799 Qu
1378 3769 1396 3791 Ε
1407 3769 1419 3790 s
1437 3768 1487 3798 par
1506 3758 1535 3788 la
1547 3769 1625 3796 grace
1636 3759 1668 3788 de
1684 3762 1769 3797 Dieu,
1788 3758 1848 3790 &c.

1312 3804 1345 3829 A
1359 3806 1434 3829 notre
1440 3797 1523 3837 fidele
1542 3796 1579 3831 «ᾖν
1602 3798 1750 3827 bien-aime'
1768 3798 1899 3827 Thomas
1915 3797 1993 3828 Lord
2010 3798 2145 3840 Knyvet,
2164 3802 2202 3837 (ᾗ,
2219 3803 2237 3833 ἃ
2251 3809 2301 3835 ηιμ·

1245 3845 1289 3866 tre
1304 3837 1388 3878 fidele
1409 3836 1446 3871 &
1464 3837 1611 3865 bien-aime
1625 3835 1759 3866 Edmund
1785 3836 1938 3876 Dooblday
1962 3839 2080 3878 Ecuyer,
2101 3842 2251 3871 lutondans
2267 3845 2300 3874 de

1246 3884 1324 3905 notre
1338 3879 1487 3913 Minnoye,
1505 3873 1542 3908 &
1559 3873 1576 3903 ιὶ
1594 3873 1721 3904 Richard
1740 3874 1850 3910 Rogers
1866 3875 2036 3905 conuallem·
2051 3901 2060 3914 ‚
2086 3878 2208 3909 Cautier
2227 3882 2302 3913 wil-

1247 3914 1327 3945 liams
1341 3915 1374 3946 &
1392 3913 1488 3943 Andre
1508 3912 1618 3941 Palmer
1633 3935 1641 3948 ,
1668 3912 1810 3951 Effzyeurs
1834 3913 1865 3941 de
1884 3922 1962 3942 notre
1984 3918 2132 3954 Mvnnoye,
2150 3918 2187 3952 &a
2205 3918 2222 3947 ὰ
2244 3920 2301 3950 Λη-

1248 3953 1347 3983 thoine
1364 3952 1480 3990 Knyvet
1503 3954 1642 3980 Receveur
1661 3952 1692 3980 de
1711 3959 1789 3981 notre
1806 3955 1939 3988 Argent,
1956 3952 1993 3987 όν
2012 3953 2078 3984 Paul
2094 3955 2240 3987 Swal'owe
2255 3962 2305 3988 In-

1248 3991 1368 4021 tendant
1382 3990 1414 4019 de
1423 3989 1452 4019 la
1460 3988 1545 4029 fonte
1560 3989 1593 4018 de
1606 3997 1683 4019 notre
1699 3992 1803 4018 Momm
1800 4001 1834 4030 ye
1838 4012 1848 4037 ἶ
1862 3988 1899 4024 ὠ
1918 3989 1935 4020 ἃ
1949 3998 2009 4020 tous
2022 4001 2114 4023 autres
2129 4006 2174 4024 7105
2185 3994 2305 4032 (iay-''Ikiers

1247 4029 1286 4065 ὠ
1303 4028 1442 4068 Ministres
1459 4029 1490 4057 de
1503 4034 1581 4057 notre
1595 4028 1652 4057 dite
1670 4030 1805 4065 Monnoye
1820 4038 1856 4062 (φ
1874 4027 1891 4057 ἃ
1908 4028 2007 4059 chacun
2020 4032 2047 4059 cs
2048 4042 2117 4070 eux,
2132 4034 2218 4062 Salat.

1280 4068 1424 4100 D’autant
1437 4077 1486 4106 que
1496 4075 1551 4105 par
1564 4065 1590 4097 le
1604 4065 1679 4097 ddces
1692 4066 1726 4097 du
1743 4065 1891 4099 chevalier
1913 4067 2043 4100 Richard
2067 4070 2175 4103 Mittin
2196 4076 2301 4099 sternier

1727 4103 1750 4136 B
1764 4108 1784 4145 ‘3
2191 4109 2299 4140 Mam:
